<DATE>;<TIME>;<LAST>;<VOL>;<ID>;<OPER>
20241029;100127;693.3;2;2038472580549050840;B
20241029;100139;693.9;1;2038472580549050841;B
20241029;100139;694;3;2038472580549050842;B
20241029;100158;694;2;2038472580549050843;B
20241029;100219;694;13;2038472580549050844;B
20241029;100233;692.3;12;2038472580549050845;S
20241029;100233;692.3;2;2038472580549050846;S
20241029;100344;694;1;2038472580549050847;B
20241029;100514;694;3;2038472580549050848;B
20241029;100616;694;5;2038472580549050849;B
20241029;100745;694;10;2038472580549050850;B
20241029;100903;694;2;2038472580549050851;B
20241029;100907;694;2;2038472580549050852;B
20241029;100907;694;2;2038472580549050853;B
20241029;100907;694;4;2038472580549050854;B
20241029;100907;694;1;2038472580549050855;B
20241029;100907;694;7;2038472580549050856;B
20241029;100931;694.4;1;2038472580549050857;B
20241029;100941;694.5;1;2038472580549050858;B
20241029;100945;694.1;3;2038472580549050859;S
20241029;100945;694.1;1;2038472580549050860;S
20241029;100945;694;4;2038472580549050861;S
20241029;101037;694;4;2038472580549050862;S
20241029;101551;694.5;1;2038472580549050863;B
20241029;101640;694.5;2;2038472580549050864;B
20241029;101640;694.5;8;2038472580549050865;B
20241029;101641;694.5;26;2038472580549050866;B
20241029;101705;694.9;1;2038472580549050867;B
20241029;101749;694.9;3;2038472580549050868;B
20241029;101749;695;4;2038472580549050869;B
20241029;101749;695;3;2038472580549050870;B
20241029;101749;695;3;2038472580549050871;B
20241029;101749;695;6;2038472580549050872;B
20241029;101749;695;1;2038472580549050873;B
20241029;101750;695;1;2038472580549050874;B
20241029;101839;695;1;2038472580549050875;B
20241029;101839;695.2;19;2038472580549050876;B
20241029;101855;695.1;9;2038472580549050877;B
20241029;101855;695.5;1;2038472580549050878;B
20241029;101855;695.6;2;2038472580549050879;B
20241029;101855;695.6;5;2038472580549050880;B
20241029;101856;695.6;22;2038472580549050881;B
20241029;101856;696;3;2038472580549050882;B
20241029;101856;696;4;2038472580549050883;B
20241029;101856;696;1;2038472580549050884;B
20241029;101903;696;5;2038472580549050885;B
20241029;101914;696;1;2038472580549050886;B
20241029;101937;696;10;2038472580549050887;B
20241029;102009;695.6;8;2038472580549050888;S
20241029;102009;695.4;1;2038472580549050889;S
20241029;102009;694.8;1;2038472580549050890;S
20241029;102009;694;20;2038472580549050891;S
20241029;102040;695.1;10;2038472580549050892;B
20241029;102050;695;2;2038472580549050893;B
20241029;102050;695.1;2;2038472580549050894;B
20241029;102052;695.9;1;2038472580549050895;B
20241029;102052;695.9;1;2038472580549050896;B
20241029;102052;696;3;2038472580549050897;B
20241029;102116;695.2;1;2038472580549050898;S
20241029;102136;695.9;1;2038472580549050899;B
20241029;102136;696;9;2038472580549050900;B
20241029;102312;696;1;2038472580549050901;B
20241029;102312;696.3;8;2038472580549050902;B
20241029;102332;696.2;2;2038472580549050903;B
20241029;102332;696.3;8;2038472580549050904;B
20241029;102347;696.3;25;2038472580549050905;B
20241029;102400;696.8;2;2038472580549050906;B
20241029;102400;696.9;23;2038472580549050907;B
20241029;102400;696.9;1;2038472580549050908;B
20241029;102433;696;1;2038472580549050909;S
20241029;102434;697;2;2038472580549050910;B
20241029;102434;697;4;2038472580549050911;B
20241029;102434;697.4;19;2038472580549050912;B
20241029;102435;697;1;2038472580549050913;B
20241029;102513;697.4;5;2038472580549050914;S
20241029;102513;697.3;5;2038472580549050915;S
20241029;102520;697.3;15;2038472580549050916;B
20241029;102537;697.3;15;2038472580549050917;B
20241029;102756;697.8;1;2038472580549050918;B
20241029;102757;697.6;1;2038472580549050919;B
20241029;102809;697.7;5;2038472580549050920;S
20241029;102809;697.6;4;2038472580549050921;S
20241029;102839;697.4;6;2038472580549050922;B
20241029;103051;697.3;1;2038472580549050923;B
20241029;103143;697.3;1;2038472580549050924;B
20241029;103146;697.3;2;2038472580549050925;B
20241029;103146;697.4;1;2038472580549050926;B
20241029;103202;697.3;1;2038472580549050927;S
20241029;103202;697.1;4;2038472580549050928;S
20241029;103215;697.1;1;2038472580549050929;B
20241029;103239;697;5;2038472580549050930;S
20241029;103340;696.1;1;2038472580549050932;S
20241029;103340;696;1;2038472580549050937;S
20241029;103426;696.8;1;2038472580549050941;B
20241029;103426;696.8;1;2038472580549050942;B
20241029;103426;696.9;4;2038472580549050943;B
20241029;103426;697;1;2038472580549050944;B
20241029;103426;697;1;2038472580549050945;B
20241029;103426;697;4;2038472580549050946;B
20241029;103441;696.9;4;2038472580549050947;B
20241029;103441;697;6;2038472580549050948;B
20241029;103524;697;1;2038472580549050949;B
20241029;103529;697;1;2038472580549050950;B
20241029;103532;697;1;2038472580549050951;B
20241029;103536;697;1;2038472580549050952;B
20241029;103647;696;1;2038472580549050953;S
20241029;103647;696;1;2038472580549050954;S
20241029;103647;695.9;8;2038472580549050955;S
20241029;103708;695.2;1;2038472580549050956;S
20241029;103708;695.2;1;2038472580549050957;S
20241029;103711;695.2;2;2038472580549050958;B
20241029;103725;695.2;9;2038472580549050959;B
20241029;103834;695;5;2038472580549050960;S
20241029;103834;695;5;2038472580549050961;S
20241029;103834;694.3;6;2038472580549050962;S
20241029;103834;694.1;4;2038472580549050963;S
20241029;103834;694;10;2038472580549050964;S
20241029;103834;694;6;2038472580549050965;S
20241029;103834;694;1;2038472580549050966;S
20241029;103847;693.1;5;2038472580549050967;S
20241029;103847;693;8;2038472580549050968;S
20241029;103946;693.1;4;2038472580549050969;S
20241029;104000;693.8;1;2038472580549050970;B
20241029;104031;694;5;2038472580549050971;B
20241029;104127;696.4;6;2038472580549050972;B
20241029;104127;696.4;1;2038472580549050973;B
20241029;104127;696.4;3;2038472580549050974;B
20241029;104211;697;2;2038472580549050975;B
20241029;104311;695.1;1;2038472580549050976;S
20241029;104329;695.5;1;2038472580549050977;S
20241029;104410;695.3;2;2038472580549050978;S
20241029;104410;695.2;1;2038472580549050979;S
20241029;104410;695.1;3;2038472580549050980;S
20241029;104712;695.8;2;2038472580549050984;B
20241029;104712;695.8;1;2038472580549050985;B
20241029;104756;696.7;1;2038472580549050986;B
20241029;104756;696.7;1;2038472580549050987;B
20241029;104834;696;1;2038472580549050990;S
20241029;104834;695.9;1;2038472580549050995;S
20241029;105214;696.5;1;2038472580549050999;B
20241029;105214;696.5;1;2038472580549051000;B
20241029;105214;696.7;3;2038472580549051001;B
20241029;105221;696.6;1;2038472580549051002;B
20241029;105254;696.1;1;2038472580549051003;S
20241029;105623;696.1;1;2038472580549051004;B
20241029;105702;696.1;5;2038472580549051005;B
20241029;105747;696;1;2038472580549051006;S
20241029;105845;696;1;2038472580549051007;S
20241029;110022;696;6;2038472580549051009;B
20241029;110042;696;3;2038472580549051010;B
20241029;110226;696.1;2;2038472580549051011;S
20241029;110412;696;3;2038472580549051012;S
20241029;110516;696;5;2038472580549051013;S
20241029;110516;696;1;2038472580549051014;S
20241029;110516;695.8;1;2038472580549051015;S
20241029;110516;695.1;1;2038472580549051016;S
20241029;110516;695.1;2;2038472580549051017;S
20241029;110558;694.5;1;2038472580549051018;B
20241029;110835;694;1;2038472580549051019;S
20241029;110838;694;2;2038472580549051020;S
20241029;110842;694;3;2038472580549051021;S
20241029;110917;693.8;5;2038472580549051022;S
20241029;110917;693.5;1;2038472580549051023;S
20241029;110917;693;4;2038472580549051024;S
20241029;110919;693;2;2038472580549051025;S
20241029;110919;693;1;2038472580549051026;S
20241029;110919;692.5;2;2038472580549051027;S
20241029;110919;692.5;1;2038472580549051028;S
20241029;110919;692.4;4;2038472580549051029;S
20241029;110919;692.3;1;2038472580549051030;S
20241029;110948;692.3;7;2038472580549051031;S
20241029;110948;692.3;2;2038472580549051032;S
20241029;110958;692.3;1;2038472580549051033;S
20241029;110958;692;9;2038472580549051034;S
20241029;110959;692;3;2038472580549051035;S
20241029;110959;692;5;2038472580549051036;S
20241029;110959;692;2;2038472580549051037;S
20241029;111011;692.5;1;2038472580549051038;B
20241029;111116;692;1;2038472580549051039;S
20241029;111116;692;1;2038472580549051040;S
20241029;111202;692;1;2038472580549051041;B
20241029;111442;692.1;1;2038472580549051042;S
20241029;111518;692.1;1;2038472580549051043;S
20241029;111950;692.4;1;2038472580549051044;B
20241029;112143;692.4;1;2038472580549051045;B
20241029;112143;692.5;1;2038472580549051046;B
20241029;112143;692.7;4;2038472580549051047;B
20241029;112143;692.9;1;2038472580549051048;B
20241029;112143;693.5;6;2038472580549051049;B
20241029;112143;693.8;6;2038472580549051050;B
20241029;112143;694.3;3;2038472580549051051;B
20241029;112143;694.6;3;2038472580549051052;B
20241029;112143;696;6;2038472580549051053;B
20241029;112143;696;3;2038472580549051054;B
20241029;112143;696.3;3;2038472580549051055;B
20241029;112143;696.9;4;2038472580549051056;B
20241029;112143;697.1;4;2038472580549051057;B
20241029;112143;697.6;1;2038472580549051058;B
20241029;112143;697.6;4;2038472580549051059;B
20241029;112215;693.1;6;2038472580549051060;S
20241029;112215;693.1;6;2038472580549051061;S
20241029;112215;693.1;1;2038472580549051062;S
20241029;112215;693.1;1;2038472580549051063;S
20241029;112215;693.1;6;2038472580549051064;S
20241029;112215;693.1;12;2038472580549051065;S
20241029;112215;693;2;2038472580549051066;S
20241029;112215;692.8;5;2038472580549051067;S
20241029;112215;692.6;1;2038472580549051068;S
20241029;112437;693;5;2038472580549051069;B
20241029;112437;693;1;2038472580549051070;B
20241029;112437;693.2;6;2038472580549051071;B
20241029;112437;693.2;12;2038472580549051072;B
20241029;112439;693.7;1;2038472580549051073;B
20241029;112439;693.8;2;2038472580549051074;B
20241029;112439;694;1;2038472580549051075;B
20241029;112439;694.3;12;2038472580549051076;B
20241029;112439;694.8;12;2038472580549051077;B
20241029;112439;695.3;3;2038472580549051078;B
20241029;112439;695.6;1;2038472580549051079;B
20241029;112439;697;10;2038472580549051080;B
20241029;112439;697.4;8;2038472580549051081;B
20241029;112610;697.2;6;2038472580549051082;B
20241029;112705;696.5;1;2038472580549051083;S
20241029;112714;697;2;2038472580549051084;B
20241029;112906;696.3;6;2038472580549051085;S
20241029;113034;696.4;1;2038472580549051086;B
20241029;113034;696.5;3;2038472580549051087;B
20241029;113342;696.8;3;2038472580549051088;B
20241029;113342;696.9;1;2038472580549051089;B
20241029;113342;696.9;3;2038472580549051090;B
20241029;113342;697;3;2038472580549051091;B
20241029;113416;696.8;2;2038472580549051092;B
20241029;113514;696;1;2038472580549051093;S
20241029;113514;695.9;5;2038472580549051094;S
20241029;113514;695.9;1;2038472580549051095;S
20241029;113514;695.9;3;2038472580549051096;S
20241029;113627;695.8;1;2038472580549051097;S
20241029;113627;696.5;1;2038472580549051098;B
20241029;113627;696.6;4;2038472580549051099;B
20241029;113816;695.8;2;2038472580549051100;S
20241029;113816;695.8;1;2038472580549051101;S
20241029;113816;695.7;7;2038472580549051102;S
20241029;114205;695.2;1;2038472580549051103;S
20241029;114320;695.3;9;2038472580549051104;S
20241029;114320;695.2;5;2038472580549051105;S
20241029;114320;695.2;1;2038472580549051106;S
20241029;114514;694.5;1;2038472580549051107;S
20241029;114528;694.9;3;2038472580549051108;S
20241029;114604;694.3;1;2038472580549051109;S
20241029;114617;694.3;3;2038472580549051110;S
20241029;114635;694;2;2038472580549051111;S
20241029;114635;693.7;2;2038472580549051112;S
20241029;114722;692.8;1;2038472580549051113;S
20241029;114724;692.8;2;2038472580549051114;S
20241029;114724;692.8;1;2038472580549051115;S
20241029;114724;692.7;12;2038472580549051116;S
20241029;114724;692.6;1;2038472580549051117;S
20241029;114724;692.6;4;2038472580549051118;S
20241029;114735;692.6;2;2038472580549051119;S
20241029;114856;692.6;1;2038472580549051120;S
20241029;114856;692.6;1;2038472580549051121;S
20241029;114856;692.5;6;2038472580549051122;S
20241029;114856;692.3;1;2038472580549051123;S
20241029;114856;692;1;2038472580549051124;S
20241029;114856;692;1;2038472580549051125;S
20241029;114856;692;5;2038472580549051126;S
20241029;115110;692.3;1;2038472580549051127;S
20241029;115153;694;1;2038472580549051128;B
20241029;115153;694;1;2038472580549051129;B
20241029;115153;694;12;2038472580549051130;B
20241029;115153;694.1;6;2038472580549051131;B
20241029;115153;694.6;6;2038472580549051132;B
20241029;115153;694.9;12;2038472580549051133;B
20241029;115153;695.5;4;2038472580549051134;B
20241029;115153;696.4;4;2038472580549051135;B
20241029;115153;696.5;3;2038472580549051136;B
20241029;115153;697;1;2038472580549051137;B
20241029;115435;693.1;5;2038472580549051138;S
20241029;115528;695.5;1;2038472580549051139;B
20241029;115609;696.5;5;2038472580549051140;B
20241029;115609;696.8;5;2038472580549051141;B
20241029;115849;696.8;3;2038472580549051143;B
20241029;115935;696.1;1;2038472580549051144;S
20241029;120234;696.9;1;2038472580549051145;B
20241029;120539;696.1;6;2038472580549051146;S
20241029;120539;696.1;5;2038472580549051147;S
20241029;120655;696;3;2038472580549051148;S
20241029;120655;696;1;2038472580549051149;S
20241029;120655;695.5;5;2038472580549051150;S
20241029;121014;695;10;2038472580549051151;S
20241029;121044;695.9;1;2038472580549051152;B
20241029;121822;695.9;1;2038472580549051154;B
20241029;121822;695.9;1;2038472580549051155;B
20241029;122334;695.1;1;2038472580549051158;S
20241029;122334;695;2;2038472580549051159;S
20241029;122334;695;2;2038472580549051160;S
20241029;122408;695.8;1;2038472580549051161;B
20241029;122608;695.8;1;2038472580549051162;B
20241029;122608;695.9;1;2038472580549051163;B
20241029;122930;695.4;1;2038472580549051164;S
20241029;122945;695.2;1;2038472580549051165;S
20241029;122945;695.1;1;2038472580549051166;S
20241029;122945;695;10;2038472580549051167;S
20241029;122945;694.9;2;2038472580549051168;S
20241029;122945;694.4;12;2038472580549051169;S
20241029;122945;694.1;12;2038472580549051170;S
20241029;122945;694.1;1;2038472580549051171;S
20241029;122951;694.1;1;2038472580549051176;S
20241029;123146;694.6;1;2038472580549051177;B
20241029;123146;694.6;1;2038472580549051178;B
20241029;123146;694.6;1;2038472580549051179;B
20241029;123146;694.8;4;2038472580549051180;B
20241029;123240;695;1;2038472580549051181;S
20241029;123931;695;1;2038472580549051183;S
20241029;123931;695;1;2038472580549051184;S
20241029;124013;694.1;1;2038472580549051185;S
20241029;124013;694;1;2038472580549051186;S
20241029;124013;694;1;2038472580549051187;S
20241029;124013;694;1;2038472580549051192;S
20241029;124105;694;4;2038472580549051197;B
20241029;124105;694.1;12;2038472580549051198;B
20241029;124105;694.1;8;2038472580549051199;B
20241029;124411;693.9;1;2038472580549051200;S
20241029;124516;693.5;7;2038472580549051205;B
20241029;124516;694.1;1;2038472580549051206;B
20241029;124602;693.1;1;2038472580549051207;S
20241029;124616;693;1;2038472580549051208;S
20241029;124616;692.6;5;2038472580549051209;S
20241029;124616;692.6;1;2038472580549051210;S
20241029;124616;692.4;3;2038472580549051211;S
20241029;124758;694.3;1;2038472580549051212;B
20241029;124758;694.3;1;2038472580549051213;B
20241029;124758;694.4;198;2038472580549051214;B
20241029;124920;694;4;2038472580549051215;B
20241029;125013;694.1;1;2038472580549051216;S
20241029;125052;693.7;1;2038472580549051217;S
20241029;125154;695.3;1;2038472580549051218;B
20241029;125154;695.3;1;2038472580549051219;B
20241029;125154;695.4;8;2038472580549051220;B
20241029;125154;695.4;8;2038472580549051221;B
20241029;125156;696;2;2038472580549051222;B
20241029;125156;696.1;3;2038472580549051223;B
20241029;125156;696.3;5;2038472580549051224;B
20241029;125233;696.3;5;2038472580549051225;B
20241029;125233;696.4;10;2038472580549051226;B
20241029;125233;696.6;12;2038472580549051227;B
20241029;125233;696.8;15;2038472580549051228;B
20241029;125233;696.9;32;2038472580549051229;B
20241029;125233;697;100;2038472580549051230;B
20241029;125233;697;17;2038472580549051231;B
20241029;125233;697;3;2038472580549051232;B
20241029;125233;697.4;1;2038472580549051233;B
20241029;125233;697.4;1;2038472580549051234;B
20241029;125233;697.4;1;2038472580549051235;B
20241029;125233;697.4;1;2038472580549051236;B
20241029;125233;697.5;90;2038472580549051237;B
20241029;125234;697.8;8;2038472580549051238;B
20241029;125234;697.8;5;2038472580549051239;B
20241029;125306;698;5;2038472580549051240;B
20241029;125306;698;2;2038472580549051241;B
20241029;125306;698;1;2038472580549051242;B
20241029;125320;698;1;2038472580549051243;B
20241029;125332;698.1;1;2038472580549051244;B
20241029;125343;697.9;1;2038472580549051245;S
20241029;125518;698.1;1;2038472580549051246;B
20241029;125545;698.1;7;2038472580549051247;B
20241029;125545;698.2;1;2038472580549051248;B
20241029;125558;698.4;1;2038472580549051249;B
20241029;125558;698.4;4;2038472580549051250;B
20241029;125558;698.6;1;2038472580549051251;S
20241029;125612;698.8;10;2038472580549051252;B
20241029;125618;699;1;2038472580549051253;B
20241029;125628;698.9;1;2038472580549051254;S
20241029;125636;699;1;2038472580549051255;B
20241029;125651;699;19;2038472580549051256;B
20241029;125651;699;50;2038472580549051257;B
20241029;125651;699;1;2038472580549051258;B
20241029;125651;699;1;2038472580549051259;B
20241029;125651;699.5;3;2038472580549051260;B
20241029;125651;699.6;1;2038472580549051261;B
20241029;125651;699.9;3;2038472580549051262;B
20241029;125651;699.9;15;2038472580549051263;B
20241029;125651;699.9;1;2038472580549051264;B
20241029;125651;700;5;2038472580549051269;B
20241029;125651;700;1;2038472580549051270;B
20241029;125651;700;4;2038472580549051271;B
20241029;125651;700;1;2038472580549051272;B
20241029;125651;700;1;2038472580549051273;B
20241029;125651;700;2;2038472580549051274;B
20241029;125651;700;14;2038472580549051275;B
20241029;125651;700;1;2038472580549051276;B
20241029;125651;700;1;2038472580549051281;B
20241029;125651;700.1;6;2038472580549051286;S
20241029;125652;700.4;1;2038472580549051287;S
20241029;125652;700.4;4;2038472580549051288;S
20241029;125652;700.4;1;2038472580549051289;S
20241029;125652;700.4;1;2038472580549051290;S
20241029;125652;700.4;6;2038472580549051291;S
20241029;125707;700.4;4;2038472580549051292;B
20241029;125707;700.5;1;2038472580549051293;B
20241029;125722;700.5;1;2038472580549051298;B
20241029;125738;700.4;1;2038472580549051303;S
20241029;125743;700.5;4;2038472580549051304;B
20241029;125743;700.5;1;2038472580549051305;B
20241029;125803;700.4;7;2038472580549051306;B
20241029;125803;700.5;1;2038472580549051307;B
20241029;125803;700.5;1;2038472580549051308;B
20241029;125803;700.9;6;2038472580549051309;B
20241029;125803;701;5;2038472580549051310;B
20241029;125804;701;1;2038472580549051311;B
20241029;125804;700.3;5;2038472580549051312;S
20241029;125804;701;20;2038472580549051313;B
20241029;125837;701;174;2038472580549051314;B
20241029;125837;701;15;2038472580549051315;B
20241029;125837;701;5;2038472580549051316;B
20241029;125837;701;30;2038472580549051317;B
20241029;125837;701;10;2038472580549051318;B
20241029;125837;701;1;2038472580549051319;B
20241029;125837;701;1;2038472580549051320;B
20241029;125837;701;4;2038472580549051321;B
20241029;125837;701;5;2038472580549051322;B
20241029;125840;701.9;1;2038472580549051323;B
20241029;125840;702;2;2038472580549051324;B
20241029;125840;702;14;2038472580549051325;B
20241029;125840;702.2;5;2038472580549051326;B
20241029;125840;702.5;15;2038472580549051327;B
20241029;125840;702.5;1;2038472580549051328;B
20241029;125840;703;5;2038472580549051329;B
20241029;125840;703;3;2038472580549051330;B
20241029;125840;703;2;2038472580549051331;B
20241029;125840;703;8;2038472580549051332;B
20241029;125840;704;1;2038472580549051333;B
20241029;125840;704;1;2038472580549051334;B
20241029;125840;704;3;2038472580549051335;B
20241029;125840;701;6;2038472580549051336;S
20241029;125840;701;2;2038472580549051337;S
20241029;125841;701;1;2038472580549051338;S
20241029;125842;701.8;2;2038472580549051339;B
20241029;125842;701.8;1;2038472580549051340;B
20241029;125842;702;8;2038472580549051341;B
20241029;125842;702.1;23;2038472580549051342;B
20241029;125842;702.2;1;2038472580549051343;B
20241029;125842;702.4;1;2038472580549051344;B
20241029;125842;703;2;2038472580549051345;B
20241029;125842;703;1;2038472580549051346;B
20241029;125842;703.4;12;2038472580549051347;B
20241029;125842;703.9;8;2038472580549051348;B
20241029;125842;704;2;2038472580549051349;B
20241029;125846;704;3;2038472580549051350;B
20241029;125858;703.8;32;2038472580549051351;B
20241029;125858;703.9;20;2038472580549051352;B
20241029;125858;704;5;2038472580549051353;B
20241029;125858;704.6;32;2038472580549051354;B
20241029;125858;704.7;15;2038472580549051355;B
20241029;125908;704.7;32;2038472580549051356;B
20241029;125911;705;5;2038472580549051357;B
20241029;125911;705;3;2038472580549051358;B
20241029;125911;705;2;2038472580549051359;B
20241029;125911;705.1;1;2038472580549051360;B
20241029;125911;705.1;142;2038472580549051365;B
20241029;125911;703.8;1;2038472580549051366;S
20241029;125912;703.8;11;2038472580549051367;S
20241029;125917;705;1;2038472580549051369;B
20241029;125917;705;1;2038472580549051370;B
20241029;125917;705;3;2038472580549051371;B
20241029;125917;705;10;2038472580549051372;B
20241029;125917;705.1;35;2038472580549051373;B
20241029;125918;705.1;1;2038472580549051374;B
20241029;125918;705.1;116;2038472580549051375;B
20241029;125922;703.8;1;2038472580549051376;S
20241029;125922;703.8;1;2038472580549051377;S
20241029;125922;703.7;2;2038472580549051378;S
20241029;125922;703.7;7;2038472580549051379;S
20241029;125922;703.7;1;2038472580549051380;S
20241029;125922;703.4;2;2038472580549051381;S
20241029;125925;702.1;1;2038472580549051382;S
20241029;125928;703.6;1;2038472580549051383;B
20241029;125928;703.7;10;2038472580549051384;B
20241029;125928;703.9;2;2038472580549051385;B
20241029;125928;704.4;1;2038472580549051386;B
20241029;125928;704.6;12;2038472580549051387;B
20241029;125928;705;5;2038472580549051388;B
20241029;125928;705;30;2038472580549051389;B
20241029;125928;705.6;96;2038472580549051390;B
20241029;125930;702.6;1;2038472580549051391;S
20241029;125938;705.4;2;2038472580549051392;B
20241029;125948;702.4;1;2038472580549051393;S
20241029;125948;702.4;1;2038472580549051394;S
20241029;125952;703.1;4;2038472580549051395;S
20241029;125952;703.1;6;2038472580549051396;S
20241029;130018;705.3;1;2038472580549051397;B
20241029;130022;703.3;1;2038472580549051398;S
20241029;130022;703.3;1;2038472580549051399;S
20241029;130031;703.3;4;2038472580549051400;S
20241029;130031;703.2;4;2038472580549051401;S
20241029;130031;703;1;2038472580549051402;S
20241029;130031;703;41;2038472580549051403;S
20241029;130048;703.3;1;2038472580549051404;S
20241029;130121;701.7;1;2038472580549051405;S
20241029;130121;701.7;1;2038472580549051406;S
20241029;130130;701.6;1;2038472580549051407;S
20241029;130146;701.6;1;2038472580549051408;S
20241029;130149;701.5;1;2038472580549051409;S
20241029;130201;700.7;1;2038472580549051410;S
20241029;130214;701;1;2038472580549051411;S
20241029;130216;701;1;2038472580549051412;S
20241029;130218;701;5;2038472580549051413;S
20241029;130218;700.7;8;2038472580549051414;S
20241029;130218;700.6;7;2038472580549051415;S
20241029;130219;700.6;1;2038472580549051416;S
20241029;130223;700.7;7;2038472580549051417;S
20241029;130223;700.6;13;2038472580549051418;S
20241029;130224;700.6;1;2038472580549051419;S
20241029;130227;701;1;2038472580549051420;S
20241029;130231;701.3;1;2038472580549051421;B
20241029;130231;701.4;1;2038472580549051422;B
20241029;130236;701.4;1;2038472580549051423;S
20241029;130239;701.4;2;2038472580549051424;S
20241029;130302;702.4;1;2038472580549051425;B
20241029;130323;702;1;2038472580549051426;S
20241029;130323;702;1;2038472580549051427;S
20241029;130323;702;1;2038472580549051428;S
20241029;130323;701.9;7;2038472580549051429;S
20241029;130325;701.9;20;2038472580549051430;S
20241029;130346;702.9;1;2038472580549051431;B
20241029;130346;703;1;2038472580549051432;B
20241029;130346;703.2;1;2038472580549051433;B
20241029;130346;703.2;1;2038472580549051434;B
20241029;130346;703.3;1;2038472580549051435;B
20241029;130346;703.3;4;2038472580549051436;B
20241029;130346;703.5;1;2038472580549051437;B
20241029;130346;703.6;4;2038472580549051438;B
20241029;130415;702.6;4;2038472580549051439;S
20241029;130415;702.6;2;2038472580549051440;S
20241029;130441;702.9;1;2038472580549051441;S
20241029;130441;702.9;1;2038472580549051442;S
20241029;130453;702.9;1;2038472580549051443;S
20241029;130453;702.9;1;2038472580549051444;S
20241029;130453;702.9;1;2038472580549051445;B
20241029;130530;703;1;2038472580549051446;S
20241029;130606;702.9;10;2038472580549051447;S
20241029;130610;702.9;2;2038472580549051448;S
20241029;130621;702.9;1;2038472580549051449;S
20241029;130649;702.9;1;2038472580549051450;S
20241029;130649;702.9;1;2038472580549051451;S
20241029;130654;702.9;1;2038472580549051452;S
20241029;130701;703;1;2038472580549051453;B
20241029;130708;703;1;2038472580549051454;B
20241029;130719;703;98;2038472580549051455;B
20241029;130719;703;1;2038472580549051456;B
20241029;130719;703;1;2038472580549051457;B
20241029;130719;703;1;2038472580549051458;B
20241029;130719;703;1;2038472580549051459;B
20241029;130737;703.3;1;2038472580549051460;S
20241029;130737;703.2;9;2038472580549051461;S
20241029;130912;703.8;1;2038472580549051462;B
20241029;130912;703.8;1;2038472580549051463;B
20241029;130918;703.8;1;2038472580549051464;B
20241029;130928;703.4;1;2038472580549051465;S
20241029;130928;703.3;1;2038472580549051466;S
20241029;130928;703.7;1;2038472580549051467;B
20241029;130942;703.8;99;2038472580549051468;B
20241029;130942;703.9;1;2038472580549051469;B
20241029;131036;703.3;1;2038472580549051470;S
20241029;131036;703.2;1;2038472580549051471;S
20241029;131036;702.9;4;2038472580549051472;S
20241029;131036;702.9;1;2038472580549051473;S
20241029;131037;702.2;1;2038472580549051474;S
20241029;131038;701.7;1;2038472580549051475;S
20241029;131038;701.7;1;2038472580549051476;S
20241029;131039;701.4;5;2038472580549051477;S
20241029;131039;701.4;1;2038472580549051478;S
20241029;131039;701.3;3;2038472580549051479;S
20241029;131039;701.3;3;2038472580549051480;S
20241029;131039;701.3;2;2038472580549051481;S
20241029;131039;700.6;1;2038472580549051482;S
20241029;131041;701.3;3;2038472580549051483;S
20241029;131121;700.6;1;2038472580549051484;S
20241029;131131;700.8;7;2038472580549051485;B
20241029;131131;700.8;100;2038472580549051486;B
20241029;131131;700.8;1;2038472580549051487;B
20241029;131131;700.9;1;2038472580549051488;B
20241029;131131;700.9;1;2038472580549051489;B
20241029;131131;700.9;1;2038472580549051490;B
20241029;131131;700.9;1;2038472580549051491;B
20241029;131131;700.9;1;2038472580549051492;B
20241029;131131;700.9;100;2038472580549051493;B
20241029;131131;700.9;2;2038472580549051494;B
20241029;131131;700.9;1;2038472580549051495;B
20241029;131131;701;100;2038472580549051496;B
20241029;131131;701.2;100;2038472580549051497;B
20241029;131140;700.8;7;2038472580549051498;S
20241029;131140;700.7;1;2038472580549051499;S
20241029;131146;701.1;1;2038472580549051500;B
20241029;131147;701.2;1;2038472580549051501;B
20241029;131147;701.2;4;2038472580549051502;B
20241029;131210;701.2;96;2038472580549051503;B
20241029;131210;701.2;1;2038472580549051504;S
20241029;131356;701.2;7;2038472580549051505;B
20241029;131356;701.2;43;2038472580549051506;B
20241029;131407;700.8;1;2038472580549051507;S
20241029;131407;700.8;1;2038472580549051508;S
20241029;131407;700.8;1;2038472580549051509;S
20241029;131507;700.7;1;2038472580549051510;S
20241029;131617;700.7;1;2038472580549051511;B
20241029;131746;700.7;15;2038472580549051512;B
20241029;131758;700.6;3;2038472580549051513;S
20241029;131805;700.4;2;2038472580549051514;S
20241029;131820;700.1;1;2038472580549051515;S
20241029;131820;700;1;2038472580549051516;S
20241029;131820;700;1;2038472580549051517;S
20241029;131822;700.1;2;2038472580549051518;S
20241029;131849;700;2;2038472580549051519;S
20241029;131852;700;1;2038472580549051520;S
20241029;131902;700;41;2038472580549051521;S
20241029;131918;700.1;5;2038472580549051522;B
20241029;131952;700;15;2038472580549051523;S
20241029;131956;700;3;2038472580549051524;S
20241029;131956;700;1;2038472580549051525;S
20241029;132027;700;2;2038472580549051526;S
20241029;132027;700;3;2038472580549051527;S
20241029;132040;700;2;2038472580549051528;S
20241029;132114;698.4;1;2038472580549051529;S
20241029;132115;698.3;1;2038472580549051534;B
20241029;132115;698.3;1;2038472580549051535;B
20241029;132115;698.3;1;2038472580549051536;B
20241029;132115;698.4;7;2038472580549051537;B
20241029;132124;698.3;1;2038472580549051538;S
20241029;132141;698;1;2038472580549051539;S
20241029;132143;697.9;1;2038472580549051540;S
20241029;132149;698.1;1;2038472580549051541;B
20241029;132149;698.2;4;2038472580549051542;B
20241029;132149;698.2;1;2038472580549051543;B
20241029;132149;698.3;4;2038472580549051544;B
20241029;132149;698;1;2038472580549051545;S
20241029;132259;697.6;1;2038472580549051546;S
20241029;132315;697.7;1;2038472580549051547;B
20241029;132429;697.6;1;2038472580549051549;B
20241029;132449;697.6;3;2038472580549051550;S
20241029;132451;697.7;50;2038472580549051551;B
20241029;132454;697.6;16;2038472580549051552;S
20241029;132602;697.4;5;2038472580549051553;S
20241029;132602;697;20;2038472580549051554;S
20241029;132605;696.3;7;2038472580549051555;S
20241029;132605;696;2;2038472580549051556;S
20241029;132605;696;9;2038472580549051557;S
20241029;132605;695.8;1;2038472580549051558;S
20241029;132605;695.4;4;2038472580549051559;S
20241029;132605;695.3;1;2038472580549051560;S
20241029;132605;695.3;3;2038472580549051561;S
20241029;132605;695.2;2;2038472580549051562;S
20241029;132605;695;1;2038472580549051563;S
20241029;132605;695;1;2038472580549051564;S
20241029;132605;695;1;2038472580549051565;S
20241029;132605;694.9;18;2038472580549051566;S
20241029;132605;694.6;3;2038472580549051567;S
20241029;132605;694.6;3;2038472580549051568;S
20241029;132605;694;2;2038472580549051569;S
20241029;132605;693.7;1;2038472580549051570;S
20241029;132605;693.6;3;2038472580549051575;S
20241029;132605;693.6;1;2038472580549051576;S
20241029;132605;693.3;137;2038472580549051581;S
20241029;132605;693.5;1;2038472580549051582;B
20241029;132605;693.5;1;2038472580549051583;B
20241029;132605;693.5;1;2038472580549051584;B
20241029;132605;693.4;1;2038472580549051585;S
20241029;132605;693.3;1;2038472580549051586;S
20241029;132605;693.3;1;2038472580549051587;S
20241029;132605;693.3;1;2038472580549051588;S
20241029;132605;693.2;6;2038472580549051589;S
20241029;132606;693.2;2;2038472580549051590;S
20241029;132606;693.5;1;2038472580549051591;B
20241029;132606;693.5;1;2038472580549051592;B
20241029;132606;693.5;1;2038472580549051593;B
20241029;132606;693.5;1;2038472580549051594;B
20241029;132607;693.6;1;2038472580549051595;B
20241029;132607;693.6;2;2038472580549051596;B
20241029;132616;693.9;1;2038472580549051597;B
20241029;132627;693.9;1;2038472580549051598;B
20241029;132627;694;4;2038472580549051599;B
20241029;132635;693.6;1;2038472580549051600;S
20241029;132635;693.6;1;2038472580549051601;S
20241029;132635;693.6;1;2038472580549051602;S
20241029;132635;693.5;3;2038472580549051603;S
20241029;132635;693.1;1;2038472580549051604;S
20241029;132635;693;1;2038472580549051605;S
20241029;132635;692.9;1;2038472580549051610;S
20241029;132635;692.9;1;2038472580549051615;S
20241029;132635;692.9;1;2038472580549051620;S
20241029;132635;692.9;1;2038472580549051621;S
20241029;132635;692.8;2;2038472580549051622;S
20241029;132635;692.7;1;2038472580549051623;S
20241029;132635;692.6;2;2038472580549051624;S
20241029;132635;692.5;3;2038472580549051625;S
20241029;132635;692.4;3;2038472580549051626;S
20241029;132635;692.4;1;2038472580549051627;S
20241029;132635;692.3;6;2038472580549051628;S
20241029;132635;692.3;70;2038472580549051629;S
20241029;132635;692.9;1;2038472580549051630;B
20241029;132635;693;1;2038472580549051631;B
20241029;132635;693;11;2038472580549051632;B
20241029;132636;693;1;2038472580549051633;B
20241029;132639;693.1;1;2038472580549051634;B
20241029;132639;693.1;1;2038472580549051635;B
20241029;132639;693.1;6;2038472580549051636;B
20241029;132639;693.2;1;2038472580549051637;B
20241029;132646;693.7;1;2038472580549051638;B
20241029;132713;693.3;1;2038472580549051639;S
20241029;132713;693.3;1;2038472580549051640;S
20241029;132715;693;20;2038472580549051641;B
20241029;132716;693;6;2038472580549051642;B
20241029;132716;693;2;2038472580549051643;B
20241029;132720;692.9;1;2038472580549051644;S
20241029;132731;692.9;1;2038472580549051645;S
20241029;132731;692.9;5;2038472580549051646;S
20241029;132731;692.8;1;2038472580549051647;S
20241029;132731;692.8;20;2038472580549051648;S
20241029;132731;692.7;73;2038472580549051649;S
20241029;132746;693;13;2038472580549051650;B
20241029;132746;693;1;2038472580549051651;B
20241029;132746;693;6;2038472580549051652;B
20241029;132801;692.9;6;2038472580549051653;S
20241029;132813;692.9;1;2038472580549051654;B
20241029;132816;692.9;13;2038472580549051655;S
20241029;132816;692.8;7;2038472580549051656;S
20241029;132832;692.8;4;2038472580549051657;S
20241029;132840;692.9;1;2038472580549051658;B
20241029;132840;693;4;2038472580549051659;B
20241029;132847;692.8;9;2038472580549051660;S
20241029;132847;692.8;14;2038472580549051661;S
20241029;132900;693;90;2038472580549051662;B
20241029;132900;693.2;1;2038472580549051663;B
20241029;132900;693.2;1;2038472580549051664;B
20241029;132900;693.2;1;2038472580549051665;B
20241029;132900;693.2;1;2038472580549051666;B
20241029;132906;693.5;1;2038472580549051667;B
20241029;132914;693.9;1;2038472580549051668;B
20241029;132914;694;16;2038472580549051669;B
20241029;132938;694.4;1;2038472580549051670;B
20241029;132938;695.2;1;2038472580549051671;B
20241029;132938;695.2;1;2038472580549051672;B
20241029;132938;695.2;1;2038472580549051673;B
20241029;132938;695.3;3;2038472580549051674;B
20241029;132938;695.4;3;2038472580549051675;B
20241029;132938;695.4;3;2038472580549051676;B
20241029;132938;695.4;4;2038472580549051677;B
20241029;132939;695.6;1;2038472580549051678;S
20241029;132939;695.6;1;2038472580549051679;S
20241029;132939;695.5;1;2038472580549051680;S
20241029;132953;695.7;3;2038472580549051681;B
20241029;133013;696.5;1;2038472580549051682;B
20241029;133013;696.5;1;2038472580549051683;B
20241029;133013;696.5;1;2038472580549051684;B
20241029;133020;696.5;5;2038472580549051685;S
20241029;133027;696.6;1;2038472580549051686;B
20241029;133036;696.6;2;2038472580549051687;B
20241029;133036;696.6;1;2038472580549051688;B
20241029;133038;697.4;1;2038472580549051689;B
20241029;133041;697.4;4;2038472580549051690;B
20241029;133041;697.5;3;2038472580549051691;B
20241029;133041;697.5;3;2038472580549051692;B
20241029;133055;699.6;1;2038472580549051693;B
20241029;133101;699.5;1;2038472580549051694;B
20241029;133105;697.7;1;2038472580549051695;S
20241029;133137;699.8;1;2038472580549051696;B
20241029;133221;699.7;1;2038472580549051698;S
20241029;133222;699.9;1;2038472580549051699;B
20241029;133222;700;3;2038472580549051700;B
20241029;133222;700.1;3;2038472580549051701;B
20241029;133235;700.3;8;2038472580549051702;S
20241029;133327;700.1;1;2038472580549051703;S
20241029;133343;700;1;2038472580549051704;S
20241029;133343;700;1;2038472580549051705;S
20241029;133343;700;1;2038472580549051706;S
20241029;133343;700;1;2038472580549051707;S
20241029;133436;700.4;1;2038472580549051708;B
20241029;133436;700.6;3;2038472580549051709;B
20241029;133436;700.6;1;2038472580549051710;B
20241029;133436;701.2;4;2038472580549051711;B
20241029;133436;701.6;1;2038472580549051712;B
20241029;133451;700.1;1;2038472580549051713;S
20241029;133459;701.4;1;2038472580549051714;B
20241029;133521;701.4;5;2038472580549051715;B
20241029;133612;701.6;1;2038472580549051716;B
20241029;133612;701.9;1;2038472580549051717;B
20241029;133637;702;2;2038472580549051718;B
20241029;133656;703.3;5;2038472580549051719;B
20241029;133656;703.3;5;2038472580549051720;B
20241029;133656;703.4;5;2038472580549051721;B
20241029;133656;703.5;25;2038472580549051722;B
20241029;133759;703;1;2038472580549051723;B
20241029;133811;702.8;1;2038472580549051724;S
20241029;133812;703;1;2038472580549051725;B
20241029;133812;703.4;1;2038472580549051726;B
20241029;133812;703.4;1;2038472580549051727;B
20241029;133812;703.5;3;2038472580549051728;B
20241029;133833;703.5;1;2038472580549051729;B
20241029;133948;703.1;1;2038472580549051731;S
20241029;133951;703.5;11;2038472580549051732;B
20241029;133951;703.5;3;2038472580549051733;B
20241029;133951;703.6;1;2038472580549051734;B
20241029;133952;704.6;3;2038472580549051735;B
20241029;133952;704.8;10;2038472580549051736;B
20241029;133952;704.9;5;2038472580549051737;B
20241029;133952;705;5;2038472580549051738;B
20241029;133952;705;5;2038472580549051739;B
20241029;133952;705;5;2038472580549051740;B
20241029;133952;705.3;1;2038472580549051741;B
20241029;133952;705.4;2;2038472580549051742;B
20241029;133952;706.1;10;2038472580549051743;B
20241029;133952;706.1;10;2038472580549051744;B
20241029;133952;706.2;56;2038472580549051745;B
20241029;133952;706.4;26;2038472580549051746;S
20241029;133953;706.4;10;2038472580549051747;S
20241029;134006;706;5;2038472580549051748;S
20241029;134006;705.3;4;2038472580549051749;S
20241029;134006;705.2;1;2038472580549051750;S
20241029;134006;705.2;1;2038472580549051751;S
20241029;134006;705.1;8;2038472580549051752;S
20241029;134016;706.5;1;2038472580549051753;B
20241029;134018;706.5;1;2038472580549051754;S
20241029;134019;706.5;4;2038472580549051755;S
20241029;134024;706.6;1;2038472580549051757;B
20241029;134024;706.6;4;2038472580549051758;S
20241029;134024;706.5;1;2038472580549051759;S
20241029;134024;706.4;1;2038472580549051760;S
20241029;134024;705.9;1;2038472580549051761;S
20241029;134024;705.2;1;2038472580549051762;S
20241029;134024;705.1;12;2038472580549051763;S
20241029;134032;706.4;1;2038472580549051764;B
20241029;134055;705.4;1;2038472580549051766;S
20241029;134055;705.3;1;2038472580549051767;S
20241029;134055;705.2;2;2038472580549051768;S
20241029;134123;704.5;15;2038472580549051769;S
20241029;134124;704.5;1;2038472580549051770;S
20241029;134159;704.3;3;2038472580549051771;S
20241029;134159;704.1;3;2038472580549051772;S
20241029;134214;704.8;1;2038472580549051773;B
20241029;134214;704.9;1;2038472580549051774;B
20241029;134214;704.9;1;2038472580549051775;B
20241029;134214;705;4;2038472580549051776;B
20241029;134214;705;7;2038472580549051777;B
20241029;134226;705.1;1;2038472580549051778;S
20241029;134234;705.1;1;2038472580549051779;S
20241029;134234;705.1;1;2038472580549051780;S
20241029;134309;705;1;2038472580549051781;S
20241029;134309;704.8;1;2038472580549051782;B
20241029;134309;705;3;2038472580549051783;B
20241029;134324;705.1;1;2038472580549051784;B
20241029;134324;705.2;1;2038472580549051785;B
20241029;134438;705.4;1;2038472580549051786;S
20241029;134438;705.4;1;2038472580549051787;S
20241029;134453;705;1;2038472580549051788;B
20241029;134453;705;1;2038472580549051789;B
20241029;134531;704.1;1;2038472580549051790;S
20241029;134546;704.1;3;2038472580549051791;B
20241029;134549;704.3;1;2038472580549051792;S
20241029;134559;704.3;6;2038472580549051793;S
20241029;134610;704.9;1;2038472580549051794;B
20241029;134610;705;1;2038472580549051795;B
20241029;134610;705.1;8;2038472580549051796;B
20241029;134652;705.1;1;2038472580549051797;S
20241029;134759;704.4;1;2038472580549051798;S
20241029;134822;704.1;1;2038472580549051799;S
20241029;134838;704.8;1;2038472580549051800;B
20241029;134838;704.9;1;2038472580549051801;B
20241029;134838;704.9;3;2038472580549051802;B
20241029;134851;705;2;2038472580549051803;S
20241029;134918;705;1;2038472580549051804;S
20241029;134933;705;13;2038472580549051805;S
20241029;134935;705;1;2038472580549051806;S
20241029;134940;705;1;2038472580549051807;S
20241029;135009;705;4;2038472580549051808;S
20241029;135016;705;1;2038472580549051809;S
20241029;135032;705;1;2038472580549051810;S
20241029;135100;705.1;1;2038472580549051811;B
20241029;135101;705.1;4;2038472580549051812;B
20241029;135101;705.3;1;2038472580549051813;B
20241029;135101;705.3;4;2038472580549051814;B
20241029;135130;705.4;1;2038472580549051815;S
20241029;135130;705.3;1;2038472580549051816;S
20241029;135145;706.1;1;2038472580549051817;B
20241029;135226;705.6;1;2038472580549051818;S
20241029;135246;705.4;2;2038472580549051819;S
20241029;135420;704.6;1;2038472580549051820;S
20241029;135448;703.1;1;2038472580549051821;S
20241029;135452;703.1;1;2038472580549051822;S
20241029;135452;703.1;1;2038472580549051823;S
20241029;135452;703;1;2038472580549051824;S
20241029;135452;703;1;2038472580549051825;S
20241029;135452;703;3;2038472580549051826;S
20241029;135452;703;1;2038472580549051827;S
20241029;135452;702.9;4;2038472580549051828;S
20241029;135609;701.5;1;2038472580549051829;S
20241029;135630;701.5;1;2038472580549051830;S
20241029;135636;701.9;1;2038472580549051831;B
20241029;135716;701.9;1;2038472580549051832;B
20241029;135716;701.9;1;2038472580549051833;B
20241029;135716;701.8;1;2038472580549051834;B
20241029;135716;701.9;1;2038472580549051835;B
20241029;135716;702.2;3;2038472580549051836;B
20241029;135716;702.4;1;2038472580549051837;B
20241029;135716;702.4;3;2038472580549051838;B
20241029;135716;703;20;2038472580549051839;B
20241029;135740;704;1;2038472580549051840;B
20241029;135841;705.3;3;2038472580549051841;B
20241029;135906;706.1;5;2038472580549051842;B
20241029;135906;706.4;5;2038472580549051843;B
20241029;135916;707;5;2038472580549051844;B
20241029;135916;707;5;2038472580549051845;B
20241029;135933;707;1;2038472580549051846;B
20241029;135958;707;3;2038472580549051847;B
20241029;140518;706.9;10;2038472580549051848;B
20241029;140531;706.8;20;2038472580549051849;B
20241029;140559;707;1;2038472580549051850;B
20241029;140559;707;4;2038472580549051851;B
20241029;140609;707;1;2038472580549051852;B
20241029;140609;707;1;2038472580549051853;B
20241029;140609;707;3;2038472580549051854;B
20241029;140622;705.2;1;2038472580549051855;S
20241029;140622;705.3;1;2038472580549051856;S
20241029;140716;705.3;1;2038472580549051857;S
20241029;140743;706.7;1;2038472580549051858;B
20241029;140806;705.4;1;2038472580549051859;S
20241029;140806;705.4;1;2038472580549051860;S
20241029;140806;705.3;1;2038472580549051861;S
20241029;140806;705.3;1;2038472580549051862;S
20241029;140806;705.3;3;2038472580549051863;S
20241029;140811;705.8;1;2038472580549051864;B
20241029;140811;705.9;4;2038472580549051865;B
20241029;140812;705.2;1;2038472580549051866;S
20241029;140829;705.2;5;2038472580549051867;S
20241029;140843;705.1;1;2038472580549051868;S
20241029;140843;705;10;2038472580549051869;S
20241029;140843;705;2;2038472580549051870;S
20241029;140843;704.2;3;2038472580549051871;S
20241029;140843;704.2;2;2038472580549051872;S
20241029;140843;704.1;3;2038472580549051873;S
20241029;140843;704;10;2038472580549051874;S
20241029;140843;704;3;2038472580549051875;S
20241029;140846;705.8;1;2038472580549051876;B
20241029;140848;704.3;1;2038472580549051877;S
20241029;140848;704.2;3;2038472580549051878;S
20241029;140856;702.6;1;2038472580549051880;S
20241029;141018;703.1;5;2038472580549051881;S
20241029;141042;704.4;1;2038472580549051882;B
20241029;141042;704.4;1;2038472580549051883;B
20241029;141043;704.4;1;2038472580549051884;B
20241029;141113;703.2;1;2038472580549051885;S
20241029;141204;703.2;1;2038472580549051886;S
20241029;141204;703.1;1;2038472580549051887;S
20241029;141204;703.1;1;2038472580549051888;S
20241029;141246;702.6;1;2038472580549051889;S
20241029;141450;703.2;1;2038472580549051890;B
20241029;141454;703.3;1;2038472580549051891;B
20241029;141454;703.4;3;2038472580549051892;B
20241029;141454;703.5;3;2038472580549051893;B
20241029;141454;703.6;1;2038472580549051894;B
20241029;141502;704.5;5;2038472580549051895;B
20241029;141518;704.5;4;2038472580549051896;B
20241029;141519;705.4;3;2038472580549051897;B
20241029;141525;705;3;2038472580549051898;B
20241029;141547;705;2;2038472580549051899;B
20241029;141641;706.7;1;2038472580549051900;S
20241029;141808;707;2;2038472580549051902;B
20241029;141808;707;1;2038472580549051903;B
20241029;141808;707;1;2038472580549051904;B
20241029;141812;707;4;2038472580549051905;B
20241029;141812;707;1;2038472580549051906;B
20241029;141812;707;1;2038472580549051907;B
20241029;141812;707;1;2038472580549051912;B
20241029;141812;707;1;2038472580549051917;B
20241029;141812;707.2;15;2038472580549051922;B
20241029;141812;707.2;1;2038472580549051923;B
20241029;141812;707.3;10;2038472580549051924;B
20241029;141917;706.9;1;2038472580549051925;S
20241029;142004;707.3;1;2038472580549051926;S
20241029;142045;707.3;2;2038472580549051927;S
20241029;142106;707.3;2;2038472580549051928;S
20241029;142108;707.3;1;2038472580549051929;B
20241029;142108;707.4;4;2038472580549051930;B
20241029;142108;707.6;29;2038472580549051931;B
20241029;142117;707.7;19;2038472580549051932;B
20241029;142117;707.8;3;2038472580549051933;B
20241029;142117;707.9;3;2038472580549051934;B
20241029;142117;707.9;49;2038472580549051935;B
20241029;142117;707.9;1;2038472580549051936;B
20241029;142117;708;4;2038472580549051937;B
20241029;142117;708;100;2038472580549051938;B
20241029;142118;708.2;1;2038472580549051939;S
20241029;142118;708;70;2038472580549051940;B
20241029;142206;708.8;1;2038472580549051941;B
20241029;142206;708.8;6;2038472580549051942;B
20241029;142206;709;5;2038472580549051943;B
20241029;142206;709.3;13;2038472580549051944;B
20241029;142207;708.1;1;2038472580549051945;S
20241029;142207;708.1;1;2038472580549051946;S
20241029;142207;708;8;2038472580549051947;S
20241029;142239;708;2;2038472580549051948;S
20241029;142320;707.9;1;2038472580549051949;S
20241029;142339;708;1;2038472580549051950;B
20241029;142339;708.7;1;2038472580549051951;B
20241029;142339;708.7;1;2038472580549051952;B
20241029;142353;708;1;2038472580549051953;S
20241029;142353;707.9;4;2038472580549051954;S
20241029;142353;707.9;1;2038472580549051955;S
20241029;142353;707.4;3;2038472580549051956;S
20241029;142353;706.9;1;2038472580549051957;S
20241029;142353;706.8;1;2038472580549051958;S
20241029;142409;707.9;1;2038472580549051959;B
20241029;142409;707.9;1;2038472580549051960;B
20241029;142409;708;3;2038472580549051961;B
20241029;142409;708.4;3;2038472580549051962;B
20241029;142409;708.6;1;2038472580549051963;S
20241029;142424;708.6;1;2038472580549051964;S
20241029;142537;707.2;1;2038472580549051965;S
20241029;142703;707.2;20;2038472580549051966;S
20241029;142703;707;20;2038472580549051967;S
20241029;142703;706.6;1;2038472580549051968;S
20241029;142703;706.6;3;2038472580549051969;S
20241029;142703;706.5;2;2038472580549051970;S
20241029;142709;704.8;3;2038472580549051971;S
20241029;142722;704.4;2;2038472580549051972;S
20241029;142747;703.8;10;2038472580549051973;S
20241029;142942;704.7;1;2038472580549051974;B
20241029;143013;704.5;4;2038472580549051975;B
20241029;143022;703.8;4;2038472580549051976;S
20241029;143037;704.5;2;2038472580549051977;B
20241029;143105;703.8;6;2038472580549051978;S
20241029;143105;703.8;1;2038472580549051979;S
20241029;143129;702.6;1;2038472580549051980;S
20241029;143129;702.6;3;2038472580549051981;S
20241029;143725;704.4;1;2038472580549051982;S
20241029;143905;706.7;1;2038472580549051983;B
20241029;143949;706.7;1;2038472580549051984;B
20241029;143954;705.6;1;2038472580549051985;S
20241029;144020;706.6;1;2038472580549051986;B
20241029;144020;706.8;1;2038472580549051987;B
20241029;144020;706.8;4;2038472580549051988;B
20241029;144102;706.8;6;2038472580549051990;B
20241029;144140;706.9;1;2038472580549051991;S
20241029;144140;706.8;2;2038472580549051992;S
20241029;144221;707.9;1;2038472580549051993;B
20241029;144233;708;1;2038472580549051994;B
20241029;144233;708.1;1;2038472580549051995;B
20241029;144233;708.2;1;2038472580549051996;B
20241029;144233;708.3;1;2038472580549051997;B
20241029;144233;708.4;1;2038472580549051998;B
20241029;144235;708.5;4;2038472580549051999;B
20241029;144238;708.5;1;2038472580549052000;B
20241029;144238;708.6;2;2038472580549052001;B
20241029;144238;708.7;1;2038472580549052002;B
20241029;144238;708.9;6;2038472580549052003;B
20241029;144238;709;3;2038472580549052004;B
20241029;144305;708.3;1;2038472580549052005;S
20241029;144305;708.2;3;2038472580549052006;S
20241029;144305;708.2;1;2038472580549052007;S
20241029;144420;706.6;1;2038472580549052008;S
20241029;144517;704.4;1;2038472580549052009;S
20241029;144529;705.5;3;2038472580549052010;S
20241029;144552;705.5;37;2038472580549052011;S
20241029;144606;706.2;1;2038472580549052012;B
20241029;144655;706.2;1;2038472580549052013;B
20241029;144655;706.2;3;2038472580549052014;B
20241029;144702;706.3;1;2038472580549052015;S
20241029;144802;708.3;1;2038472580549052016;B
20241029;144853;708.3;3;2038472580549052017;B
20241029;145257;707.9;4;2038472580549052018;S
20241029;145257;707.9;1;2038472580549052019;S
20241029;145326;708.1;1;2038472580549052020;B
20241029;145326;708.2;1;2038472580549052021;B
20241029;145326;708.2;10;2038472580549052022;B
20241029;145332;706.5;1;2038472580549052023;S
20241029;145616;706.5;1;2038472580549052024;S
20241029;145642;706.3;7;2038472580549052025;S
20241029;145712;706.3;19;2038472580549052026;S
20241029;145718;706.3;4;2038472580549052027;S
20241029;145718;706.1;3;2038472580549052028;S
20241029;145814;706.6;9;2038472580549052029;B
20241029;145814;706.6;1;2038472580549052030;B
20241029;145958;706.5;1;2038472580549052031;B
20241029;145958;706.6;1;2038472580549052032;B
20241029;145958;706.7;2;2038472580549052033;B
20241029;150000;707;1;2038472580549052034;B
20241029;150000;707;1;2038472580549052035;B
20241029;150000;708.1;5;2038472580549052036;B
20241029;150000;708.3;5;2038472580549052037;B
20241029;150000;708.3;2;2038472580549052038;B
20241029;150001;708.3;3;2038472580549052039;B
20241029;150001;708.3;10;2038472580549052040;B
20241029;150001;708.7;3;2038472580549052041;B
20241029;150001;708.7;2;2038472580549052042;B
20241029;150001;709;7;2038472580549052043;B
20241029;150001;709;1;2038472580549052044;B
20241029;150021;708.6;3;2038472580549052045;B
20241029;150021;708.7;3;2038472580549052046;B
20241029;150027;709;4;2038472580549052047;B
20241029;150027;709;9;2038472580549052048;B
20241029;150027;709;1;2038472580549052049;B
20241029;150027;709;2;2038472580549052050;B
20241029;150027;709.1;1;2038472580549052051;B
20241029;150027;709.1;3;2038472580549052052;B
20241029;150027;709.2;1;2038472580549052053;B
20241029;150027;709.4;1;2038472580549052054;B
20241029;150027;709.6;1;2038472580549052055;B
20241029;150033;709.7;1;2038472580549052056;B
20241029;150033;709.8;1;2038472580549052057;B
20241029;150033;709.9;2;2038472580549052058;B
20241029;150033;709.9;8;2038472580549052059;B
20241029;150034;709.7;2;2038472580549052060;S
20241029;150034;709.7;7;2038472580549052061;S
20241029;150034;709.6;3;2038472580549052062;S
20241029;150042;709.9;12;2038472580549052063;B
20241029;150049;709.7;9;2038472580549052064;S
20241029;150059;709.9;2;2038472580549052065;B
20241029;150102;709.9;28;2038472580549052066;B
20241029;150102;709.9;1;2038472580549052067;B
20241029;150102;710;2;2038472580549052068;B
20241029;150102;710;5;2038472580549052069;B
20241029;150102;710;5;2038472580549052070;B
20241029;150102;710;1;2038472580549052071;B
20241029;150102;710;5;2038472580549052072;B
20241029;150102;710;1;2038472580549052073;B
20241029;150102;710;2;2038472580549052074;B
20241029;150102;710;3;2038472580549052075;B
20241029;150102;710;10;2038472580549052076;B
20241029;150102;710.1;3;2038472580549052077;S
20241029;150103;710.1;4;2038472580549052078;S
20241029;150104;710.5;1;2038472580549052079;B
20241029;150104;710.5;10;2038472580549052084;B
20241029;150104;710.7;1;2038472580549052085;B
20241029;150104;711;2;2038472580549052086;B
20241029;150113;710.5;9;2038472580549052087;S
20241029;150120;711;200;2038472580549052088;B
20241029;150157;710.7;1;2038472580549052089;S
20241029;150157;710.7;1;2038472580549052090;S
20241029;150157;710.6;4;2038472580549052091;S
20241029;150216;711;1;2038472580549052092;B
20241029;150218;711;2;2038472580549052093;B
20241029;150240;711;71;2038472580549052094;B
20241029;150240;711;2;2038472580549052095;B
20241029;150240;711.2;1;2038472580549052096;B
20241029;150302;711.5;5;2038472580549052097;S
20241029;150302;711.5;1;2038472580549052098;B
20241029;150304;711.5;3;2038472580549052099;S
20241029;150308;711.5;1;2038472580549052100;S
20241029;150317;711.6;1;2038472580549052101;B
20241029;150317;712;2;2038472580549052102;B
20241029;150317;712;10;2038472580549052103;B
20241029;150317;712;1;2038472580549052104;B
20241029;150317;712;5;2038472580549052105;S
20241029;150334;712.4;1;2038472580549052106;B
20241029;150345;712.4;1;2038472580549052107;S
20241029;150345;712.3;5;2038472580549052108;S
20241029;150347;712.6;1;2038472580549052109;B
20241029;150347;712.6;1;2038472580549052114;B
20241029;150347;712.6;1;2038472580549052119;B
20241029;150347;713.5;1;2038472580549052120;B
20241029;150347;713.9;1;2038472580549052121;B
20241029;150347;713.9;6;2038472580549052122;B
20241029;150347;714;5;2038472580549052123;B
20241029;150347;714.2;2;2038472580549052124;B
20241029;150347;714.2;1;2038472580549052125;B
20241029;150347;715;5;2038472580549052126;B
20241029;150347;715;13;2038472580549052127;B
20241029;150352;713.6;1;2038472580549052128;B
20241029;150403;713.8;1;2038472580549052129;B
20241029;150403;713.9;2;2038472580549052130;B
20241029;150403;713.9;4;2038472580549052131;B
20241029;150433;713.9;8;2038472580549052132;S
20241029;150433;713.8;2;2038472580549052133;S
20241029;150438;713.4;1;2038472580549052134;S
20241029;150438;713.3;1;2038472580549052135;S
20241029;150438;713.3;3;2038472580549052136;S
20241029;150446;713.1;1;2038472580549052137;S
20241029;150446;713.1;1;2038472580549052138;S
20241029;150446;712.8;1;2038472580549052139;S
20241029;150453;713.3;1;2038472580549052140;B
20241029;150514;712.5;1;2038472580549052141;S
20241029;150544;712.4;3;2038472580549052142;S
20241029;150604;713.2;1;2038472580549052143;B
20241029;150604;713.3;5;2038472580549052144;B
20241029;150604;713.3;5;2038472580549052145;B
20241029;150604;713.4;9;2038472580549052146;B
20241029;150604;712.5;1;2038472580549052147;S
20241029;150604;712.4;1;2038472580549052148;S
20241029;150604;712.2;3;2038472580549052149;S
20241029;150604;711.7;3;2038472580549052150;S
20241029;150604;711.5;5;2038472580549052151;S
20241029;150604;711.1;4;2038472580549052152;S
20241029;150605;711.2;1;2038472580549052153;S
20241029;150605;711.1;5;2038472580549052154;S
20241029;150608;712.2;2;2038472580549052155;B
20241029;150631;712;1;2038472580549052156;B
20241029;150631;712.1;1;2038472580549052157;B
20241029;150631;712.2;2;2038472580549052158;B
20241029;150631;712.3;5;2038472580549052159;B
20241029;150631;712.4;1;2038472580549052160;B
20241029;150723;710.9;1;2038472580549052161;S
20241029;150742;711;1;2038472580549052162;B
20241029;150742;711.6;1;2038472580549052163;B
20241029;150742;712;3;2038472580549052164;B
20241029;150742;712.3;1;2038472580549052165;B
20241029;150742;712.4;4;2038472580549052166;B
20241029;150743;711.1;1;2038472580549052167;B
20241029;150851;711.2;1;2038472580549052168;S
20241029;150856;711.3;5;2038472580549052169;B
20241029;150856;711.3;5;2038472580549052170;B
20241029;150903;711.3;4;2038472580549052171;B
20241029;150920;711.3;1;2038472580549052172;B
20241029;151036;711.3;5;2038472580549052173;B
20241029;151036;711.1;1;2038472580549052174;S
20241029;151052;711.1;8;2038472580549052175;S
20241029;151109;711;2;2038472580549052176;S
20241029;151109;711;3;2038472580549052177;S
20241029;151122;711.1;1;2038472580549052178;B
20241029;151145;711.1;16;2038472580549052179;B
20241029;151151;711.1;2;2038472580549052180;B
20241029;151202;711.1;18;2038472580549052181;B
20241029;151202;711.1;2;2038472580549052182;B
20241029;151202;711.1;1;2038472580549052183;B
20241029;151202;711.3;26;2038472580549052184;B
20241029;151303;711.3;3;2038472580549052185;B
20241029;151308;711.4;1;2038472580549052186;B
20241029;151308;711.6;1;2038472580549052187;B
20241029;151308;711.7;1;2038472580549052188;B
20241029;151308;712;1;2038472580549052189;B
20241029;151308;712;5;2038472580549052190;B
20241029;151308;712.2;1;2038472580549052191;B
20241029;151325;712.2;1;2038472580549052192;B
20241029;151359;711.3;1;2038472580549052193;S
20241029;151407;711.2;1;2038472580549052194;S
20241029;151416;711.2;1;2038472580549052195;S
20241029;151417;711.2;2;2038472580549052196;S
20241029;151417;711.2;1;2038472580549052197;S
20241029;151417;711.2;1;2038472580549052198;S
20241029;151417;711.1;1;2038472580549052199;S
20241029;151417;711.1;5;2038472580549052200;S
20241029;151417;710.9;10;2038472580549052201;S
20241029;151438;710.9;1;2038472580549052202;S
20241029;151438;710.8;2;2038472580549052203;S
20241029;151503;711.8;1;2038472580549052204;B
20241029;151503;711.9;1;2038472580549052205;B
20241029;151503;711.9;1;2038472580549052206;B
20241029;151503;712;1;2038472580549052207;B
20241029;151517;711.1;1;2038472580549052208;S
20241029;151526;711.9;1;2038472580549052209;B
20241029;151526;712;1;2038472580549052210;B
20241029;151535;712;1;2038472580549052211;B
20241029;151537;712;1;2038472580549052212;B
20241029;151541;712;1;2038472580549052213;B
20241029;151553;712;5;2038472580549052214;B
20241029;151641;712.2;1;2038472580549052215;B
20241029;151649;712.2;9;2038472580549052216;B
20241029;151649;712.3;1;2038472580549052217;B
20241029;151649;712.6;1;2038472580549052218;B
20241029;151649;712.8;10;2038472580549052219;B
20241029;151649;712.9;10;2038472580549052220;B
20241029;151649;712.9;25;2038472580549052221;B
20241029;151713;711.5;1;2038472580549052223;S
20241029;151728;712.8;1;2038472580549052224;B
20241029;151736;712.7;3;2038472580549052225;B
20241029;151945;712.9;5;2038472580549052226;B
20241029;151945;713;10;2038472580549052227;B
20241029;151945;713;3;2038472580549052228;B
20241029;151945;713.1;2;2038472580549052229;B
20241029;151950;713.1;6;2038472580549052230;B
20241029;152007;712.8;5;2038472580549052231;S
20241029;152007;712.7;10;2038472580549052232;S
20241029;152007;712.7;1;2038472580549052233;S
20241029;152007;712.1;1;2038472580549052234;S
20241029;152007;712;83;2038472580549052235;S
20241029;152010;713;1;2038472580549052236;B
20241029;152010;713.1;2;2038472580549052237;B
20241029;152010;713.1;1;2038472580549052238;B
20241029;152010;713.2;1;2038472580549052239;B
20241029;152010;713.3;10;2038472580549052240;B
20241029;152010;713.5;1;2038472580549052241;B
20241029;152010;713.5;10;2038472580549052242;B
20241029;152010;713.6;10;2038472580549052243;B
20241029;152021;713.8;10;2038472580549052244;B
20241029;152021;713.9;10;2038472580549052245;B
20241029;152021;714;1;2038472580549052246;B
20241029;152021;714;10;2038472580549052247;B
20241029;152021;714;3;2038472580549052248;B
20241029;152022;714.2;4;2038472580549052249;S
20241029;152024;714.3;3;2038472580549052250;B
20241029;152024;714.4;1;2038472580549052251;B
20241029;152024;714.4;5;2038472580549052252;B
20241029;152024;714.4;3;2038472580549052253;B
20241029;152024;714.5;1;2038472580549052254;B
20241029;152024;714.6;2;2038472580549052255;B
20241029;152024;714.7;1;2038472580549052256;B
20241029;152024;714.8;20;2038472580549052257;B
20241029;152024;714.8;80;2038472580549052258;B
20241029;152024;715;41;2038472580549052259;B
20241029;152024;715;1;2038472580549052260;B
20241029;152024;715;10;2038472580549052261;B
20241029;152024;715;3;2038472580549052262;B
20241029;152024;715;5;2038472580549052263;B
20241029;152024;715;1;2038472580549052264;B
20241029;152024;715;10;2038472580549052265;B
20241029;152024;715;1;2038472580549052266;B
20241029;152030;715.5;1;2038472580549052267;B
20241029;152030;715.5;3;2038472580549052268;B
20241029;152031;715.6;9;2038472580549052269;S
20241029;152033;715.9;1;2038472580549052270;B
20241029;152037;715.9;1;2038472580549052275;B
20241029;152037;715.9;1;2038472580549052280;B
20241029;152037;715.9;6;2038472580549052285;B
20241029;152037;715.9;2;2038472580549052286;B
20241029;152037;715.9;3;2038472580549052287;B
20241029;152037;716;10;2038472580549052288;B
20241029;152037;716;3;2038472580549052289;B
20241029;152037;716;1;2038472580549052290;B
20241029;152038;716;2;2038472580549052291;S
20241029;152038;716;3;2038472580549052292;S
20241029;152038;715.7;5;2038472580549052293;S
20241029;152038;715.7;1;2038472580549052294;S
20241029;152038;715.6;91;2038472580549052295;S
20241029;152041;715.7;1;2038472580549052296;S
20241029;152041;716.3;2;2038472580549052297;B
20241029;152042;715.7;1;2038472580549052298;S
20241029;152055;715.9;1;2038472580549052299;S
20241029;152105;716.1;1;2038472580549052300;B
20241029;152108;716.2;1;2038472580549052301;B
20241029;152108;716.5;1;2038472580549052302;B
20241029;152108;716.5;1;2038472580549052303;B
20241029;152108;717;1;2038472580549052304;B
20241029;152108;717;1;2038472580549052305;B
20241029;152111;716.1;1;2038472580549052306;S
20241029;152115;716.8;1;2038472580549052307;B
20241029;152118;716.5;1;2038472580549052309;S
20241029;152119;716.5;1;2038472580549052313;S
20241029;152123;716.5;1;2038472580549052314;S
20241029;152123;717;5;2038472580549052315;B
20241029;152126;716.6;1;2038472580549052316;S
20241029;152126;716.5;2;2038472580549052317;S
20241029;152135;716.5;1;2038472580549052318;S
20241029;152142;717;1;2038472580549052319;B
20241029;152144;716.5;5;2038472580549052320;S
20241029;152146;716;14;2038472580549052321;S
20241029;152157;716;4;2038472580549052322;S
20241029;152205;716;1;2038472580549052323;S
20241029;152206;716;1;2038472580549052324;S
20241029;152206;716;1;2038472580549052325;S
20241029;152206;715.6;1;2038472580549052326;S
20241029;152228;715.1;1;2038472580549052328;S
20241029;152248;715.3;8;2038472580549052330;S
20241029;152306;715.5;1;2038472580549052331;B
20241029;152313;715.3;22;2038472580549052332;S
20241029;152313;715.3;8;2038472580549052333;S
20241029;152313;715.1;1;2038472580549052334;S
20241029;152313;714.9;2;2038472580549052335;S
20241029;152313;714.6;3;2038472580549052336;S
20241029;152313;714.5;5;2038472580549052337;S
20241029;152313;713.5;3;2038472580549052338;S
20241029;152313;713.1;10;2038472580549052339;S
20241029;152313;713;2;2038472580549052340;S
20241029;152328;713.5;1;2038472580549052341;S
20241029;152335;713.4;1;2038472580549052342;S
20241029;152343;715.4;1;2038472580549052343;B
20241029;152343;715.4;1;2038472580549052344;B
20241029;152343;715.4;3;2038472580549052345;B
20241029;152356;714.7;3;2038472580549052346;B
20241029;152356;714.8;1;2038472580549052347;B
20241029;152356;714.8;2;2038472580549052348;B
20241029;152356;715;1;2038472580549052349;B
20241029;152356;715.5;3;2038472580549052350;B
20241029;152417;715.7;1;2038472580549052351;B
20241029;152440;715.4;2;2038472580549052352;B
20241029;152440;715.5;5;2038472580549052353;B
20241029;152440;715.7;6;2038472580549052354;B
20241029;152444;715.7;1;2038472580549052355;S
20241029;152453;715.8;1;2038472580549052356;B
20241029;152457;715.7;23;2038472580549052357;S
20241029;152503;715.7;2;2038472580549052358;S
20241029;152509;715.7;61;2038472580549052359;S
20241029;152509;715.7;1;2038472580549052360;S
20241029;152516;714.8;8;2038472580549052361;B
20241029;152522;714.8;8;2038472580549052362;B
20241029;152555;713.8;1;2038472580549052363;S
20241029;152627;714;1;2038472580549052364;S
20241029;152723;714;4;2038472580549052365;S
20241029;152800;714.4;1;2038472580549052366;B
20241029;152844;714.7;1;2038472580549052368;B
20241029;152844;714.7;1;2038472580549052369;B
20241029;152844;714.7;1;2038472580549052370;B
20241029;152844;714.7;7;2038472580549052371;B
20241029;152900;714.7;9;2038472580549052372;B
20241029;152922;714.7;50;2038472580549052373;B
20241029;152924;714.7;2;2038472580549052374;B
20241029;152941;714.7;11;2038472580549052375;B
20241029;152948;714.7;2;2038472580549052376;B
20241029;152948;714.7;2;2038472580549052377;B
20241029;152948;714.7;5;2038472580549052378;B
20241029;153018;715.6;1;2038472580549052379;B
20241029;153059;715.8;1;2038472580549052380;B
20241029;153059;715.8;1;2038472580549052381;B
20241029;153202;715.9;2;2038472580549052382;B
20241029;153205;715.9;1;2038472580549052385;B
20241029;153224;715.9;7;2038472580549052389;B
20241029;153224;715.9;1;2038472580549052390;B
20241029;153224;715.9;3;2038472580549052391;B
20241029;153224;715.9;10;2038472580549052392;B
20241029;153225;716.8;1;2038472580549052393;B
20241029;153225;716.9;1;2038472580549052394;B
20241029;153225;716.9;1;2038472580549052395;B
20241029;153239;717;4;2038472580549052396;B
20241029;153239;717;1;2038472580549052397;B
20241029;153239;717;3;2038472580549052398;B
20241029;153239;717;1;2038472580549052399;B
20241029;153239;717;3;2038472580549052400;B
20241029;153239;717;3;2038472580549052401;B
20241029;153305;717;1;2038472580549052402;S
20241029;153315;717.1;1;2038472580549052403;B
20241029;153315;717.1;2;2038472580549052404;B
20241029;153321;717.2;1;2038472580549052405;B
20241029;153321;717.3;1;2038472580549052406;B
20241029;153321;717.4;1;2038472580549052407;B
20241029;153321;717.5;1;2038472580549052408;B
20241029;153321;717.5;1;2038472580549052409;B
20241029;153321;717.7;1;2038472580549052410;B
20241029;153321;718;4;2038472580549052411;B
20241029;153323;718;2;2038472580549052412;B
20241029;153323;717.2;1;2038472580549052413;S
20241029;153323;717.1;1;2038472580549052414;S
20241029;153323;717.1;1;2038472580549052415;S
20241029;153323;717.1;1;2038472580549052416;S
20241029;153323;717.1;1;2038472580549052417;S
20241029;153323;717.1;1;2038472580549052418;S
20241029;153323;717.1;1;2038472580549052419;S
20241029;153323;717.1;1;2038472580549052420;S
20241029;153323;717.1;1;2038472580549052421;S
20241029;153323;717.1;1;2038472580549052422;S
20241029;153328;717.8;1;2038472580549052423;B
20241029;153346;717.6;1;2038472580549052424;B
20241029;153346;717.6;1;2038472580549052425;B
20241029;153346;717.6;1;2038472580549052426;B
20241029;153402;717.8;1;2038472580549052427;B
20241029;153402;717.8;1;2038472580549052428;B
20241029;153414;717.5;1;2038472580549052429;S
20241029;153437;717.5;1;2038472580549052431;B
20241029;153442;717.4;1;2038472580549052432;S
20241029;153458;717.4;2;2038472580549052434;B
20241029;153539;717.3;9;2038472580549052435;B
20241029;153539;717.4;1;2038472580549052436;B
20241029;153550;717.4;2;2038472580549052437;B
20241029;153606;717.1;1;2038472580549052438;S
20241029;153632;717.1;3;2038472580549052439;S
20241029;153632;717;5;2038472580549052440;S
20241029;153632;717;1;2038472580549052441;S
20241029;153632;717;1;2038472580549052442;S
20241029;153724;717;1;2038472580549052443;B
20241029;153735;717;1;2038472580549052444;B
20241029;153812;716.4;2;2038472580549052445;S
20241029;153812;716.3;1;2038472580549052446;S
20241029;153812;716.2;3;2038472580549052447;S
20241029;153812;716.1;1;2038472580549052448;S
20241029;153817;715.7;1;2038472580549052449;S
20241029;153820;716.5;1;2038472580549052450;B
20241029;153821;716;2;2038472580549052451;S
20241029;153821;715.6;1;2038472580549052452;S
20241029;153821;715.6;1;2038472580549052453;S
20241029;153824;715.2;1;2038472580549052454;S
20241029;153928;715.8;1;2038472580549052455;B
20241029;154034;714.9;1;2038472580549052456;S
20241029;154034;714.9;1;2038472580549052457;S
20241029;154034;714.9;3;2038472580549052458;B
20241029;154034;714.9;1;2038472580549052459;B
20241029;154034;715.3;1;2038472580549052460;B
20241029;154036;715;1;2038472580549052461;S
20241029;154049;715;1;2038472580549052462;S
20241029;154049;714.9;1;2038472580549052463;S
20241029;154049;714.8;9;2038472580549052464;S
20241029;154049;714.6;9;2038472580549052465;S
20241029;154049;715.2;1;2038472580549052466;B
20241029;154049;715.3;1;2038472580549052467;B
20241029;154108;715.5;1;2038472580549052468;B
20241029;154108;715.7;1;2038472580549052469;B
20241029;154139;714.7;1;2038472580549052470;S
20241029;154139;714.7;1;2038472580549052471;S
20241029;154139;714.7;1;2038472580549052472;S
20241029;154143;714.6;1;2038472580549052473;S
20241029;154143;714.6;1;2038472580549052474;S
20241029;154143;714.6;1;2038472580549052475;S
20241029;154143;714.5;3;2038472580549052476;S
20241029;154143;714.4;4;2038472580549052477;S
20241029;154145;714.4;1;2038472580549052478;S
20241029;154145;714.1;1;2038472580549052479;S
20241029;154145;714;2;2038472580549052480;S
20241029;154145;714;1;2038472580549052481;S
20241029;154145;713.7;4;2038472580549052482;S
20241029;154145;713.7;1;2038472580549052483;S
20241029;154147;713.8;1;2038472580549052484;S
20241029;154147;713.7;1;2038472580549052485;S
20241029;154147;713.5;2;2038472580549052486;S
20241029;154147;713.4;2;2038472580549052487;S
20241029;154147;713.6;10;2038472580549052488;S
20241029;154221;713.3;1;2038472580549052489;S
20241029;154223;713.3;1;2038472580549052490;S
20241029;154223;713.3;1;2038472580549052491;S
20241029;154223;713.3;2;2038472580549052492;S
20241029;154223;713.3;1;2038472580549052493;S
20241029;154223;713;3;2038472580549052494;S
20241029;154232;713.3;1;2038472580549052495;S
20241029;154335;714;1;2038472580549052496;B
20241029;154335;714.1;1;2038472580549052497;B
20241029;154335;714.1;1;2038472580549052498;B
20241029;154335;714.2;1;2038472580549052499;B
20241029;154335;714.2;1;2038472580549052500;B
20241029;154335;714.2;1;2038472580549052501;B
20241029;154338;714.2;1;2038472580549052502;B
20241029;154338;714.2;1;2038472580549052503;B
20241029;154338;714.3;1;2038472580549052504;B
20241029;154338;714.5;1;2038472580549052505;B
20241029;154423;714.1;1;2038472580549052506;S
20241029;154423;714.1;1;2038472580549052507;S
20241029;154423;714.1;1;2038472580549052508;S
20241029;154423;714.1;1;2038472580549052509;S
20241029;154423;714.1;1;2038472580549052510;S
20241029;154456;715.1;1;2038472580549052511;B
20241029;154457;715.2;1;2038472580549052512;B
20241029;154457;715.2;1;2038472580549052513;B
20241029;154457;715.2;1;2038472580549052514;B
20241029;154457;714.8;2;2038472580549052515;S
20241029;154506;715.3;2;2038472580549052516;B
20241029;154608;715.2;1;2038472580549052517;S
20241029;154608;715.1;1;2038472580549052518;S
20241029;154608;715.1;1;2038472580549052519;S
20241029;154608;715.1;1;2038472580549052520;B
20241029;154609;715;1;2038472580549052521;S
20241029;154609;715;1;2038472580549052522;S
20241029;154610;715;2;2038472580549052523;B
20241029;154628;714.9;1;2038472580549052524;B
20241029;154628;715;4;2038472580549052525;B
20241029;154628;715.1;1;2038472580549052526;B
20241029;154638;715.4;1;2038472580549052527;B
20241029;154638;715.4;1;2038472580549052528;B
20241029;154648;715.9;1;2038472580549052529;B
20241029;154650;716;1;2038472580549052530;B
20241029;154650;716.5;1;2038472580549052531;B
20241029;154650;716.9;3;2038472580549052532;B
20241029;154650;716.9;1;2038472580549052533;B
20241029;154650;717;5;2038472580549052534;B
20241029;154650;717;1;2038472580549052535;B
20241029;154650;717;3;2038472580549052536;B
20241029;154654;716;1;2038472580549052537;S
20241029;154654;716;1;2038472580549052538;S
20241029;154654;716;1;2038472580549052539;S
20241029;154654;715.9;3;2038472580549052540;S
20241029;154656;715.9;89;2038472580549052541;B
20241029;154656;716.2;1;2038472580549052542;B
20241029;154656;716.3;1;2038472580549052543;B
20241029;154656;716.4;1;2038472580549052544;B
20241029;154702;716.6;1;2038472580549052545;S
20241029;154702;716.6;1;2038472580549052546;S
20241029;154702;716.5;10;2038472580549052547;S
20241029;154704;716.5;1;2038472580549052548;S
20241029;154717;717.3;1;2038472580549052549;B
20241029;154728;717.3;1;2038472580549052550;B
20241029;154728;717.3;1;2038472580549052551;B
20241029;154728;717.3;1;2038472580549052552;B
20241029;154728;717.4;2;2038472580549052553;B
20241029;154728;717.4;5;2038472580549052554;B
20241029;154728;717.5;3;2038472580549052555;B
20241029;154728;718;4;2038472580549052556;B
20241029;154728;718;10;2038472580549052557;B
20241029;154728;718;2;2038472580549052558;B
20241029;154728;718;3;2038472580549052559;B
20241029;154728;718;11;2038472580549052560;B
20241029;154748;717.9;1;2038472580549052561;B
20241029;154750;718;1;2038472580549052562;B
20241029;154806;718;1;2038472580549052563;B
20241029;154807;717.3;1;2038472580549052564;S
20241029;154836;717.6;9;2038472580549052565;S
20241029;154838;717.9;1;2038472580549052566;B
20241029;154838;718;2;2038472580549052567;B
20241029;154838;718;1;2038472580549052568;B
20241029;154838;718;4;2038472580549052569;B
20241029;154838;718.1;1;2038472580549052570;B
20241029;154838;718.2;1;2038472580549052571;B
20241029;154838;718.2;1;2038472580549052572;B
20241029;154838;718.3;1;2038472580549052573;B
20241029;154838;718.3;1;2038472580549052574;B
20241029;154838;718.4;1;2038472580549052575;B
20241029;154843;718.5;5;2038472580549052576;B
20241029;154847;718.5;2;2038472580549052577;B
20241029;154847;718.5;1;2038472580549052578;B
20241029;154852;718.6;1;2038472580549052579;B
20241029;154852;718.7;1;2038472580549052580;B
20241029;154852;719;3;2038472580549052581;B
20241029;154908;718.8;1;2038472580549052582;B
20241029;154908;719;7;2038472580549052583;B
20241029;154908;719;1;2038472580549052584;B
20241029;154908;719;1;2038472580549052585;B
20241029;154908;719;5;2038472580549052586;B
20241029;154908;719;2;2038472580549052587;B
20241029;154908;719;2;2038472580549052588;B
20241029;154908;719.3;8;2038472580549052589;B
20241029;154908;719.5;24;2038472580549052590;B
20241029;154908;719.7;5;2038472580549052591;B
20241029;154908;719.8;1;2038472580549052592;B
20241029;154908;719.9;58;2038472580549052593;B
20241029;154908;720;10;2038472580549052594;B
20241029;154908;720;1;2038472580549052595;B
20241029;154908;720;6;2038472580549052596;B
20241029;154908;720;2;2038472580549052597;B
20241029;154908;720;2;2038472580549052598;B
20241029;154908;720;1;2038472580549052599;B
20241029;154908;720;5;2038472580549052600;B
20241029;154908;720;5;2038472580549052601;B
20241029;154908;720;20;2038472580549052602;B
20241029;154908;720.1;2;2038472580549052603;B
20241029;154908;720.5;15;2038472580549052604;B
20241029;154908;720.8;10;2038472580549052605;B
20241029;154908;720.9;95;2038472580549052606;B
20241029;154908;721;1;2038472580549052607;B
20241029;154908;721.2;2;2038472580549052608;B
20241029;154908;721.2;1;2038472580549052613;B
20241029;154908;721.5;7;2038472580549052618;B
20241029;154908;720.6;1;2038472580549052619;S
20241029;154908;720.6;5;2038472580549052620;S
20241029;154908;720.5;1;2038472580549052621;S
20241029;154908;720.5;1;2038472580549052622;S
20241029;154908;720.5;1;2038472580549052623;S
20241029;154908;720.5;1;2038472580549052624;S
20241029;154908;720.3;1;2038472580549052625;S
20241029;154908;720.1;1;2038472580549052626;S
20241029;154908;718.9;1;2038472580549052627;S
20241029;154908;718.8;1;2038472580549052628;S
20241029;154908;718.6;2;2038472580549052629;S
20241029;154908;718.6;1;2038472580549052630;S
20241029;154909;718.2;9;2038472580549052631;S
20241029;154909;718.2;1;2038472580549052632;S
20241029;154956;718.7;1;2038472580549052633;B
20241029;154959;718.2;1;2038472580549052634;S
20241029;155022;718.1;1;2038472580549052635;S
20241029;155022;718;37;2038472580549052636;S
20241029;155035;718.3;1;2038472580549052637;B
20241029;155035;718.4;1;2038472580549052638;B
20241029;155036;718;3;2038472580549052639;S
20241029;155038;718;11;2038472580549052640;S
20241029;155100;718;6;2038472580549052641;S
20241029;155100;718;6;2038472580549052642;S
20241029;155109;717.8;1;2038472580549052643;S
20241029;155124;718.2;1;2038472580549052644;B
20241029;155124;718.3;1;2038472580549052645;B
20241029;155147;718.1;1;2038472580549052646;B
20241029;155200;717.8;1;2038472580549052647;S
20241029;155217;718.1;1;2038472580549052648;B
20241029;155217;718.1;1;2038472580549052649;B
20241029;155300;717.8;1;2038472580549052650;S
20241029;155304;717.8;1;2038472580549052651;S
20241029;155316;717.8;3;2038472580549052652;S
20241029;155345;717;1;2038472580549052653;S
20241029;155346;716.9;1;2038472580549052654;S
20241029;155350;717.5;1;2038472580549052655;B
20241029;155350;717.6;1;2038472580549052656;B
20241029;155350;717.6;1;2038472580549052657;B
20241029;155350;717.8;1;2038472580549052658;B
20241029;155350;717.8;1;2038472580549052659;B
20241029;155350;717.8;16;2038472580549052660;S
20241029;155353;717.8;3;2038472580549052661;S
20241029;155359;717.8;48;2038472580549052662;S
20241029;155359;717.6;1;2038472580549052663;S
20241029;155359;717.6;1;2038472580549052664;S
20241029;155527;716.2;1;2038472580549052668;S
20241029;155527;716.2;1;2038472580549052673;S
20241029;155527;716.1;1;2038472580549052678;S
20241029;155549;716.5;1;2038472580549052682;B
20241029;155609;716.4;1;2038472580549052683;S
20241029;155609;716.4;1;2038472580549052688;S
20241029;155609;716.4;1;2038472580549052693;S
20241029;155610;716;1;2038472580549052698;S
20241029;155610;716;1;2038472580549052699;S
20241029;155610;715.8;2;2038472580549052700;S
20241029;155610;715.1;1;2038472580549052701;S
20241029;155610;715.1;1;2038472580549052702;S
20241029;155610;715.1;1;2038472580549052703;S
20241029;155610;715;2;2038472580549052704;S
20241029;155622;716.5;1;2038472580549052705;B
20241029;155622;716.6;1;2038472580549052706;B
20241029;155622;716.6;1;2038472580549052707;B
20241029;155622;716.7;1;2038472580549052708;B
20241029;155622;716.7;1;2038472580549052709;B
20241029;155622;716.8;1;2038472580549052710;B
20241029;155706;715.1;1;2038472580549052711;S
20241029;155713;716.7;1;2038472580549052714;B
20241029;155713;716.8;1;2038472580549052719;B
20241029;155713;716.8;1;2038472580549052724;B
20241029;155713;716.9;1;2038472580549052729;B
20241029;155713;716.9;1;2038472580549052734;B
20241029;155713;716.9;1;2038472580549052739;B
20241029;155713;716.9;1;2038472580549052744;B
20241029;155713;716.9;1;2038472580549052749;B
20241029;155744;716;1;2038472580549052753;S
20241029;155808;716.8;1;2038472580549052754;B
20241029;155818;716;1;2038472580549052755;S
20241029;155837;716.8;1;2038472580549052756;B
20241029;155923;716.5;1;2038472580549052757;S
20241029;155933;716.5;1;2038472580549052758;S
20241029;155933;716.5;1;2038472580549052759;S
20241029;155933;716.5;1;2038472580549052760;B
20241029;155935;716.9;1;2038472580549052761;B
20241029;155935;716.9;19;2038472580549052762;B
20241029;155957;716.8;1;2038472580549052763;S
20241029;155958;716.9;1;2038472580549052764;B
20241029;160006;716.8;1;2038472580549052765;S
20241029;160017;716.9;1;2038472580549052766;B
20241029;160031;716.9;1;2038472580549052768;B
20241029;160043;716.9;2;2038472580549052772;B
20241029;160050;716.9;6;2038472580549052773;B
20241029;160050;717;6;2038472580549052774;B
20241029;160050;717;8;2038472580549052775;B
20241029;160052;717;22;2038472580549052776;B
20241029;160100;717.5;10;2038472580549052777;B
20241029;160100;717.5;10;2038472580549052778;B
20241029;160100;717.5;1;2038472580549052779;B
20241029;160100;717.6;10;2038472580549052780;B
20241029;160100;717.7;10;2038472580549052781;B
20241029;160104;717.9;1;2038472580549052782;B
20241029;160138;717.8;2;2038472580549052783;S
20241029;160140;717.8;1;2038472580549052784;S
20241029;160207;717.7;1;2038472580549052785;B
20241029;160220;717.8;1;2038472580549052786;B
20241029;160240;716.7;1;2038472580549052787;S
20241029;160240;716.7;1;2038472580549052788;S
20241029;160240;716.6;1;2038472580549052789;S
20241029;160250;716.1;1;2038472580549052790;S
20241029;160255;715.7;1;2038472580549052791;S
20241029;160308;715.1;2;2038472580549052792;S
20241029;160308;715.1;1;2038472580549052793;S
20241029;160308;715.1;1;2038472580549052794;S
20241029;160308;715;8;2038472580549052795;S
20241029;160308;715;5;2038472580549052796;S
20241029;160308;715;10;2038472580549052797;S
20241029;160308;715;1;2038472580549052798;S
20241029;160308;714.2;3;2038472580549052799;S
20241029;160308;714.2;3;2038472580549052800;S
20241029;160308;714.2;3;2038472580549052801;S
20241029;160308;714;1;2038472580549052802;S
20241029;160309;714;2;2038472580549052803;S
20241029;160309;714;5;2038472580549052804;S
20241029;160323;714.2;3;2038472580549052805;S
20241029;160323;713.8;3;2038472580549052806;S
20241029;160323;713.7;10;2038472580549052807;S
20241029;160323;713.7;70;2038472580549052808;S
20241029;160336;713.4;2;2038472580549052809;S
20241029;160344;713.4;1;2038472580549052810;S
20241029;160344;713.3;9;2038472580549052811;S
20241029;160344;713.1;3;2038472580549052812;S
20241029;160344;712.6;3;2038472580549052813;S
20241029;160344;712.5;5;2038472580549052814;S
20241029;160344;712.5;3;2038472580549052815;S
20241029;160344;712.3;1;2038472580549052816;S
20241029;160344;711.7;5;2038472580549052817;S
20241029;160344;711.5;1;2038472580549052818;S
20241029;160344;711.4;1;2038472580549052819;S
20241029;160344;711.1;1;2038472580549052824;S
20241029;160344;710.9;67;2038472580549052825;S
20241029;160345;710.9;2;2038472580549052826;S
20241029;160417;711;7;2038472580549052827;S
20241029;160417;710.9;1;2038472580549052828;S
20241029;160417;710.8;1;2038472580549052829;S
20241029;160417;710.7;1;2038472580549052830;S
20241029;160417;710.7;1;2038472580549052835;S
20241029;160417;710.5;39;2038472580549052840;S
20241029;160417;710.8;2;2038472580549052841;B
20241029;160417;710.9;5;2038472580549052842;B
20241029;160417;710.9;1;2038472580549052843;B
20241029;160417;710.9;1;2038472580549052844;B
20241029;160417;711.1;5;2038472580549052845;B
20241029;160431;711.5;1;2038472580549052846;B
20241029;160431;711.7;1;2038472580549052847;B
20241029;160433;710.7;1;2038472580549052848;S
20241029;160441;710.7;1;2038472580549052849;S
20241029;160441;710.6;2;2038472580549052850;S
20241029;160441;710.6;1;2038472580549052851;S
20241029;160441;710.5;3;2038472580549052852;S
20241029;160441;710.5;43;2038472580549052853;S
20241029;160446;711.4;1;2038472580549052854;B
20241029;160446;711.5;2;2038472580549052855;B
20241029;160446;711.6;1;2038472580549052856;B
20241029;160446;711.6;1;2038472580549052857;B
20241029;160446;711.6;3;2038472580549052858;B
20241029;160449;711.2;1;2038472580549052859;S
20241029;160449;711.2;1;2038472580549052860;S
20241029;160449;711.1;1;2038472580549052861;S
20241029;160449;711;27;2038472580549052862;S
20241029;160511;711.1;1;2038472580549052863;S
20241029;160512;711.9;1;2038472580549052864;B
20241029;160514;712;1;2038472580549052865;B
20241029;160514;712.3;1;2038472580549052866;B
20241029;160514;712.3;1;2038472580549052867;B
20241029;160514;712.4;2;2038472580549052868;B
20241029;160515;711.4;1;2038472580549052869;S
20241029;160515;711.3;1;2038472580549052870;S
20241029;160515;711.2;1;2038472580549052871;S
20241029;160515;711.1;1;2038472580549052872;S
20241029;160533;712.3;1;2038472580549052873;B
20241029;160550;712.1;1;2038472580549052874;B
20241029;160550;712.4;1;2038472580549052875;B
20241029;160552;711.3;1;2038472580549052876;S
20241029;160552;711.2;1;2038472580549052877;S
20241029;160552;711.2;1;2038472580549052878;S
20241029;160552;711.1;2;2038472580549052879;S
20241029;160557;712.2;1;2038472580549052880;B
20241029;160557;712.2;1;2038472580549052881;B
20241029;160611;711.3;1;2038472580549052882;S
20241029;160611;711.2;1;2038472580549052883;S
20241029;160611;711.1;3;2038472580549052884;S
20241029;160623;712.2;1;2038472580549052885;B
20241029;160643;711.2;1;2038472580549052886;S
20241029;160643;711.1;2;2038472580549052887;S
20241029;160643;711.1;1;2038472580549052888;S
20241029;160643;711.1;1;2038472580549052889;S
20241029;160736;711.2;22;2038472580549052890;S
20241029;160824;711.2;3;2038472580549052891;B
20241029;160824;711.2;2;2038472580549052892;B
20241029;160824;711.6;1;2038472580549052893;B
20241029;160824;712.1;1;2038472580549052894;B
20241029;160824;712.7;4;2038472580549052895;B
20241029;160824;712.7;3;2038472580549052896;B
20241029;160824;712.8;1;2038472580549052897;B
20241029;160834;711.9;3;2038472580549052898;S
20241029;160834;711.8;1;2038472580549052899;S
20241029;160834;711.8;1;2038472580549052900;S
20241029;160842;711.3;1;2038472580549052901;S
20241029;160853;711.2;1;2038472580549052902;S
20241029;160944;711.1;2;2038472580549052903;S
20241029;160944;711.1;1;2038472580549052904;S
20241029;160944;711;5;2038472580549052905;S
20241029;160944;711;1;2038472580549052906;S
20241029;160949;710.8;10;2038472580549052907;S
20241029;160949;710.7;10;2038472580549052908;S
20241029;160949;710.6;5;2038472580549052909;S
20241029;160949;710.6;1;2038472580549052910;S
20241029;160949;710.6;2;2038472580549052911;S
20241029;160949;710.5;1;2038472580549052912;S
20241029;160952;710.2;2;2038472580549052913;S
20241029;160952;710.2;1;2038472580549052914;S
20241029;160952;710.1;5;2038472580549052915;S
20241029;160952;710;1;2038472580549052916;S
20241029;160952;709.9;3;2038472580549052917;S
20241029;160953;709.8;1;2038472580549052918;B
20241029;160953;709.9;9;2038472580549052919;B
20241029;160953;709.6;10;2038472580549052920;S
20241029;160953;709.6;5;2038472580549052921;S
20241029;160953;709.9;2;2038472580549052922;B
20241029;160954;709.9;2;2038472580549052923;B
20241029;160958;709.6;51;2038472580549052924;S
20241029;160958;709.1;5;2038472580549052925;S
20241029;161051;709.1;1;2038472580549052926;S
20241029;161116;709.2;1;2038472580549052927;B
20241029;161116;709.7;1;2038472580549052928;B
20241029;161123;709.8;1;2038472580549052929;B
20241029;161125;709.7;1;2038472580549052930;S
20241029;161125;709.1;1;2038472580549052931;S
20241029;161141;709.8;1;2038472580549052932;B
20241029;161150;709.1;4;2038472580549052933;S
20241029;161150;709.8;2;2038472580549052934;B
20241029;161216;710;1;2038472580549052935;B
20241029;161216;710;1;2038472580549052936;B
20241029;161216;710;1;2038472580549052937;B
20241029;161219;709.8;2;2038472580549052938;S
20241029;161219;709.7;83;2038472580549052939;S
20241029;161239;709.2;1;2038472580549052940;S
20241029;161239;709.2;1;2038472580549052941;S
20241029;161324;709.2;3;2038472580549052942;S
20241029;161335;709.4;2;2038472580549052944;B
20241029;161335;709.5;198;2038472580549052945;B
20241029;161353;709.2;6;2038472580549052946;S
20241029;161412;709.2;1;2038472580549052947;S
20241029;161412;709.1;4;2038472580549052948;S
20241029;161412;709;3;2038472580549052949;S
20241029;161424;709.4;1;2038472580549052950;B
20241029;161426;709;2;2038472580549052951;S
20241029;161426;709;5;2038472580549052952;S
20241029;161426;709;3;2038472580549052953;S
20241029;161426;709;10;2038472580549052954;S
20241029;161429;708.9;1;2038472580549052955;S
20241029;161429;708.8;1;2038472580549052956;S
20241029;161429;708.4;1;2038472580549052957;S
20241029;161431;708.3;5;2038472580549052958;S
20241029;161431;708.1;5;2038472580549052959;S
20241029;161431;708;1;2038472580549052960;S
20241029;161431;708;1;2038472580549052961;S
20241029;161431;708;3;2038472580549052962;S
20241029;161432;707.6;1;2038472580549052963;S
20241029;161432;707.5;1;2038472580549052968;S
20241029;161448;707.5;9;2038472580549052969;S
20241029;161448;707.5;1;2038472580549052970;S
20241029;161448;707.5;2;2038472580549052971;S
20241029;161448;707.5;10;2038472580549052972;S
20241029;161449;708.3;1;2038472580549052973;B
20241029;161503;708.2;22;2038472580549052974;B
20241029;161518;708.2;3;2038472580549052975;S
20241029;161518;708.1;20;2038472580549052976;S
20241029;161518;708;10;2038472580549052977;S
20241029;161518;708;1;2038472580549052978;S
20241029;161518;707.5;4;2038472580549052979;S
20241029;161531;707.4;7;2038472580549052980;B
20241029;161531;707.5;43;2038472580549052981;B
20241029;161556;707.5;4;2038472580549052982;B
20241029;161558;707.5;5;2038472580549052983;B
20241029;161617;707.2;2;2038472580549052984;S
20241029;161622;707.2;2;2038472580549052985;S
20241029;161622;707;1;2038472580549052986;S
20241029;161627;707.1;2;2038472580549052987;S
20241029;161627;707;1;2038472580549052988;S
20241029;161627;707;5;2038472580549052989;S
20241029;161627;707;1;2038472580549052990;S
20241029;161638;707;1;2038472580549052991;S
20241029;161643;706.5;1;2038472580549052992;B
20241029;161643;706.9;1;2038472580549052993;B
20241029;161715;706.9;1;2038472580549052994;B
20241029;161715;706.9;1;2038472580549052995;B
20241029;161726;707.2;1;2038472580549052996;B
20241029;161806;706.7;2;2038472580549052997;B
20241029;161808;706.7;2;2038472580549052998;S
20241029;161836;706.1;1;2038472580549052999;S
20241029;161836;706.1;5;2038472580549053000;S
20241029;161836;706;10;2038472580549053001;S
20241029;161836;706;1;2038472580549053002;S
20241029;161836;705.6;2;2038472580549053003;S
20241029;161836;705.5;1;2038472580549053004;S
20241029;161836;705.5;5;2038472580549053005;S
20241029;161836;705.5;40;2038472580549053006;S
20241029;161841;705.3;1;2038472580549053007;B
20241029;161852;705.1;3;2038472580549053008;S
20241029;161855;705.3;1;2038472580549053009;B
20241029;161855;705.4;2;2038472580549053010;B
20241029;161859;705.1;2;2038472580549053011;S
20241029;161859;705;10;2038472580549053012;S
20241029;161859;704.6;10;2038472580549053013;S
20241029;161859;704.6;2;2038472580549053014;S
20241029;161900;704.6;10;2038472580549053015;B
20241029;161900;704.6;2;2038472580549053016;B
20241029;161915;704.6;1;2038472580549053017;B
20241029;161926;704.3;2;2038472580549053018;B
20241029;161936;704.3;5;2038472580549053019;B
20241029;161939;704.3;20;2038472580549053020;B
20241029;161939;704.3;1;2038472580549053021;B
20241029;161948;704.1;2;2038472580549053022;S
20241029;161953;704.1;1;2038472580549053023;S
20241029;161953;704.1;1;2038472580549053024;S
20241029;162001;703.1;1;2038472580549053025;S
20241029;162001;703;1;2038472580549053026;S
20241029;162008;703.3;2;2038472580549053027;B
20241029;162012;703.3;2;2038472580549053028;B
20241029;162019;703.3;10;2038472580549053029;B
20241029;162026;703.7;1;2038472580549053030;B
20241029;162030;703.8;5;2038472580549053031;B
20241029;162037;704;1;2038472580549053032;B
20241029;162037;704.1;1;2038472580549053033;B
20241029;162037;704.2;3;2038472580549053034;B
20241029;162039;704.2;2;2038472580549053035;B
20241029;162044;704.2;1;2038472580549053036;B
20241029;162045;704.2;2;2038472580549053037;B
20241029;162057;704.2;1;2038472580549053038;B
20241029;162057;704.2;1;2038472580549053039;B
20241029;162102;704.5;1;2038472580549053040;B
20241029;162214;704.3;1;2038472580549053043;S
20241029;162224;704.2;1;2038472580549053044;S
20241029;162224;704.2;1;2038472580549053045;S
20241029;162226;704.2;1;2038472580549053046;B
20241029;162233;704.2;1;2038472580549053047;B
20241029;162245;704.2;1;2038472580549053048;B
20241029;162252;704.2;5;2038472580549053049;B
20241029;162309;704.2;1;2038472580549053051;B
20241029;162311;704;30;2038472580549053053;S
20241029;162311;703.8;1;2038472580549053054;S
20241029;162327;703.8;1;2038472580549053056;B
20241029;162351;703.8;5;2038472580549053057;B
20241029;162352;703.7;4;2038472580549053058;S
20241029;162352;703.2;4;2038472580549053059;S
20241029;162352;703.1;1;2038472580549053060;S
20241029;162410;703.1;1;2038472580549053061;B
20241029;162418;703.1;2;2038472580549053064;B
20241029;162434;703.1;1;2038472580549053069;B
20241029;162533;703.1;10;2038472580549053073;B
20241029;162539;703.1;1;2038472580549053074;B
20241029;162539;703.1;8;2038472580549053075;B
20241029;162548;703.1;5;2038472580549053076;B
20241029;162559;703.1;1;2038472580549053077;B
20241029;162604;703.1;1;2038472580549053078;B
20241029;162608;703.1;7;2038472580549053079;B
20241029;162608;703.1;1;2038472580549053080;B
20241029;162617;704.2;1;2038472580549053081;B
20241029;162618;704.3;1;2038472580549053082;B
20241029;162634;705.1;3;2038472580549053083;B
20241029;162637;704.8;2;2038472580549053084;B
20241029;162644;704.4;5;2038472580549053085;B
20241029;162652;704.4;1;2038472580549053086;B
20241029;162729;704.4;5;2038472580549053087;B
20241029;162746;704.4;1;2038472580549053088;S
20241029;162819;705.5;1;2038472580549053089;B
20241029;162819;705.5;5;2038472580549053090;B
20241029;162839;705.9;1;2038472580549053091;B
20241029;162901;705.3;1;2038472580549053097;S
20241029;162901;705.3;1;2038472580549053102;S
20241029;162939;707.2;1;2038472580549053107;B
20241029;162954;707.4;1;2038472580549053108;B
20241029;163020;707.3;1;2038472580549053109;B
20241029;163030;707.3;1;2038472580549053110;B
20241029;163047;707.3;1;2038472580549053111;B
20241029;163054;706.8;1;2038472580549053112;S
20241029;163301;707.6;1;2038472580549053113;S
20241029;163301;708.1;1;2038472580549053114;B
20241029;163301;708.2;3;2038472580549053115;B
20241029;163301;708.5;3;2038472580549053116;B
20241029;163301;709.1;1;2038472580549053117;B
20241029;163301;709.2;3;2038472580549053118;B
20241029;163301;709.6;2;2038472580549053119;B
20241029;163301;709.8;3;2038472580549053120;B
20241029;163301;709.8;3;2038472580549053121;B
20241029;163301;710.5;4;2038472580549053122;B
20241029;163301;711.9;4;2038472580549053123;B
20241029;163303;710.9;3;2038472580549053124;S
20241029;163303;710.9;1;2038472580549053125;S
20241029;163303;710.8;1;2038472580549053126;S
20241029;163303;710.8;1;2038472580549053127;S
20241029;163304;710.6;1;2038472580549053128;S
20241029;163304;710.2;2;2038472580549053129;S
20241029;163320;710.2;1;2038472580549053130;B
20241029;163328;709.5;1;2038472580549053131;S
20241029;163350;711.2;1;2038472580549053132;B
20241029;163350;711.2;1;2038472580549053133;B
20241029;163350;711.3;4;2038472580549053134;B
20241029;163401;711.3;5;2038472580549053135;B
20241029;163405;711.3;1;2038472580549053136;B
20241029;163408;711.3;1;2038472580549053138;B
20241029;163408;711.3;1;2038472580549053143;B
20241029;163408;711.3;1;2038472580549053148;B
20241029;163408;711.3;4;2038472580549053154;B
20241029;163408;711.3;3;2038472580549053159;B
20241029;163408;711.3;2;2038472580549053164;B
20241029;163437;710.4;1;2038472580549053168;S
20241029;163437;710.3;2;2038472580549053169;S
20241029;163437;710.3;1;2038472580549053170;S
20241029;163437;710.3;1;2038472580549053171;S
20241029;163437;710.2;1;2038472580549053172;S
20241029;163437;710.2;1;2038472580549053173;S
20241029;163437;710;1;2038472580549053174;B
20241029;163437;709.6;7;2038472580549053175;S
20241029;163437;707.6;1;2038472580549053176;S
20241029;163524;710.3;2;2038472580549053177;B
20241029;163540;708.6;1;2038472580549053178;S
20241029;163540;708.5;4;2038472580549053179;S
20241029;163556;708.7;2;2038472580549053180;S
20241029;163556;708.6;7;2038472580549053181;S
20241029;163556;708.5;1;2038472580549053182;S
20241029;163628;710;1;2038472580549053183;B
20241029;163628;710;1;2038472580549053184;B
20241029;163628;710.1;2;2038472580549053185;B
20241029;163628;710.3;2;2038472580549053186;B
20241029;163628;710.9;13;2038472580549053187;B
20241029;163628;711;1;2038472580549053188;B
20241029;163634;712;3;2038472580549053189;B
20241029;163647;709.9;1;2038472580549053190;S
20241029;163752;710.1;1;2038472580549053191;S
20241029;163752;710.1;1;2038472580549053192;S
20241029;163752;710.1;1;2038472580549053193;S
20241029;163752;710.1;1;2038472580549053194;S
20241029;163752;710;2;2038472580549053195;S
20241029;163752;709.9;4;2038472580549053196;S
20241029;163807;711.8;2;2038472580549053197;B
20241029;163807;711.8;1;2038472580549053198;B
20241029;163807;711.8;1;2038472580549053199;B
20241029;163807;711.9;2;2038472580549053200;B
20241029;163807;712;1;2038472580549053201;B
20241029;163817;710.1;1;2038472580549053202;S
20241029;163824;711.8;1;2038472580549053203;B
20241029;163826;711.9;1;2038472580549053204;B
20241029;163837;711.9;1;2038472580549053205;B
20241029;163840;711.9;1;2038472580549053206;B
20241029;163844;711.8;1;2038472580549053207;B
20241029;163902;711.9;1;2038472580549053208;B
20241029;163951;711.9;1;2038472580549053209;B
20241029;163958;712;1;2038472580549053210;B
20241029;164054;712;1;2038472580549053213;B
20241029;164054;712;2;2038472580549053218;B
20241029;164239;711.4;1;2038472580549053222;S
20241029;164239;711.3;1;2038472580549053223;S
20241029;164306;711.4;5;2038472580549053224;S
20241029;164306;711.2;1;2038472580549053225;S
20241029;164306;710.9;2;2038472580549053226;S
20241029;164306;710.6;1;2038472580549053227;S
20241029;164306;710.6;2;2038472580549053228;S
20241029;164306;710.5;1;2038472580549053229;S
20241029;164306;710.5;2;2038472580549053230;S
20241029;164306;710.5;1;2038472580549053231;S
20241029;164306;710.4;12;2038472580549053232;S
20241029;164306;710.3;3;2038472580549053233;S
20241029;164328;711.7;1;2038472580549053234;B
20241029;164346;711.8;2;2038472580549053235;B
20241029;164346;711.9;3;2038472580549053236;B
20241029;164353;711.8;1;2038472580549053237;B
20241029;164402;711.8;1;2038472580549053238;S
20241029;164420;711.8;2;2038472580549053239;S
20241029;164428;711.9;3;2038472580549053240;B
20241029;164428;712;2;2038472580549053241;B
20241029;164444;711.8;16;2038472580549053242;S
20241029;164453;710.8;1;2038472580549053243;S
20241029;164511;711.9;1;2038472580549053244;B
20241029;164636;710.3;1;2038472580549053246;S
20241029;164657;711.4;1;2038472580549053247;B
20241029;164859;711.3;1;2038472580549053248;B
20241029;164933;710.5;1;2038472580549053249;S
20241029;164933;710.5;2;2038472580549053250;S
20241029;164933;710.4;1;2038472580549053251;S
20241029;164933;710.2;2;2038472580549053252;S
20241029;164955;711.1;1;2038472580549053253;B
20241029;165009;710.1;1;2038472580549053254;S
20241029;165016;710.9;1;2038472580549053255;B
20241029;165039;710.1;1;2038472580549053256;S
20241029;165040;710;2;2038472580549053257;S
20241029;165040;709.6;2;2038472580549053258;S
20241029;165040;709.5;7;2038472580549053259;S
20241029;165040;709.3;9;2038472580549053260;S
20241029;165049;709.4;2;2038472580549053261;S
20241029;165053;710.1;2;2038472580549053262;S
20241029;165054;710.8;1;2038472580549053263;B
20241029;165056;709.5;1;2038472580549053264;S
20241029;165056;709.4;1;2038472580549053265;S
20241029;165100;709.4;2;2038472580549053266;S
20241029;165100;710.4;1;2038472580549053267;B
20241029;165122;709.4;3;2038472580549053268;S
20241029;165122;709.4;1;2038472580549053269;S
20241029;165122;709.4;2;2038472580549053270;S
20241029;165122;709.3;1;2038472580549053271;S
20241029;165122;709.1;1;2038472580549053272;S
20241029;165123;709.5;1;2038472580549053273;S
20241029;165127;710.2;1;2038472580549053274;B
20241029;165127;710.3;2;2038472580549053275;B
20241029;165127;710.3;1;2038472580549053276;B
20241029;165127;710.5;2;2038472580549053277;B
20241029;165213;710.9;1;2038472580549053278;B
20241029;165214;710.9;1;2038472580549053279;B
20241029;165253;711;1;2038472580549053280;B
20241029;165300;711;1;2038472580549053281;B
