<DATE>;<TIME>;<LAST>;<VOL>;<ID>;<OPER>
20241015;095935;8176;20;2030872713228192125;B
20241015;095935;8176;10;2030872713228192126;B
20241015;095935;8176;5;2030872713228192127;B
20241015;095935;8176;5;2030872713228192128;B
20241015;095935;8176;30;2030872713228192129;S
20241015;095935;8176;5;2030872713228192130;B
20241015;095935;8176;5;2030872713228192131;B
20241015;095935;8176;36;2030872713228192132;S
20241015;100001;8171;1;2030872713228192133;S
20241015;100001;8170;3;2030872713228192134;S
20241015;100001;8170;10;2030872713228192135;S
20241015;100001;8170;1;2030872713228192136;S
20241015;100001;8169.7;1;2030872713228192137;S
20241015;100001;8169.7;1;2030872713228192138;S
20241015;100005;8169.9;1;2030872713228192139;B
20241015;100005;8169;1;2030872713228192140;S
20241015;100005;8169.9;1;2030872713228192141;B
20241015;100006;8168.6;1;2030872713228192142;S
20241015;100007;8169.9;5;2030872713228192143;B
20241015;100016;8169.1;10;2030872713228192144;S
20241015;100027;8170.7;1;2030872713228192145;S
20241015;100042;8170.7;5;2030872713228192146;S
20241015;100045;8170.7;9;2030872713228192147;S
20241015;100045;8170.7;5;2030872713228192148;S
20241015;100045;8167.9;1;2030872713228192149;S
20241015;100045;8167.5;1;2030872713228192150;S
20241015;100045;8167.5;3;2030872713228192151;S
20241015;100049;8170.9;5;2030872713228192152;B
20241015;100100;8171;4;2030872713228192153;B
20241015;100100;8171;4;2030872713228192154;B
20241015;100103;8171;5;2030872713228192155;B
20241015;100103;8171.3;20;2030872713228192156;B
20241015;100103;8171.3;1;2030872713228192157;B
20241015;100103;8171.4;20;2030872713228192158;B
20241015;100103;8171.5;20;2030872713228192159;B
20241015;100103;8171.6;20;2030872713228192160;B
20241015;100103;8171.7;14;2030872713228192161;B
20241015;100103;8175.7;20;2030872713228192162;S
20241015;100103;8175.7;20;2030872713228192163;B
20241015;100103;8175.7;20;2030872713228192164;B
20241015;100108;8175.5;20;2030872713228192165;S
20241015;100108;8171.6;1;2030872713228192166;S
20241015;100108;8171.1;20;2030872713228192167;S
20241015;100108;8171;9;2030872713228192168;S
20241015;100109;8174.6;20;2030872713228192169;S
20241015;100109;8170.7;20;2030872713228192170;S
20241015;100109;8170.6;10;2030872713228192171;S
20241015;100110;8173.8;20;2030872713228192172;S
20241015;100110;8171.5;1;2030872713228192173;S
20241015;100110;8170.6;1;2030872713228192174;S
20241015;100110;8170.4;20;2030872713228192175;S
20241015;100110;8170.3;20;2030872713228192176;S
20241015;100110;8170.2;20;2030872713228192177;S
20241015;100110;8170.1;20;2030872713228192178;S
20241015;100110;8170;20;2030872713228192179;S
20241015;100110;8169.9;20;2030872713228192180;S
20241015;100110;8169.8;20;2030872713228192181;S
20241015;100110;8169.7;20;2030872713228192182;S
20241015;100110;8169.6;18;2030872713228192183;S
20241015;100112;8173.2;5;2030872713228192184;S
20241015;100113;8173.2;10;2030872713228192185;S
20241015;100113;8173.3;4;2030872713228192186;B
20241015;100117;8170.9;20;2030872713228192187;S
20241015;100117;8170.5;10;2030872713228192188;S
20241015;100118;8170;20;2030872713228192189;B
20241015;100118;8172.9;20;2030872713228192190;B
20241015;100118;8173;20;2030872713228192191;B
20241015;100118;8173.1;20;2030872713228192192;B
20241015;100118;8173.2;1;2030872713228192193;B
20241015;100118;8173.2;20;2030872713228192194;B
20241015;100118;8173.3;16;2030872713228192195;B
20241015;100118;8173.3;1;2030872713228192196;B
20241015;100118;8173.4;20;2030872713228192197;B
20241015;100118;8173.5;20;2030872713228192198;B
20241015;100118;8173.5;1;2030872713228192199;B
20241015;100118;8173.6;20;2030872713228192200;B
20241015;100118;8173.7;20;2030872713228192201;B
20241015;100118;8173.8;20;2030872713228192202;B
20241015;100118;8176;81;2030872713228192203;B
20241015;100119;8176;5;2030872713228192204;B
20241015;100119;8177.6;20;2030872713228192205;B
20241015;100119;8177.7;5;2030872713228192206;B
20241015;100122;8174.1;20;2030872713228192207;S
20241015;100122;8174;1;2030872713228192208;S
20241015;100122;8174;1;2030872713228192209;S
20241015;100122;8174;8;2030872713228192210;S
20241015;100131;8174.9;1;2030872713228192211;S
20241015;100131;8174.8;20;2030872713228192212;S
20241015;100131;8174.7;20;2030872713228192213;S
20241015;100131;8174.6;9;2030872713228192214;S
20241015;100132;8173.9;7;2030872713228192215;S
20241015;100138;8177.9;1;2030872713228192216;B
20241015;100138;8177.9;1;2030872713228192217;B
20241015;100138;8178;1;2030872713228192218;B
20241015;100138;8178.1;1;2030872713228192219;B
20241015;100138;8178.7;20;2030872713228192220;B
20241015;100138;8178.8;20;2030872713228192221;B
20241015;100138;8178.9;6;2030872713228192222;B
20241015;100141;8176.1;1;2030872713228192223;S
20241015;100141;8176;4;2030872713228192224;S
20241015;100144;8179;1;2030872713228192225;B
20241015;100148;8179;1;2030872713228192226;B
20241015;100150;8179;1;2030872713228192227;B
20241015;100150;8179.5;1;2030872713228192228;B
20241015;100150;8179.6;18;2030872713228192229;B
20241015;100156;8179.8;2;2030872713228192230;B
20241015;100157;8179.8;18;2030872713228192231;B
20241015;100157;8179.9;20;2030872713228192232;B
20241015;100157;8179.9;1;2030872713228192233;B
20241015;100157;8180;11;2030872713228192234;B
20241015;100202;8180;1;2030872713228192235;B
20241015;100204;8179.8;1;2030872713228192236;S
20241015;100207;8179.8;5;2030872713228192237;S
20241015;100207;8180;2;2030872713228192238;B
20241015;100207;8180;10;2030872713228192239;B
20241015;100213;8180;1;2030872713228192240;B
20241015;100216;8179.8;1;2030872713228192241;S
20241015;100218;8179.9;25;2030872713228192242;S
20241015;100221;8179.9;7;2030872713228192243;S
20241015;100221;8179.8;34;2030872713228192244;S
20241015;100221;8179.8;9;2030872713228192245;S
20241015;100227;8179.9;1;2030872713228192246;B
20241015;100227;8179.8;11;2030872713228192247;S
20241015;100227;8179.2;1;2030872713228192248;S
20241015;100227;8177.4;20;2030872713228192249;S
20241015;100227;8177.3;18;2030872713228192250;S
20241015;100227;8177.1;5;2030872713228192251;S
20241015;100229;8179.9;1;2030872713228192252;B
20241015;100229;8179.9;1;2030872713228192253;B
20241015;100230;8180;5;2030872713228192254;B
20241015;100232;8178.3;1;2030872713228192255;S
20241015;100232;8178.3;1;2030872713228192256;S
20241015;100232;8178.2;1;2030872713228192257;S
20241015;100232;8177.1;2;2030872713228192258;S
20241015;100232;8176.7;20;2030872713228192259;S
20241015;100232;8176.6;20;2030872713228192260;S
20241015;100232;8176.5;5;2030872713228192261;S
20241015;100237;8176.3;2;2030872713228192262;S
20241015;100237;8176;7;2030872713228192263;S
20241015;100237;8176;20;2030872713228192264;S
20241015;100237;8175.9;20;2030872713228192265;S
20241015;100237;8175.8;1;2030872713228192266;S
20241015;100242;8178.2;1;2030872713228192267;S
20241015;100242;8175.2;2;2030872713228192268;S
20241015;100242;8178.9;1;2030872713228192269;B
20241015;100242;8178.9;1;2030872713228192270;B
20241015;100242;8179;20;2030872713228192271;B
20241015;100242;8179.1;20;2030872713228192272;B
20241015;100242;8179.2;20;2030872713228192273;B
20241015;100242;8179.3;20;2030872713228192274;B
20241015;100242;8179.4;20;2030872713228192275;B
20241015;100242;8179.5;20;2030872713228192276;B
20241015;100242;8179.6;20;2030872713228192277;B
20241015;100242;8179.7;20;2030872713228192278;B
20241015;100242;8179.8;20;2030872713228192279;B
20241015;100242;8179.8;5;2030872713228192280;B
20241015;100242;8179.9;13;2030872713228192281;B
20241015;100243;8180;1;2030872713228192282;B
20241015;100246;8178.1;1;2030872713228192283;S
20241015;100246;8178;1;2030872713228192284;S
20241015;100246;8177.3;1;2030872713228192285;S
20241015;100246;8177.3;20;2030872713228192286;S
20241015;100246;8177.2;20;2030872713228192287;S
20241015;100246;8177.1;9;2030872713228192288;S
20241015;100253;8179.9;1;2030872713228192289;B
20241015;100253;8179.9;1;2030872713228192290;B
20241015;100253;8180;40;2030872713228192291;B
20241015;100255;8178.4;1;2030872713228192292;S
20241015;100256;8179.8;1;2030872713228192293;B
20241015;100256;8179.9;2;2030872713228192294;B
20241015;100256;8180;27;2030872713228192295;B
20241015;100258;8178.4;1;2030872713228192296;S
20241015;100258;8178.3;1;2030872713228192297;S
20241015;100258;8178.1;1;2030872713228192298;S
20241015;100258;8177.4;2;2030872713228192299;S
20241015;100306;8178.9;1;2030872713228192300;B
20241015;100306;8178.9;1;2030872713228192301;B
20241015;100306;8179;18;2030872713228192302;B
20241015;100311;8179;32;2030872713228192303;B
20241015;100316;8179;30;2030872713228192304;B
20241015;100322;8179;4;2030872713228192305;B
20241015;100323;8179;16;2030872713228192306;B
20241015;100323;8179.9;2;2030872713228192307;B
20241015;100323;8179.9;1;2030872713228192308;B
20241015;100323;8180;11;2030872713228192309;B
20241015;100325;8180;3;2030872713228192310;B
20241015;100325;8180;32;2030872713228192311;B
20241015;100332;8180;5;2030872713228192312;B
20241015;100332;8180;30;2030872713228192313;B
20241015;100332;8180;32;2030872713228192314;B
20241015;100333;8180;2;2030872713228192315;B
20241015;100335;8179.9;33;2030872713228192316;S
20241015;100339;8180;32;2030872713228192317;B
20241015;100340;8179.9;10;2030872713228192318;S
20241015;100340;8179.9;50;2030872713228192319;S
20241015;100340;8179.9;1;2030872713228192320;S
20241015;100340;8179.9;10;2030872713228192321;S
20241015;100340;8179.9;1;2030872713228192322;S
20241015;100340;8179.1;1;2030872713228192323;S
20241015;100340;8179;20;2030872713228192324;S
20241015;100340;8177.3;10;2030872713228192325;S
20241015;100341;8177.6;30;2030872713228192326;B
20241015;100345;8177.4;80;2030872713228192327;B
20241015;100346;8177.3;70;2030872713228192328;S
20241015;100347;8177.3;10;2030872713228192329;S
20241015;100347;8177.3;100;2030872713228192330;S
20241015;100347;8177.3;100;2030872713228192331;S
20241015;100347;8177.3;10;2030872713228192332;S
20241015;100347;8177.3;10;2030872713228192333;S
20241015;100347;8177.3;10;2030872713228192334;S
20241015;100347;8177.3;10;2030872713228192335;S
20241015;100347;8177.3;10;2030872713228192336;S
20241015;100347;8177.3;100;2030872713228192337;S
20241015;100349;8177.4;1;2030872713228192338;B
20241015;100349;8177.5;29;2030872713228192339;B
20241015;100352;8177.8;2;2030872713228192340;B
20241015;100353;8177.7;20;2030872713228192341;S
20241015;100353;8177.6;50;2030872713228192342;S
20241015;100357;8177.7;60;2030872713228192343;B
20241015;100357;8177.6;100;2030872713228192344;S
20241015;100357;8177.6;36;2030872713228192345;S
20241015;100407;8177.4;8;2030872713228192346;B
20241015;100411;8179.6;1;2030872713228192347;B
20241015;100411;8179.7;99;2030872713228192348;B
20241015;100414;8179.7;32;2030872713228192349;B
20241015;100416;8180;163;2030872713228192350;B
20241015;100416;8180;7;2030872713228192351;B
20241015;100416;8180;16;2030872713228192352;B
20241015;100431;8178.9;1;2030872713228192353;S
20241015;100431;8178.8;20;2030872713228192354;S
20241015;100431;8178.7;20;2030872713228192355;S
20241015;100431;8178.6;9;2030872713228192356;S
20241015;100432;8179.2;10;2030872713228192357;B
20241015;100432;8179.2;60;2030872713228192358;B
20241015;100432;8179.3;6;2030872713228192359;B
20241015;100432;8179.3;11;2030872713228192360;B
20241015;100432;8179.3;3;2030872713228192361;B
20241015;100432;8179.5;20;2030872713228192362;B
20241015;100432;8179.6;1;2030872713228192363;B
20241015;100432;8179.9;20;2030872713228192364;B
20241015;100432;8180;1;2030872713228192365;B
20241015;100432;8180;3;2030872713228192366;B
20241015;100432;8180;5;2030872713228192367;B
20241015;100434;8178.8;9;2030872713228192368;B
20241015;100434;8179.2;15;2030872713228192369;B
20241015;100437;8178.5;1;2030872713228192370;S
20241015;100437;8178.4;1;2030872713228192371;S
20241015;100439;8178.4;10;2030872713228192372;S
20241015;100439;8178.4;100;2030872713228192373;S
20241015;100439;8178.4;8;2030872713228192374;S
20241015;100439;8178.4;67;2030872713228192375;S
20241015;100439;8177.9;1;2030872713228192376;S
20241015;100442;8178.1;9;2030872713228192377;B
20241015;100505;8178.3;1;2030872713228192378;S
20241015;100508;8178;62;2030872713228192379;B
20241015;100510;8178;11;2030872713228192380;B
20241015;100514;8178;26;2030872713228192381;B
20241015;100519;8178.8;8;2030872713228192382;S
20241015;100524;8179.9;1;2030872713228192383;B
20241015;100524;8179.9;1;2030872713228192384;B
20241015;100524;8180;15;2030872713228192385;B
20241015;100524;8180.8;3;2030872713228192386;B
20241015;100524;8180.8;8;2030872713228192387;B
20241015;100526;8181;3;2030872713228192388;B
20241015;100526;8181;7;2030872713228192389;B
20241015;100528;8180.8;5;2030872713228192390;S
20241015;100530;8181.2;3;2030872713228192391;B
20241015;100530;8181.2;12;2030872713228192392;B
20241015;100530;8181.3;2;2030872713228192393;B
20241015;100530;8181.7;13;2030872713228192394;B
20241015;100531;8181.7;2;2030872713228192395;B
20241015;100534;8181.2;2;2030872713228192396;S
20241015;100534;8181.8;2;2030872713228192397;B
20241015;100540;8180.7;1;2030872713228192398;S
20241015;100544;8181.8;2;2030872713228192399;B
20241015;100548;8181.8;50;2030872713228192400;B
20241015;100548;8181.9;15;2030872713228192401;B
20241015;100548;8181.9;1;2030872713228192402;B
20241015;100548;8181.9;1;2030872713228192403;B
20241015;100548;8182;12;2030872713228192404;B
20241015;100548;8182.4;3;2030872713228192405;B
20241015;100548;8182.4;3;2030872713228192406;S
20241015;100549;8182.6;3;2030872713228192407;B
20241015;100549;8182.8;3;2030872713228192408;B
20241015;100549;8182.9;12;2030872713228192409;B
20241015;100553;8183.5;15;2030872713228192410;B
20241015;100553;8183.6;12;2030872713228192411;B
20241015;100553;8184;4;2030872713228192412;B
20241015;100553;8184;3;2030872713228192413;B
20241015;100553;8184.2;3;2030872713228192414;B
20241015;100553;8184.4;3;2030872713228192415;B
20241015;100553;8184.5;100;2030872713228192416;B
20241015;100553;8184.5;12;2030872713228192417;B
20241015;100553;8184.6;20;2030872713228192418;B
20241015;100553;8184.7;20;2030872713228192419;B
20241015;100553;8184.8;20;2030872713228192420;B
20241015;100553;8184.9;20;2030872713228192421;B
20241015;100553;8184.9;100;2030872713228192422;B
20241015;100553;8185;20;2030872713228192423;B
20241015;100554;8185.1;10;2030872713228192424;B
20241015;100555;8185.1;71;2030872713228192425;B
20241015;100557;8185.2;1;2030872713228192426;B
20241015;100559;8185.1;1;2030872713228192427;S
20241015;100559;8185;49;2030872713228192428;S
20241015;100602;8185;100;2030872713228192429;S
20241015;100605;8186.1;1;2030872713228192430;B
20241015;100605;8186.2;5;2030872713228192431;B
20241015;100605;8186;1;2030872713228192432;B
20241015;100609;8186;1;2030872713228192433;B
20241015;100609;8186.2;61;2030872713228192434;B
20241015;100609;8185.8;1;2030872713228192435;S
20241015;100609;8186.5;8;2030872713228192436;S
20241015;100609;8186.5;2;2030872713228192437;S
20241015;100609;8186.3;62;2030872713228192438;S
20241015;100611;8186.2;62;2030872713228192439;B
20241015;100611;8186.2;38;2030872713228192440;B
20241015;100611;8187.3;62;2030872713228192441;B
20241015;100611;8187.2;2;2030872713228192442;S
20241015;100614;8187.2;10;2030872713228192443;B
20241015;100616;8187.2;8;2030872713228192444;B
20241015;100616;8187.2;10;2030872713228192445;B
20241015;100618;8187.2;9;2030872713228192446;B
20241015;100621;8186.9;1;2030872713228192447;S
20241015;100622;8187.2;100;2030872713228192448;B
20241015;100623;8187.2;2;2030872713228192449;B
20241015;100629;8187.2;100;2030872713228192450;B
20241015;100632;8187.2;100;2030872713228192451;B
20241015;100632;8187;1;2030872713228192452;S
20241015;100632;8186.9;17;2030872713228192453;S
20241015;100633;8187.2;2;2030872713228192454;B
20241015;100635;8186.6;50;2030872713228192455;S
20241015;100636;8187.2;100;2030872713228192456;B
20241015;100637;8187.2;100;2030872713228192457;B
20241015;100639;8187.2;2;2030872713228192458;B
20241015;100639;8186.2;21;2030872713228192459;S
20241015;100640;8187.2;2;2030872713228192460;B
20241015;100641;8187.2;2;2030872713228192461;B
20241015;100642;8187.2;4;2030872713228192462;B
20241015;100644;8186.1;4;2030872713228192463;S
20241015;100644;8186.1;4;2030872713228192464;S
20241015;100644;8186.1;3;2030872713228192465;S
20241015;100644;8186;14;2030872713228192466;S
20241015;100645;8186;6;2030872713228192467;S
20241015;100645;8186;1;2030872713228192468;S
20241015;100645;8185.9;8;2030872713228192469;S
20241015;100652;8185.9;1;2030872713228192470;S
20241015;100653;8187;1;2030872713228192471;B
20241015;100704;8187;1;2030872713228192472;S
20241015;100713;8187;1;2030872713228192473;S
20241015;100717;8187.2;4;2030872713228192474;B
20241015;100717;8187.2;1;2030872713228192475;B
20241015;100717;8187.3;18;2030872713228192476;B
20241015;100720;8187.2;1;2030872713228192477;B
20241015;100720;8187.2;32;2030872713228192478;B
20241015;100720;8187.2;5;2030872713228192479;B
20241015;100720;8187.2;70;2030872713228192480;B
20241015;100721;8187;5;2030872713228192481;S
20241015;100723;8187.2;4;2030872713228192482;B
20241015;100723;8187.2;25;2030872713228192483;B
20241015;100732;8187.2;5;2030872713228192484;B
20241015;100732;8187.1;9;2030872713228192485;S
20241015;100733;8187.2;15;2030872713228192486;B
20241015;100733;8187.2;3;2030872713228192487;B
20241015;100733;8187.2;12;2030872713228192488;B
20241015;100733;8187.2;3;2030872713228192489;B
20241015;100733;8187.2;12;2030872713228192490;B
20241015;100734;8187.2;1;2030872713228192491;B
20241015;100734;8187.1;1;2030872713228192492;S
20241015;100735;8187;5;2030872713228192493;S
20241015;100735;8187.2;1;2030872713228192494;B
20241015;100739;8187.2;62;2030872713228192495;B
20241015;100739;8187.2;38;2030872713228192496;B
20241015;100739;8187.8;1;2030872713228192497;B
20241015;100743;8188.6;1;2030872713228192498;B
20241015;100743;8188.6;1;2030872713228192499;B
20241015;100743;8188.6;2;2030872713228192500;B
20241015;100743;8188.6;96;2030872713228192501;B
20241015;100744;8188.4;10;2030872713228192502;S
20241015;100745;8188.6;1;2030872713228192503;B
20241015;100745;8188.6;3;2030872713228192504;B
20241015;100745;8188.6;3;2030872713228192505;B
20241015;100745;8188.6;3;2030872713228192506;B
20241015;100745;8188.6;12;2030872713228192507;B
20241015;100745;8188.6;62;2030872713228192508;B
20241015;100745;8188.6;38;2030872713228192509;B
20241015;100745;8189.6;3;2030872713228192510;B
20241015;100745;8189.6;2;2030872713228192511;B
20241015;100745;8190;19;2030872713228192512;B
20241015;100745;8189.6;3;2030872713228192513;S
20241015;100748;8189.9;1;2030872713228192514;B
20241015;100748;8189.9;100;2030872713228192515;B
20241015;100749;8189.6;1;2030872713228192516;S
20241015;100753;8189.6;30;2030872713228192517;S
20241015;100754;8189.1;1;2030872713228192518;S
20241015;100754;8189.1;4;2030872713228192519;S
20241015;100755;8189;1;2030872713228192520;S
20241015;100803;8190;1;2030872713228192521;B
20241015;100803;8190.3;1;2030872713228192522;B
20241015;100803;8191;2;2030872713228192523;B
20241015;100803;8191.8;1;2030872713228192524;B
20241015;100803;8191.8;2;2030872713228192525;B
20241015;100803;8191.8;8;2030872713228192526;B
20241015;100803;8191.9;62;2030872713228192527;B
20241015;100803;8192;3;2030872713228192528;B
20241015;100803;8192.4;17;2030872713228192529;B
20241015;100819;8190.4;1;2030872713228192530;S
20241015;100819;8190.3;1;2030872713228192531;S
20241015;100819;8190.2;7;2030872713228192532;S
20241015;100823;8191.9;1;2030872713228192533;B
20241015;100823;8192;5;2030872713228192534;B
20241015;100823;8192.1;1;2030872713228192535;B
20241015;100823;8192.2;4;2030872713228192536;B
20241015;100823;8192.3;24;2030872713228192537;B
20241015;100825;8192.3;5;2030872713228192538;B
20241015;100830;8191.9;3;2030872713228192539;S
20241015;100830;8191.8;62;2030872713228192540;S
20241015;100830;8191.7;1;2030872713228192541;S
20241015;100830;8191.1;37;2030872713228192542;S
20241015;100834;8192.6;1;2030872713228192543;B
20241015;100834;8192.7;3;2030872713228192544;B
20241015;100834;8192.7;89;2030872713228192545;B
20241015;100837;8192.1;1;2030872713228192546;S
20241015;100838;8191.8;1;2030872713228192547;S
20241015;100838;8191.7;15;2030872713228192548;S
20241015;100839;8192.9;1;2030872713228192549;B
20241015;100839;8193;1;2030872713228192550;B
20241015;100839;8193.1;100;2030872713228192551;B
20241015;100839;8193.5;14;2030872713228192552;B
20241015;100841;8193.4;71;2030872713228192553;B
20241015;100841;8193.5;100;2030872713228192554;B
20241015;100841;8193.5;29;2030872713228192555;B
20241015;100843;8193.5;20;2030872713228192556;B
20241015;100846;8191.7;1;2030872713228192557;S
20241015;100846;8191.7;1;2030872713228192558;S
20241015;100846;8191.6;1;2030872713228192559;S
20241015;100847;8191.6;19;2030872713228192560;S
20241015;100847;8191.6;1;2030872713228192561;S
20241015;100847;8191.5;10;2030872713228192562;S
20241015;100848;8193.4;1;2030872713228192563;B
20241015;100848;8193.4;1;2030872713228192564;B
20241015;100848;8193.5;98;2030872713228192565;B
20241015;100851;8193.5;5;2030872713228192566;B
20241015;100854;8193.5;12;2030872713228192567;B
20241015;100855;8193.5;100;2030872713228192568;B
20241015;100856;8192;1;2030872713228192569;S
20241015;100906;8193.4;1;2030872713228192570;B
20241015;100907;8193.5;1;2030872713228192571;B
20241015;100908;8193.5;1;2030872713228192572;B
20241015;100915;8193.4;7;2030872713228192573;S
20241015;100915;8193.5;1;2030872713228192574;B
20241015;100915;8193.4;5;2030872713228192575;S
20241015;100916;8193.4;5;2030872713228192576;S
20241015;100918;8193.5;100;2030872713228192577;B
20241015;100918;8193.6;100;2030872713228192578;B
20241015;100918;8194;1;2030872713228192579;B
20241015;100918;8194.1;1;2030872713228192580;B
20241015;100918;8194.2;8;2030872713228192581;B
20241015;100918;8194.8;2;2030872713228192582;B
20241015;100918;8194.9;2;2030872713228192583;B
20241015;100918;8195;10;2030872713228192584;S
20241015;100918;8195;63;2030872713228192585;S
20241015;100918;8193.5;1;2030872713228192586;S
20241015;100918;8193.4;9;2030872713228192587;S
20241015;100922;8193.5;70;2030872713228192588;B
20241015;100923;8193.5;15;2030872713228192589;B
20241015;100923;8193.5;1;2030872713228192590;B
20241015;100924;8193.5;7;2030872713228192591;B
20241015;100926;8193.5;2;2030872713228192592;B
20241015;100931;8193.4;5;2030872713228192593;S
20241015;100932;8193.5;20;2030872713228192594;B
20241015;100936;8193.4;5;2030872713228192595;S
20241015;100939;8193.5;10;2030872713228192596;B
20241015;100942;8193.5;10;2030872713228192597;B
20241015;100944;8193.4;20;2030872713228192598;S
20241015;100950;8193.4;5;2030872713228192599;S
20241015;100951;8193.4;30;2030872713228192600;S
20241015;100957;8193.4;1;2030872713228192601;S
20241015;100957;8193.4;6;2030872713228192602;S
20241015;101005;8193.5;40;2030872713228192603;B
20241015;101012;8193.4;1;2030872713228192604;S
20241015;101017;8193.3;2;2030872713228192605;B
20241015;101020;8192.1;1;2030872713228192606;S
20241015;101020;8192;1;2030872713228192607;S
20241015;101020;8191.9;12;2030872713228192608;S
20241015;101029;8191.9;88;2030872713228192609;S
20241015;101040;8191;20;2030872713228192610;S
20241015;101040;8190.9;15;2030872713228192611;S
20241015;101040;8190.9;20;2030872713228192612;S
20241015;101040;8190.8;20;2030872713228192613;S
20241015;101040;8190.7;20;2030872713228192614;S
20241015;101040;8190.6;12;2030872713228192615;S
20241015;101040;8190.6;20;2030872713228192616;S
20241015;101040;8190.6;40;2030872713228192617;S
20241015;101040;8190.5;20;2030872713228192618;S
20241015;101040;8190.4;20;2030872713228192619;S
20241015;101040;8190.4;40;2030872713228192620;S
20241015;101040;8190.3;20;2030872713228192621;S
20241015;101040;8190.2;20;2030872713228192622;S
20241015;101040;8190.1;20;2030872713228192623;S
20241015;101040;8190;1;2030872713228192624;S
20241015;101040;8189.9;8;2030872713228192625;S
20241015;101040;8189.8;3;2030872713228192626;S
20241015;101040;8189.6;3;2030872713228192627;S
20241015;101040;8189.5;12;2030872713228192628;S
20241015;101040;8189.4;3;2030872713228192629;S
20241015;101040;8188.8;8;2030872713228192630;S
20241015;101040;8188.6;62;2030872713228192631;S
20241015;101040;8188.3;62;2030872713228192632;S
20241015;101040;8187.7;31;2030872713228192633;S
20241015;101049;8191.5;1;2030872713228192634;B
20241015;101057;8191;1;2030872713228192635;S
20241015;101102;8190.9;10;2030872713228192636;B
20241015;101111;8189.4;1;2030872713228192637;S
20241015;101112;8189.4;4;2030872713228192638;S
20241015;101113;8190.8;1;2030872713228192639;B
20241015;101113;8190.9;59;2030872713228192640;B
20241015;101113;8190.9;9;2030872713228192641;B
20241015;101114;8190.9;10;2030872713228192642;B
20241015;101120;8189.4;1;2030872713228192643;S
20241015;101120;8189.3;9;2030872713228192644;S
20241015;101129;8189;10;2030872713228192645;S
20241015;101135;8189.9;1;2030872713228192646;B
20241015;101135;8190;5;2030872713228192647;B
20241015;101136;8190.2;1;2030872713228192648;S
20241015;101145;8190.9;2;2030872713228192649;B
20241015;101149;8190.2;4;2030872713228192650;S
20241015;101149;8190.1;6;2030872713228192651;S
20241015;101151;8190.9;10;2030872713228192652;B
20241015;101153;8191.3;1;2030872713228192653;S
20241015;101153;8191;90;2030872713228192654;S
20241015;101157;8190.1;1;2030872713228192655;S
20241015;101157;8190;62;2030872713228192656;S
20241015;101200;8189.8;40;2030872713228192657;S
20241015;101200;8189.4;1;2030872713228192658;S
20241015;101200;8189.1;20;2030872713228192659;S
20241015;101200;8189;20;2030872713228192660;S
20241015;101200;8189;8;2030872713228192661;S
20241015;101200;8188.9;9;2030872713228192662;S
20241015;101204;8188.9;20;2030872713228192663;S
20241015;101204;8188.9;62;2030872713228192664;S
20241015;101204;8188.8;20;2030872713228192665;S
20241015;101204;8188.8;9;2030872713228192666;S
20241015;101208;8190;5;2030872713228192667;B
20241015;101208;8190;1;2030872713228192668;B
20241015;101208;8190.2;1;2030872713228192669;B
20241015;101208;8191;18;2030872713228192670;B
20241015;101208;8191;1;2030872713228192671;B
20241015;101208;8191.1;1;2030872713228192672;B
20241015;101208;8192.1;20;2030872713228192673;B
20241015;101208;8192.1;17;2030872713228192674;B
20241015;101208;8192.2;20;2030872713228192675;B
20241015;101208;8192.2;40;2030872713228192676;B
20241015;101208;8192.3;4;2030872713228192677;B
20241015;101217;8190.7;1;2030872713228192678;S
20241015;101217;8190.6;1;2030872713228192679;S
20241015;101217;8190.4;1;2030872713228192680;S
20241015;101217;8189.2;2;2030872713228192681;S
20241015;101217;8189.2;2;2030872713228192682;S
20241015;101217;8189.1;1;2030872713228192683;S
20241015;101225;8190.1;64;2030872713228192684;B
20241015;101231;8190.1;2;2030872713228192685;B
20241015;101242;8189.8;1;2030872713228192686;B
20241015;101242;8190.1;9;2030872713228192687;B
20241015;101251;8190;1;2030872713228192688;B
20241015;101255;8189;1;2030872713228192689;S
20241015;101257;8188.7;1;2030872713228192690;S
20241015;101257;8188.6;15;2030872713228192691;S
20241015;101304;8188.5;9;2030872713228192692;S
20241015;101313;8189.9;1;2030872713228192693;B
20241015;101317;8190;1;2030872713228192694;B
20241015;101320;8188.4;1;2030872713228192695;S
20241015;101330;8190;1;2030872713228192696;B
20241015;101340;8189.9;10;2030872713228192697;B
20241015;101340;8190;1;2030872713228192698;B
20241015;101340;8190;2;2030872713228192699;B
20241015;101340;8190.1;1;2030872713228192700;B
20241015;101340;8190.7;1;2030872713228192701;B
20241015;101340;8190.8;15;2030872713228192702;B
20241015;101350;8189.1;1;2030872713228192703;S
20241015;101350;8189;2;2030872713228192704;S
20241015;101400;8188.8;1;2030872713228192705;S
20241015;101400;8188.7;1;2030872713228192706;S
20241015;101400;8188.4;50;2030872713228192707;S
20241015;101400;8188.3;15;2030872713228192708;S
20241015;101400;8188.3;55;2030872713228192709;S
20241015;101404;8189.1;1;2030872713228192710;S
20241015;101404;8188.3;2;2030872713228192711;S
20241015;101404;8188.2;3;2030872713228192712;S
20241015;101404;8188;3;2030872713228192713;S
20241015;101404;8187.9;42;2030872713228192714;S
20241015;101404;8187.9;10;2030872713228192715;S
20241015;101404;8187.8;12;2030872713228192716;S
20241015;101404;8187.8;3;2030872713228192717;S
20241015;101404;8187.8;3;2030872713228192718;S
20241015;101404;8187.8;62;2030872713228192719;S
20241015;101404;8187.6;12;2030872713228192720;S
20241015;101404;8187.5;1;2030872713228192721;S
20241015;101404;8187.4;9;2030872713228192722;S
20241015;101404;8187.4;40;2030872713228192723;S
20241015;101404;8186.9;10;2030872713228192724;S
20241015;101404;8186.9;10;2030872713228192725;S
20241015;101404;8186.9;10;2030872713228192726;S
20241015;101404;8186.8;34;2030872713228192727;S
20241015;101404;8186.7;10;2030872713228192728;S
20241015;101404;8186.7;5;2030872713228192729;S
20241015;101404;8186.7;9;2030872713228192730;S
20241015;101404;8186.9;70;2030872713228192731;B
20241015;101404;8186.6;3;2030872713228192732;S
20241015;101404;8186.5;7;2030872713228192733;S
20241015;101404;8186.4;3;2030872713228192734;S
20241015;101404;8186.3;7;2030872713228192735;S
20241015;101404;8186.3;10;2030872713228192736;S
20241015;101404;8186.2;3;2030872713228192737;S
20241015;101404;8186.1;12;2030872713228192738;S
20241015;101404;8186.1;62;2030872713228192739;S
20241015;101404;8186;23;2030872713228192740;S
20241015;101404;8186;10;2030872713228192741;S
20241015;101404;8185.9;5;2030872713228192742;S
20241015;101404;8185.9;1;2030872713228192743;S
20241015;101404;8185.9;4;2030872713228192744;S
20241015;101404;8185.9;10;2030872713228192745;S
20241015;101404;8185.9;10;2030872713228192746;S
20241015;101404;8185.8;3;2030872713228192747;S
20241015;101404;8185.8;64;2030872713228192748;S
20241015;101404;8185.8;20;2030872713228192749;S
20241015;101404;8185.7;8;2030872713228192750;S
20241015;101404;8185.7;8;2030872713228192751;S
20241015;101404;8185.7;12;2030872713228192752;S
20241015;101404;8185.6;20;2030872713228192753;S
20241015;101404;8185.6;62;2030872713228192754;S
20241015;101404;8185.5;6;2030872713228192755;S
20241015;101404;8185.4;12;2030872713228192756;S
20241015;101404;8185.2;62;2030872713228192757;S
20241015;101404;8185.1;1;2030872713228192758;S
20241015;101404;8185.1;100;2030872713228192759;S
20241015;101404;8185.1;62;2030872713228192760;S
20241015;101404;8185;183;2030872713228192761;S
20241015;101435;8186.8;1;2030872713228192762;S
20241015;101435;8185.9;1;2030872713228192763;S
20241015;101435;8185.8;20;2030872713228192764;S
20241015;101435;8185.7;20;2030872713228192765;S
20241015;101435;8185.6;20;2030872713228192766;S
20241015;101435;8185.5;20;2030872713228192767;S
20241015;101435;8185.4;20;2030872713228192768;S
20241015;101435;8185.3;20;2030872713228192769;S
20241015;101435;8185.3;9;2030872713228192770;B
20241015;101435;8187;1;2030872713228192771;B
20241015;101435;8187.1;60;2030872713228192772;B
20241015;101435;8188.1;1;2030872713228192773;B
20241015;101435;8188.2;2;2030872713228192774;B
20241015;101435;8185.2;3;2030872713228192775;B
20241015;101438;8185.2;6;2030872713228192776;B
20241015;101447;8185.1;1;2030872713228192777;S
20241015;101447;8185.1;1;2030872713228192778;S
20241015;101447;8185;316;2030872713228192779;S
20241015;101450;8185;1;2030872713228192780;B
20241015;101516;8185;64;2030872713228192781;B
20241015;101517;8185;17;2030872713228192782;B
20241015;101517;8185;10;2030872713228192783;B
20241015;101517;8185.2;35;2030872713228192784;B
20241015;101517;8185.2;56;2030872713228192785;B
20241015;101517;8185.6;6;2030872713228192786;B
20241015;101517;8185.6;62;2030872713228192787;B
20241015;101517;8185.9;1;2030872713228192788;B
20241015;101517;8186.1;1;2030872713228192789;B
20241015;101517;8186.2;9;2030872713228192790;B
20241015;101517;8185.7;62;2030872713228192791;S
20241015;101517;8185.5;20;2030872713228192792;S
20241015;101517;8185.2;1;2030872713228192793;S
20241015;101517;8185.2;1;2030872713228192794;B
20241015;101517;8185.2;55;2030872713228192795;B
20241015;101517;8185.2;15;2030872713228192796;B
20241015;101527;8185.1;1;2030872713228192797;B
20241015;101527;8185.2;8;2030872713228192798;B
20241015;101527;8186;1;2030872713228192799;B
20241015;101527;8186.2;60;2030872713228192800;B
20241015;101530;8185.2;8;2030872713228192801;B
20241015;101539;8185.2;62;2030872713228192802;B
20241015;101539;8185.2;30;2030872713228192803;B
20241015;101539;8185.7;32;2030872713228192804;B
20241015;101539;8185.7;8;2030872713228192805;B
20241015;101539;8185.7;3;2030872713228192806;B
20241015;101539;8185.7;15;2030872713228192807;B
20241015;101539;8186.4;1;2030872713228192808;B
20241015;101539;8186.8;24;2030872713228192809;B
20241015;101540;8188;62;2030872713228192810;S
20241015;101540;8187.7;3;2030872713228192811;S
20241015;101540;8187.6;47;2030872713228192812;S
20241015;101540;8188.1;37;2030872713228192813;B
20241015;101540;8188.7;20;2030872713228192814;S
20241015;101540;8188.1;1;2030872713228192815;B
20241015;101540;8188.1;3;2030872713228192816;B
20241015;101540;8188.1;14;2030872713228192817;B
20241015;101540;8188.1;9;2030872713228192818;B
20241015;101542;8188.1;1;2030872713228192819;B
20241015;101546;8187.3;1;2030872713228192820;S
20241015;101546;8187.2;9;2030872713228192821;S
20241015;101556;8186.9;3;2030872713228192822;S
20241015;101556;8186.9;15;2030872713228192823;S
20241015;101556;8186.9;2;2030872713228192824;S
20241015;101556;8186.9;1;2030872713228192825;S
20241015;101556;8187.3;1;2030872713228192826;B
20241015;101556;8187.4;12;2030872713228192827;B
20241015;101556;8187.9;1;2030872713228192828;B
20241015;101556;8188;1;2030872713228192829;B
20241015;101556;8188.1;85;2030872713228192830;B
20241015;101559;8188.1;100;2030872713228192831;B
20241015;101606;8185.5;1;2030872713228192832;S
20241015;101606;8185.5;1;2030872713228192833;S
20241015;101606;8185.4;20;2030872713228192834;S
20241015;101606;8185.3;8;2030872713228192835;S
20241015;101615;8186.6;7;2030872713228192836;S
20241015;101615;8186.9;1;2030872713228192837;B
20241015;101615;8187;31;2030872713228192838;B
20241015;101623;8186.6;13;2030872713228192839;S
20241015;101625;8186.6;2;2030872713228192840;B
20241015;101625;8187;60;2030872713228192841;B
20241015;101626;8187;12;2030872713228192842;B
20241015;101626;8188.9;1;2030872713228192843;B
20241015;101626;8189;1;2030872713228192844;B
20241015;101626;8189.1;2;2030872713228192845;B
20241015;101626;8190;1;2030872713228192846;B
20241015;101626;8187;35;2030872713228192847;B
20241015;101626;8187;15;2030872713228192848;B
20241015;101632;8187;47;2030872713228192849;B
20241015;101632;8187.1;20;2030872713228192850;S
20241015;101636;8187;32;2030872713228192851;B
20241015;101636;8187;1;2030872713228192852;S
20241015;101636;8187;1;2030872713228192853;S
20241015;101637;8187;21;2030872713228192854;B
20241015;101657;8186.9;1;2030872713228192855;S
20241015;101703;8187;51;2030872713228192856;B
20241015;101708;8186.9;1;2030872713228192857;S
20241015;101710;8188;1;2030872713228192858;B
20241015;101710;8188.1;29;2030872713228192859;B
20241015;101711;8188.1;64;2030872713228192860;B
20241015;101711;8188.1;32;2030872713228192861;B
20241015;101712;8188.1;1;2030872713228192862;B
20241015;101712;8188.1;2;2030872713228192863;B
20241015;101712;8188.1;50;2030872713228192864;B
20241015;101715;8188.1;15;2030872713228192865;B
20241015;101718;8188.1;32;2030872713228192866;B
20241015;101720;8188.1;86;2030872713228192867;B
20241015;101722;8189.3;24;2030872713228192868;S
20241015;101725;8189.9;20;2030872713228192869;S
20241015;101729;8190;5;2030872713228192870;B
20241015;101745;8190;4;2030872713228192871;B
20241015;101746;8190;1;2030872713228192872;B
20241015;101753;8190;23;2030872713228192873;B
20241015;101753;8190;9;2030872713228192874;B
20241015;101800;8190;1;2030872713228192875;B
20241015;101800;8190;30;2030872713228192876;B
20241015;101806;8190;10;2030872713228192877;B
20241015;101807;8190;14;2030872713228192878;B
20241015;101807;8190;3;2030872713228192879;B
20241015;101807;8190;29;2030872713228192880;B
20241015;101807;8190;1;2030872713228192881;B
20241015;101813;8190.5;10;2030872713228192882;B
20241015;101820;8191.3;1;2030872713228192883;B
20241015;101820;8191.3;2;2030872713228192884;B
20241015;101820;8191.4;3;2030872713228192885;B
20241015;101820;8191.4;14;2030872713228192886;B
20241015;101821;8191.2;1;2030872713228192887;S
20241015;101823;8191.6;3;2030872713228192888;B
20241015;101823;8191.6;3;2030872713228192889;B
20241015;101824;8191.6;20;2030872713228192890;B
20241015;101831;8191.6;17;2030872713228192891;B
20241015;101831;8191.6;40;2030872713228192892;B
20241015;101831;8191.7;12;2030872713228192893;B
20241015;101831;8191.8;3;2030872713228192894;B
20241015;101831;8191.9;9;2030872713228192895;B
20241015;101833;8192;3;2030872713228192896;B
20241015;101833;8192;1;2030872713228192897;B
20241015;101833;8192.3;5;2030872713228192898;B
20241015;101849;8192.9;1;2030872713228192899;B
20241015;101850;8192.8;73;2030872713228192900;S
20241015;101852;8191;1;2030872713228192901;S
20241015;101852;8191;1;2030872713228192902;S
20241015;101852;8190.9;1;2030872713228192903;S
20241015;101854;8189.3;1;2030872713228192904;S
20241015;101854;8190.7;1;2030872713228192905;B
20241015;102007;8189;1;2030872713228192906;B
20241015;102007;8189.1;1;2030872713228192907;B
20241015;102017;8189.7;1;2030872713228192908;B
20241015;102017;8189.8;1;2030872713228192909;B
20241015;102020;8188.1;1;2030872713228192910;S
20241015;102020;8188.1;1;2030872713228192911;S
20241015;102020;8188;2;2030872713228192912;S
20241015;102020;8187;10;2030872713228192913;S
20241015;102020;8186.6;2;2030872713228192914;S
20241015;102020;8186.5;40;2030872713228192915;S
20241015;102020;8186.5;40;2030872713228192916;S
20241015;102020;8186.2;4;2030872713228192917;S
20241015;102042;8187.3;1;2030872713228192918;S
20241015;102042;8186.3;1;2030872713228192919;S
20241015;102042;8186.2;8;2030872713228192920;S
20241015;102042;8188.6;1;2030872713228192921;B
20241015;102042;8188.7;1;2030872713228192922;B
20241015;102043;8186.2;1;2030872713228192923;S
20241015;102116;8188.4;1;2030872713228192924;B
20241015;102132;8186.8;1;2030872713228192925;S
20241015;102137;8188.4;1;2030872713228192926;B
20241015;102137;8188.5;20;2030872713228192927;B
20241015;102137;8188.5;11;2030872713228192928;B
20241015;102141;8186.3;1;2030872713228192929;S
20241015;102141;8186.3;1;2030872713228192930;S
20241015;102141;8186.2;73;2030872713228192931;S
20241015;102141;8186.1;62;2030872713228192932;S
20241015;102141;8186;1;2030872713228192933;S
20241015;102141;8186;62;2030872713228192934;S
20241015;102209;8187.8;1;2030872713228192935;B
20241015;102209;8187.8;1;2030872713228192936;B
20241015;102209;8187.9;2;2030872713228192937;B
20241015;102215;8186.9;1;2030872713228192938;S
20241015;102219;8188.2;2;2030872713228192939;B
20241015;102224;8188;2;2030872713228192940;B
20241015;102228;8188;10;2030872713228192941;B
20241015;102239;8188;8;2030872713228192942;B
20241015;102239;8188;1;2030872713228192943;B
20241015;102239;8188;1;2030872713228192944;B
20241015;102240;8186.5;1;2030872713228192945;S
20241015;102240;8186.5;1;2030872713228192946;S
20241015;102241;8186.4;1;2030872713228192947;S
20241015;102242;8187.8;1;2030872713228192948;B
20241015;102242;8187.9;6;2030872713228192949;B
20241015;102242;8185.8;1;2030872713228192950;S
20241015;102243;8185.7;1;2030872713228192951;S
20241015;102247;8187.8;1;2030872713228192952;B
20241015;102247;8187.8;1;2030872713228192953;B
20241015;102247;8187.9;14;2030872713228192954;B
20241015;102247;8187.9;7;2030872713228192955;B
20241015;102247;8187.9;6;2030872713228192956;B
20241015;102247;8188;3;2030872713228192957;B
20241015;102251;8185.8;1;2030872713228192958;S
20241015;102251;8185.8;1;2030872713228192959;S
20241015;102251;8185.7;9;2030872713228192960;S
20241015;102251;8185.1;1;2030872713228192961;S
20241015;102251;8185;1;2030872713228192962;S
20241015;102251;8185;37;2030872713228192963;S
20241015;102254;8188.3;1;2030872713228192964;B
20241015;102254;8188.3;1;2030872713228192965;B
20241015;102254;8188.4;20;2030872713228192966;B
20241015;102254;8188.4;3;2030872713228192967;B
20241015;102254;8188.5;7;2030872713228192968;B
20241015;102301;8188.3;32;2030872713228192969;B
20241015;102308;8188.3;16;2030872713228192970;B
20241015;102308;8188.3;13;2030872713228192971;B
20241015;102308;8188.4;3;2030872713228192972;B
20241015;102317;8186.8;1;2030872713228192973;S
20241015;102317;8186.8;1;2030872713228192974;S
20241015;102317;8186.7;1;2030872713228192975;S
20241015;102317;8185.8;1;2030872713228192976;S
20241015;102317;8185.7;3;2030872713228192977;S
20241015;102317;8184.9;2;2030872713228192978;S
20241015;102317;8184.7;20;2030872713228192979;S
20241015;102317;8184.6;62;2030872713228192980;S
20241015;102317;8184.6;8;2030872713228192981;S
20241015;102317;8184.6;1;2030872713228192982;S
20241015;102330;8186.5;1;2030872713228192983;S
20241015;102330;8184.8;1;2030872713228192984;S
20241015;102330;8184.8;1;2030872713228192985;S
20241015;102330;8184.7;2;2030872713228192986;S
20241015;102330;8184.6;19;2030872713228192987;S
20241015;102330;8184.5;62;2030872713228192988;S
20241015;102330;8184.5;14;2030872713228192989;S
20241015;102339;8185;1;2030872713228192990;S
20241015;102339;8184.4;62;2030872713228192991;S
20241015;102339;8184.3;1;2030872713228192992;S
20241015;102339;8184.2;20;2030872713228192993;S
20241015;102339;8184.2;64;2030872713228192994;S
20241015;102339;8184.1;1;2030872713228192995;S
20241015;102339;8183.6;20;2030872713228192996;S
20241015;102339;8183.5;20;2030872713228192997;S
20241015;102339;8183.4;20;2030872713228192998;S
20241015;102339;8183.3;20;2030872713228192999;S
20241015;102339;8183.2;20;2030872713228193000;S
20241015;102339;8183.1;20;2030872713228193001;S
20241015;102339;8183;1;2030872713228193002;S
20241015;102339;8183;62;2030872713228193003;S
20241015;102339;8183;20;2030872713228193004;S
20241015;102339;8182.9;20;2030872713228193005;S
20241015;102339;8182.8;20;2030872713228193006;S
20241015;102339;8182.7;2;2030872713228193007;S
20241015;102339;8182.7;20;2030872713228193008;S
20241015;102339;8182.6;2;2030872713228193009;S
20241015;102339;8182.3;15;2030872713228193010;S
20241015;102339;8182.2;3;2030872713228193011;S
20241015;102339;8182.1;1;2030872713228193012;S
20241015;102339;8182;62;2030872713228193013;S
20241015;102339;8181.9;3;2030872713228193014;S
20241015;102339;8183.4;30;2030872713228193015;S
20241015;102343;8184.8;1;2030872713228193016;B
20241015;102343;8184.9;20;2030872713228193017;B
20241015;102343;8185;11;2030872713228193018;B
20241015;102350;8185;20;2030872713228193019;B
20241015;102350;8185;1;2030872713228193020;B
20241015;102350;8185.1;11;2030872713228193021;B
20241015;102404;8185;29;2030872713228193022;B
20241015;102404;8185.5;3;2030872713228193023;B
20241015;102405;8184.8;1;2030872713228193024;S
20241015;102405;8184.7;32;2030872713228193025;S
20241015;102405;8184.2;1;2030872713228193026;S
20241015;102405;8184;5;2030872713228193027;S
20241015;102405;8184;1;2030872713228193028;B
20241015;102411;8184.9;2;2030872713228193029;B
20241015;102411;8185;20;2030872713228193030;B
20241015;102411;8185.1;10;2030872713228193031;B
20241015;102412;8183.6;1;2030872713228193032;S
20241015;102412;8183.5;1;2030872713228193033;S
20241015;102412;8183.2;8;2030872713228193034;S
20241015;102423;8183.6;1;2030872713228193035;S
20241015;102423;8183.3;32;2030872713228193036;S
20241015;102423;8183.2;12;2030872713228193037;S
20241015;102423;8183.2;1;2030872713228193038;S
20241015;102423;8182.9;4;2030872713228193039;S
20241015;102425;8184.6;1;2030872713228193040;B
20241015;102425;8184.7;31;2030872713228193041;B
20241015;102432;8184.7;19;2030872713228193042;B
20241015;102432;8184.7;13;2030872713228193043;B
20241015;102436;8183;1;2030872713228193044;S
20241015;102436;8182.9;10;2030872713228193045;S
20241015;102436;8182.8;39;2030872713228193046;S
20241015;102438;8184.6;1;2030872713228193047;B
20241015;102438;8184.7;1;2030872713228193048;B
20241015;102446;8184.7;6;2030872713228193049;B
20241015;102446;8184.7;1;2030872713228193050;B
20241015;102446;8184.8;20;2030872713228193051;B
20241015;102446;8184.9;3;2030872713228193052;B
20241015;102446;8184.9;2;2030872713228193053;B
20241015;102447;8183.5;1;2030872713228193054;S
20241015;102447;8183.4;1;2030872713228193055;S
20241015;102447;8183.2;1;2030872713228193056;S
20241015;102447;8182.2;7;2030872713228193057;S
20241015;102452;8182.2;1;2030872713228193058;S
20241015;102459;8184.6;1;2030872713228193059;B
20241015;102459;8184.6;1;2030872713228193060;B
20241015;102459;8184.7;6;2030872713228193061;B
20241015;102500;8182.9;1;2030872713228193062;S
20241015;102500;8182.8;1;2030872713228193063;S
20241015;102500;8182.8;1;2030872713228193064;S
20241015;102500;8182.8;10;2030872713228193065;S
20241015;102500;8182.3;19;2030872713228193066;S
20241015;102500;8184.6;1;2030872713228193067;B
20241015;102500;8184.6;1;2030872713228193068;B
20241015;102500;8184.7;4;2030872713228193069;B
20241015;102500;8184.7;20;2030872713228193070;B
20241015;102500;8184.8;6;2030872713228193071;B
20241015;102502;8185;2;2030872713228193072;B
20241015;102509;8185;18;2030872713228193073;B
20241015;102509;8185.1;3;2030872713228193074;B
20241015;102510;8185.1;2;2030872713228193075;B
20241015;102512;8183.8;1;2030872713228193076;S
20241015;102512;8183.7;24;2030872713228193077;S
20241015;102514;8185.1;15;2030872713228193078;B
20241015;102514;8185.1;3;2030872713228193079;B
20241015;102514;8185.1;1;2030872713228193080;B
20241015;102514;8185.2;13;2030872713228193081;B
20241015;102521;8185.2;7;2030872713228193082;B
20241015;102521;8185.2;15;2030872713228193083;B
20241015;102521;8185.3;20;2030872713228193084;B
20241015;102521;8185.4;8;2030872713228193085;B
20241015;102521;8185.4;12;2030872713228193086;B
20241015;102521;8185.5;20;2030872713228193087;B
20241015;102526;8186.1;20;2030872713228193088;B
20241015;102526;8186.2;20;2030872713228193089;B
20241015;102526;8186.3;20;2030872713228193090;B
20241015;102526;8186.4;10;2030872713228193091;B
20241015;102526;8186.5;3;2030872713228193092;B
20241015;102526;8186.5;2;2030872713228193093;B
20241015;102526;8186.6;1;2030872713228193094;B
20241015;102526;8186.6;4;2030872713228193095;B
20241015;102535;8188.2;20;2030872713228193096;B
20241015;102535;8188.3;12;2030872713228193097;B
20241015;102542;8188.4;32;2030872713228193098;B
20241015;102549;8188.4;22;2030872713228193099;B
20241015;102549;8188.4;32;2030872713228193100;B
20241015;102552;8188.4;2;2030872713228193101;B
20241015;102552;8188.4;10;2030872713228193102;B
20241015;102553;8188.4;2;2030872713228193103;B
20241015;102556;8188.4;32;2030872713228193104;B
20241015;102601;8188.3;10;2030872713228193105;S
20241015;102601;8188.3;7;2030872713228193106;S
20241015;102604;8188.4;3;2030872713228193107;B
20241015;102604;8188.5;1;2030872713228193108;B
20241015;102604;8188.5;18;2030872713228193109;B
20241015;102604;8188.5;3;2030872713228193110;B
20241015;102605;8188.5;32;2030872713228193111;B
20241015;102606;8188.5;20;2030872713228193112;B
20241015;102606;8188.5;3;2030872713228193113;B
20241015;102606;8188.5;2;2030872713228193114;B
20241015;102610;8188.5;53;2030872713228193115;B
20241015;102610;8190;1;2030872713228193116;B
20241015;102610;8190.1;3;2030872713228193117;B
20241015;102610;8190.2;2;2030872713228193118;B
20241015;102610;8190.2;5;2030872713228193119;B
20241015;102610;8190.9;6;2030872713228193120;B
20241015;102615;8189.9;1;2030872713228193121;S
20241015;102615;8189.8;2;2030872713228193122;S
20241015;102616;8191.3;3;2030872713228193123;S
20241015;102623;8191.4;29;2030872713228193124;S
20241015;102623;8191.3;47;2030872713228193125;S
20241015;102623;8190.1;5;2030872713228193126;S
20241015;102623;8189.9;1;2030872713228193127;S
20241015;102623;8189.9;1;2030872713228193128;S
20241015;102623;8189.3;1;2030872713228193129;S
20241015;102623;8189.2;20;2030872713228193130;S
20241015;102623;8189.1;20;2030872713228193131;S
20241015;102623;8189;20;2030872713228193132;S
20241015;102623;8188.9;20;2030872713228193133;S
20241015;102623;8188.8;20;2030872713228193134;S
20241015;102623;8188.8;16;2030872713228193135;S
20241015;102637;8191.5;1;2030872713228193136;B
20241015;102637;8191.5;1;2030872713228193137;B
20241015;102637;8191.6;1;2030872713228193138;B
20241015;102637;8191.6;10;2030872713228193139;B
20241015;102637;8191.8;8;2030872713228193140;B
20241015;102637;8191.9;20;2030872713228193141;B
20241015;102637;8192;23;2030872713228193142;B
20241015;102637;8192;20;2030872713228193143;B
20241015;102637;8192.1;20;2030872713228193144;B
20241015;102637;8192.2;20;2030872713228193145;B
20241015;102637;8192.3;4;2030872713228193146;B
20241015;102640;8192;6;2030872713228193147;B
20241015;102640;8192.7;2;2030872713228193148;B
20241015;102641;8192.8;1;2030872713228193149;B
20241015;102641;8193;3;2030872713228193150;B
20241015;102641;8193;6;2030872713228193151;B
20241015;102641;8193;5;2030872713228193152;B
20241015;102650;8193;5;2030872713228193153;B
20241015;102654;8191.4;1;2030872713228193154;S
20241015;102658;8192.9;1;2030872713228193155;B
20241015;102658;8193;7;2030872713228193156;B
20241015;102709;8193;32;2030872713228193157;B
20241015;102716;8193;3;2030872713228193158;B
20241015;102716;8193.2;3;2030872713228193159;B
20241015;102716;8193.2;26;2030872713228193160;B
20241015;102723;8193.3;8;2030872713228193161;B
20241015;102723;8193.3;32;2030872713228193162;B
20241015;102727;8193.3;62;2030872713228193163;B
20241015;102728;8193.3;70;2030872713228193164;B
20241015;102730;8193.3;32;2030872713228193165;B
20241015;102737;8193.3;32;2030872713228193166;B
20241015;102740;8193.3;3;2030872713228193167;B
20241015;102741;8193.3;4;2030872713228193168;B
20241015;102742;8193.3;10;2030872713228193169;B
20241015;102743;8193;1;2030872713228193170;S
20241015;102743;8192.9;4;2030872713228193171;S
20241015;102746;8193.3;5;2030872713228193172;B
20241015;102751;8193.3;15;2030872713228193173;B
20241015;102756;8193.3;40;2030872713228193174;B
20241015;102756;8193.3;3;2030872713228193175;B
20241015;102759;8193.3;9;2030872713228193176;B
20241015;102801;8193.3;6;2030872713228193177;B
20241015;102801;8193.3;2;2030872713228193178;B
20241015;102802;8194.8;1;2030872713228193179;B
20241015;102802;8194.9;1;2030872713228193180;B
20241015;102802;8194.9;1;2030872713228193181;B
20241015;102802;8195;1;2030872713228193182;B
20241015;102802;8195.4;2;2030872713228193183;S
20241015;102803;8195.9;1;2030872713228193184;B
20241015;102803;8195.9;1;2030872713228193185;B
20241015;102803;8196.1;1;2030872713228193186;B
20241015;102803;8196.8;2;2030872713228193187;B
20241015;102803;8196.9;1;2030872713228193188;B
20241015;102803;8197.1;2;2030872713228193189;B
20241015;102803;8197.4;1;2030872713228193190;B
20241015;102803;8197.5;1;2030872713228193191;B
20241015;102803;8197.7;100;2030872713228193192;B
20241015;102803;8198;4;2030872713228193193;B
20241015;102803;8198;20;2030872713228193194;B
20241015;102803;8198.1;1;2030872713228193195;B
20241015;102803;8198.1;20;2030872713228193196;B
20241015;102803;8198.2;20;2030872713228193197;B
20241015;102803;8198.3;5;2030872713228193198;B
20241015;102803;8198.3;20;2030872713228193199;B
20241015;102803;8198.4;20;2030872713228193200;B
20241015;102803;8198.5;20;2030872713228193201;B
20241015;102803;8198.6;20;2030872713228193202;B
20241015;102803;8198.7;20;2030872713228193203;B
20241015;102803;8198.8;20;2030872713228193204;B
20241015;102803;8198.9;20;2030872713228193205;B
20241015;102803;8199;4;2030872713228193206;B
20241015;102803;8199;20;2030872713228193207;B
20241015;102803;8199;1;2030872713228193208;B
20241015;102803;8199.1;3;2030872713228193209;B
20241015;102803;8199.3;1;2030872713228193210;B
20241015;102803;8199.3;3;2030872713228193211;B
20241015;102803;8199.4;8;2030872713228193212;B
20241015;102803;8199.4;8;2030872713228193213;B
20241015;102803;8199.4;15;2030872713228193214;B
20241015;102803;8199.4;12;2030872713228193215;B
20241015;102803;8199.4;10;2030872713228193216;S
20241015;102803;8199.4;100;2030872713228193217;S
20241015;102803;8199.4;10;2030872713228193218;S
20241015;102803;8199.4;10;2030872713228193219;S
20241015;102803;8199.4;2;2030872713228193220;S
20241015;102803;8199.4;15;2030872713228193221;S
20241015;102803;8199.4;100;2030872713228193222;S
20241015;102803;8199.4;100;2030872713228193223;S
20241015;102803;8199.4;100;2030872713228193224;S
20241015;102803;8199.4;100;2030872713228193225;S
20241015;102803;8199.4;100;2030872713228193226;S
20241015;102803;8199.4;100;2030872713228193227;S
20241015;102803;8199.4;14;2030872713228193228;S
20241015;102803;8199.4;100;2030872713228193229;S
20241015;102803;8199.4;14;2030872713228193230;S
20241015;102803;8199.4;100;2030872713228193231;S
20241015;102803;8199.4;100;2030872713228193232;S
20241015;102803;8199.4;14;2030872713228193233;S
20241015;102803;8199.4;100;2030872713228193234;S
20241015;102803;8199.4;100;2030872713228193235;S
20241015;102803;8199.4;14;2030872713228193236;S
20241015;102803;8199.4;100;2030872713228193237;S
20241015;102803;8199.4;14;2030872713228193238;S
20241015;102803;8199.4;14;2030872713228193239;S
20241015;102803;8199.4;74;2030872713228193240;S
20241015;102803;8197.8;1;2030872713228193241;B
20241015;102803;8199.2;1;2030872713228193242;S
20241015;102803;8199.4;15;2030872713228193243;B
20241015;102804;8198;7;2030872713228193244;B
20241015;102804;8197.2;1;2030872713228193245;S
20241015;102804;8198;50;2030872713228193246;B
20241015;102804;8197.2;1;2030872713228193247;S
20241015;102804;8198;9;2030872713228193248;B
20241015;102806;8198;15;2030872713228193249;B
20241015;102809;8198;10;2030872713228193250;B
20241015;102816;8197.9;5;2030872713228193251;B
20241015;102822;8197.8;10;2030872713228193252;B
20241015;102824;8197.8;16;2030872713228193253;B
20241015;102829;8196.7;1;2030872713228193254;S
20241015;102829;8196.7;1;2030872713228193255;S
20241015;102829;8196.6;5;2030872713228193256;S
20241015;102829;8196.5;20;2030872713228193257;S
20241015;102829;8196.4;20;2030872713228193258;S
20241015;102829;8196.3;20;2030872713228193259;S
20241015;102829;8196.2;20;2030872713228193260;S
20241015;102829;8196.2;8;2030872713228193261;S
20241015;102829;8196.1;5;2030872713228193262;S
20241015;102829;8197.6;1;2030872713228193263;B
20241015;102829;8197.7;2;2030872713228193264;B
20241015;102833;8196.8;1;2030872713228193265;B
20241015;102834;8196.8;4;2030872713228193266;B
20241015;102835;8195.7;1;2030872713228193267;S
20241015;102835;8195.6;20;2030872713228193268;S
20241015;102835;8195.6;20;2030872713228193269;S
20241015;102835;8195.6;10;2030872713228193270;S
20241015;102836;8195.6;10;2030872713228193271;B
20241015;102836;8195.6;4;2030872713228193272;B
20241015;102839;8195.6;2;2030872713228193273;B
20241015;102844;8195.6;6;2030872713228193274;B
20241015;102844;8195.6;16;2030872713228193275;B
20241015;102849;8195.6;16;2030872713228193276;B
20241015;102852;8195.5;1;2030872713228193277;S
20241015;102853;8195.6;56;2030872713228193278;B
20241015;102854;8195.6;2;2030872713228193279;B
20241015;102859;8195.6;6;2030872713228193280;B
20241015;102901;8195.5;2;2030872713228193281;S
20241015;102901;8195.5;1;2030872713228193282;S
20241015;102904;8195.6;2;2030872713228193283;B
20241015;102909;8195.6;16;2030872713228193284;B
20241015;102910;8195.6;10;2030872713228193285;B
20241015;102912;8195.6;2;2030872713228193286;B
20241015;102914;8195.6;1;2030872713228193287;B
20241015;102914;8195.6;1;2030872713228193288;B
20241015;102920;8196;8;2030872713228193289;B
20241015;102924;8196;2;2030872713228193290;B
20241015;102934;8197.5;50;2030872713228193291;S
20241015;102936;8196;2;2030872713228193292;S
20241015;102936;8195.9;3;2030872713228193293;S
20241015;102938;8197.4;1;2030872713228193294;B
20241015;102938;8197.5;61;2030872713228193295;B
20241015;102938;8197.5;62;2030872713228193296;B
20241015;102938;8197.5;62;2030872713228193297;B
20241015;102939;8197.5;12;2030872713228193298;B
20241015;102944;8197.1;1;2030872713228193299;S
20241015;102944;8197;7;2030872713228193300;S
20241015;102944;8197.5;2;2030872713228193301;B
20241015;102950;8197.5;1;2030872713228193302;B
20241015;102950;8197.5;13;2030872713228193303;B
20241015;102955;8197.5;19;2030872713228193304;B
20241015;102958;8197.4;1;2030872713228193305;S
20241015;103000;8197.5;10;2030872713228193306;B
20241015;103000;8197.4;1;2030872713228193307;S
20241015;103000;8197.5;4;2030872713228193308;B
20241015;103002;8197.5;3;2030872713228193309;B
20241015;103002;8197.5;1;2030872713228193310;B
20241015;103002;8197.7;1;2030872713228193311;B
20241015;103002;8197.8;13;2030872713228193312;B
20241015;103002;8197.8;1;2030872713228193313;B
20241015;103002;8197.8;8;2030872713228193314;B
20241015;103002;8197.8;64;2030872713228193315;B
20241015;103002;8197.8;62;2030872713228193316;B
20241015;103002;8197.8;62;2030872713228193317;B
20241015;103002;8197.8;4;2030872713228193318;B
20241015;103002;8197.9;27;2030872713228193319;B
20241015;103002;8198;31;2030872713228193320;B
20241015;103002;8198;2;2030872713228193321;B
20241015;103002;8198;10;2030872713228193322;B
20241015;103002;8198;50;2030872713228193323;B
20241015;103002;8198.1;9;2030872713228193324;B
20241015;103002;8198.2;1;2030872713228193325;B
20241015;103002;8198.7;1;2030872713228193326;B
20241015;103003;8199;1;2030872713228193327;B
20241015;103003;8199;19;2030872713228193328;B
20241015;103003;8199.6;1;2030872713228193329;B
20241015;103003;8199.8;32;2030872713228193330;B
20241015;103003;8199.9;5;2030872713228193331;B
20241015;103003;8199.9;1;2030872713228193332;B
20241015;103003;8200;1;2030872713228193333;B
20241015;103003;8200;1;2030872713228193334;B
20241015;103003;8200;5;2030872713228193335;B
20241015;103003;8200;2;2030872713228193336;B
20241015;103003;8200;1;2030872713228193337;B
20241015;103003;8200;1;2030872713228193338;B
20241015;103003;8200;10;2030872713228193339;B
20241015;103003;8200;20;2030872713228193340;B
20241015;103003;8200;7;2030872713228193341;B
20241015;103003;8200;3;2030872713228193342;B
20241015;103003;8200;2;2030872713228193343;B
20241015;103003;8200;1;2030872713228193344;B
20241015;103004;8200.9;7;2030872713228193345;B
20241015;103004;8200;1;2030872713228193346;B
20241015;103004;8200;1;2030872713228193347;B
20241015;103004;8200;1;2030872713228193348;B
20241015;103004;8200.9;100;2030872713228193349;B
20241015;103004;8201.4;1;2030872713228193350;B
20241015;103004;8201.6;20;2030872713228193351;B
20241015;103004;8201.6;8;2030872713228193352;B
20241015;103004;8201.7;20;2030872713228193353;B
20241015;103004;8201.8;20;2030872713228193354;B
20241015;103004;8201.9;20;2030872713228193355;B
20241015;103004;8202;20;2030872713228193356;B
20241015;103004;8202.1;20;2030872713228193357;B
20241015;103004;8202.2;100;2030872713228193358;B
20241015;103004;8202.2;20;2030872713228193359;B
20241015;103004;8202.3;20;2030872713228193360;B
20241015;103004;8202.3;40;2030872713228193361;B
20241015;103004;8202.4;20;2030872713228193362;B
20241015;103004;8202.5;20;2030872713228193363;B
20241015;103004;8202.7;40;2030872713228193364;B
20241015;103004;8202.9;3;2030872713228193365;B
20241015;103004;8203.2;5;2030872713228193366;B
20241015;103004;8199.3;1;2030872713228193367;S
20241015;103005;8200;1;2030872713228193368;B
20241015;103005;8200.9;100;2030872713228193369;B
20241015;103005;8203.2;8;2030872713228193370;B
20241015;103005;8203.2;20;2030872713228193371;B
20241015;103005;8203.3;3;2030872713228193372;B
20241015;103005;8203.3;3;2030872713228193373;B
20241015;103005;8203.3;20;2030872713228193374;B
20241015;103005;8203.4;400;2030872713228193375;B
20241015;103005;8203.4;20;2030872713228193376;B
20241015;103005;8203.5;20;2030872713228193377;B
20241015;103005;8203.6;12;2030872713228193378;B
20241015;103005;8203.6;20;2030872713228193379;B
20241015;103005;8203.7;15;2030872713228193380;B
20241015;103005;8203.7;20;2030872713228193381;B
20241015;103005;8203.8;20;2030872713228193382;B
20241015;103005;8203.9;20;2030872713228193383;B
20241015;103005;8204;20;2030872713228193384;B
20241015;103005;8204.1;20;2030872713228193385;B
20241015;103005;8204.4;8;2030872713228193386;B
20241015;103005;8204.5;3;2030872713228193387;B
20241015;103005;8204.7;1;2030872713228193388;B
20241015;103005;8204.7;3;2030872713228193389;B
20241015;103005;8204.9;12;2030872713228193390;B
20241015;103005;8205;1;2030872713228193391;B
20241015;103005;8205.4;8;2030872713228193392;B
20241015;103005;8205.5;2;2030872713228193393;B
20241015;103005;8205.5;50;2030872713228193394;B
20241015;103005;8206;2;2030872713228193395;B
20241015;103005;8206.8;3;2030872713228193396;B
20241015;103005;8207;64;2030872713228193397;B
20241015;103005;8207.7;1;2030872713228193398;B
20241015;103005;8207.7;8;2030872713228193399;B
20241015;103005;8208;3;2030872713228193400;B
20241015;103005;8208;1;2030872713228193401;B
20241015;103005;8208;6;2030872713228193402;B
20241015;103005;8208.6;8;2030872713228193403;B
20241015;103005;8209;100;2030872713228193404;B
20241015;103005;8209;100;2030872713228193405;B
20241015;103005;8209.2;1;2030872713228193406;B
20241015;103005;8209.7;4;2030872713228193407;B
20241015;103005;8210;1;2030872713228193408;B
20241015;103005;8210;20;2030872713228193409;B
20241015;103005;8210;2;2030872713228193410;B
20241015;103005;8210;1;2030872713228193411;B
20241015;103005;8210.7;45;2030872713228193412;B
20241015;103005;8204.9;3;2030872713228193413;B
20241015;103005;8204.9;5;2030872713228193414;S
20241015;103005;8199.7;5;2030872713228193415;S
20241015;103005;8200.2;1;2030872713228193416;S
20241015;103005;8205.1;1;2030872713228193417;B
20241015;103005;8205.3;12;2030872713228193418;B
20241015;103005;8205.3;1;2030872713228193419;B
20241015;103005;8205.4;15;2030872713228193420;B
20241015;103005;8206.1;3;2030872713228193421;B
20241015;103005;8206.3;3;2030872713228193422;B
20241015;103005;8206.5;3;2030872713228193423;B
20241015;103005;8206.6;11;2030872713228193424;B
20241015;103005;8204.1;5;2030872713228193425;S
20241015;103005;8204.1;1;2030872713228193426;S
20241015;103005;8204.1;1;2030872713228193427;S
20241015;103005;8204.1;1;2030872713228193428;S
20241015;103005;8204.1;1;2030872713228193429;S
20241015;103006;8204.1;1;2030872713228193430;S
20241015;103006;8205;15;2030872713228193431;B
20241015;103006;8206.9;10;2030872713228193432;B
20241015;103006;8204.9;1;2030872713228193433;B
20241015;103015;8207;10;2030872713228193434;B
20241015;103016;8207;1;2030872713228193435;B
20241015;103019;8207.7;1;2030872713228193436;B
20241015;103020;8206.8;2;2030872713228193437;S
20241015;103021;8207.3;3;2030872713228193438;S
20241015;103025;8207.8;18;2030872713228193439;S
20241015;103028;8207.9;3;2030872713228193440;B
20241015;103028;8207.9;1;2030872713228193441;B
20241015;103029;8209.5;1;2030872713228193442;B
20241015;103030;8209.9;8;2030872713228193443;B
20241015;103030;8210;5;2030872713228193444;B
20241015;103030;8210;80;2030872713228193445;B
20241015;103030;8210;7;2030872713228193446;B
20241015;103030;8210;1;2030872713228193447;B
20241015;103030;8210;4;2030872713228193448;B
20241015;103030;8210;1;2030872713228193449;B
20241015;103031;8210;1;2030872713228193450;B
20241015;103035;8210;1;2030872713228193451;B
20241015;103035;8210;4;2030872713228193452;S
20241015;103035;8209;1;2030872713228193453;S
20241015;103035;8208.9;5;2030872713228193454;S
20241015;103037;8208.7;1;2030872713228193455;S
20241015;103037;8210;1;2030872713228193456;B
20241015;103038;8210;19;2030872713228193457;B
20241015;103038;8210;1;2030872713228193458;B
20241015;103038;8210.2;15;2030872713228193459;B
20241015;103038;8210.2;3;2030872713228193460;B
20241015;103038;8210.2;12;2030872713228193461;B
20241015;103038;8210.3;6;2030872713228193462;S
20241015;103038;8208.9;25;2030872713228193463;B
20241015;103041;8210.4;3;2030872713228193464;B
20241015;103041;8210.4;7;2030872713228193465;B
20241015;103043;8211.2;1;2030872713228193466;B
20241015;103043;8211.4;12;2030872713228193467;B
20241015;103043;8211.5;6;2030872713228193468;B
20241015;103043;8209.7;1;2030872713228193469;S
20241015;103043;8209.7;1;2030872713228193470;S
20241015;103043;8209.6;1;2030872713228193471;S
20241015;103043;8209.2;1;2030872713228193472;S
20241015;103043;8209.1;2;2030872713228193473;S
20241015;103043;8209.1;20;2030872713228193474;S
20241015;103043;8209;20;2030872713228193475;S
20241015;103043;8208.9;20;2030872713228193476;S
20241015;103043;8208.9;2;2030872713228193477;S
20241015;103043;8208.8;12;2030872713228193478;S
20241015;103050;8209.8;1;2030872713228193479;B
20241015;103050;8209.8;1;2030872713228193480;B
20241015;103050;8209.9;1;2030872713228193481;B
20241015;103050;8210.6;1;2030872713228193482;B
20241015;103050;8210.7;1;2030872713228193483;B
20241015;103050;8211.6;1;2030872713228193484;B
20241015;103050;8211.7;24;2030872713228193485;B
20241015;103051;8210.2;1;2030872713228193486;S
20241015;103051;8209.4;1;2030872713228193487;S
20241015;103055;8212.2;1;2030872713228193488;B
20241015;103055;8212.3;1;2030872713228193489;B
20241015;103059;8212;1;2030872713228193490;B
20241015;103059;8212;11;2030872713228193491;B
20241015;103059;8211.6;2;2030872713228193492;S
20241015;103101;8212;8;2030872713228193493;B
20241015;103102;8211.4;1;2030872713228193494;S
20241015;103102;8211.4;1;2030872713228193495;S
20241015;103103;8212;1;2030872713228193496;B
20241015;103103;8212;1;2030872713228193497;B
20241015;103104;8211.9;1;2030872713228193498;S
20241015;103107;8211.9;10;2030872713228193499;B
20241015;103119;8211.8;1;2030872713228193500;B
20241015;103119;8211.9;9;2030872713228193501;B
20241015;103119;8211.3;15;2030872713228193502;S
20241015;103119;8211.3;20;2030872713228193503;S
20241015;103119;8211.1;1;2030872713228193504;S
20241015;103120;8211;14;2030872713228193505;B
20241015;103122;8211.5;6;2030872713228193506;S
20241015;103122;8210.9;3;2030872713228193507;S
20241015;103122;8210.7;1;2030872713228193508;S
20241015;103124;8211.7;1;2030872713228193509;B
20241015;103126;8211.8;5;2030872713228193510;B
20241015;103126;8211.9;28;2030872713228193511;B
20241015;103127;8211.9;5;2030872713228193512;B
20241015;103127;8211.6;1;2030872713228193513;S
20241015;103127;8210.9;1;2030872713228193514;S
20241015;103127;8210.7;12;2030872713228193515;S
20241015;103127;8210.6;12;2030872713228193516;S
20241015;103127;8210.6;1;2030872713228193517;S
20241015;103127;8210.5;3;2030872713228193518;S
20241015;103127;8210.5;20;2030872713228193519;S
20241015;103128;8211.8;1;2030872713228193520;B
20241015;103130;8211.5;5;2030872713228193521;B
20241015;103131;8211.9;1;2030872713228193522;B
20241015;103135;8211.7;20;2030872713228193523;S
20241015;103135;8210.4;1;2030872713228193524;S
20241015;103135;8210.3;1;2030872713228193525;S
20241015;103135;8210.3;1;2030872713228193526;S
20241015;103135;8210.2;20;2030872713228193527;S
20241015;103135;8210.2;7;2030872713228193528;S
20241015;103135;8211.8;1;2030872713228193529;B
20241015;103135;8211.9;49;2030872713228193530;B
20241015;103136;8210.4;1;2030872713228193531;S
20241015;103136;8210.3;1;2030872713228193532;S
20241015;103136;8210.1;20;2030872713228193533;S
20241015;103136;8210.1;3;2030872713228193534;S
20241015;103136;8210;20;2030872713228193535;S
20241015;103136;8209.9;20;2030872713228193536;S
20241015;103136;8209.8;20;2030872713228193537;S
20241015;103136;8209.7;20;2030872713228193538;S
20241015;103136;8209.7;15;2030872713228193539;S
20241015;103136;8209.6;20;2030872713228193540;S
20241015;103136;8209.5;20;2030872713228193541;S
20241015;103136;8209.4;20;2030872713228193542;S
20241015;103136;8209.4;1;2030872713228193543;S
20241015;103136;8209.3;20;2030872713228193544;S
20241015;103136;8209.3;3;2030872713228193545;S
20241015;103136;8209.2;20;2030872713228193546;S
20241015;103136;8209;12;2030872713228193547;S
20241015;103136;8208.9;3;2030872713228193548;S
20241015;103136;8208.9;12;2030872713228193549;S
20241015;103136;8208.6;20;2030872713228193550;S
20241015;103136;8208.5;40;2030872713228193551;S
20241015;103136;8208.3;40;2030872713228193552;S
20241015;103136;8208.3;1;2030872713228193553;S
20241015;103136;8207.7;16;2030872713228193554;S
20241015;103136;8206.8;16;2030872713228193555;S
20241015;103136;8206.5;16;2030872713228193556;S
20241015;103136;8206;1;2030872713228193557;S
20241015;103136;8205.8;99;2030872713228193558;S
20241015;103136;8208.5;3;2030872713228193559;S
20241015;103136;8208.1;15;2030872713228193560;S
20241015;103136;8207.6;3;2030872713228193561;S
20241015;103136;8207.3;3;2030872713228193562;S
20241015;103136;8207.3;12;2030872713228193563;S
20241015;103136;8207.3;12;2030872713228193564;S
20241015;103136;8206;3;2030872713228193565;B
20241015;103136;8206;15;2030872713228193566;B
20241015;103136;8206;3;2030872713228193567;B
20241015;103143;8207.5;20;2030872713228193568;S
20241015;103143;8207.5;10;2030872713228193569;S
20241015;103143;8207.5;1;2030872713228193570;S
20241015;103145;8207.4;2;2030872713228193571;S
20241015;103145;8207.4;8;2030872713228193572;S
20241015;103147;8207;1;2030872713228193573;B
20241015;103149;8206.4;20;2030872713228193574;S
20241015;103149;8206.3;10;2030872713228193575;S
20241015;103149;8206.3;2;2030872713228193576;S
20241015;103149;8206.3;18;2030872713228193577;S
20241015;103153;8206.4;1;2030872713228193578;S
20241015;103155;8206.3;10;2030872713228193579;S
20241015;103155;8206.3;1;2030872713228193580;S
20241015;103155;8205.7;3;2030872713228193581;S
20241015;103155;8205.7;12;2030872713228193582;S
20241015;103155;8205.6;12;2030872713228193583;S
20241015;103155;8205.3;3;2030872713228193584;S
20241015;103155;8205.3;1;2030872713228193585;S
20241015;103155;8205.1;20;2030872713228193586;S
20241015;103155;8205;20;2030872713228193587;S
20241015;103155;8204.9;18;2030872713228193588;S
20241015;103201;8206.2;10;2030872713228193589;S
20241015;103201;8205.4;22;2030872713228193590;S
20241015;103201;8205.4;1;2030872713228193591;S
20241015;103201;8206.6;1;2030872713228193592;B
20241015;103201;8206.7;2;2030872713228193593;B
20241015;103202;8206.8;20;2030872713228193594;B
20241015;103204;8206.8;5;2030872713228193595;B
20241015;103204;8206.8;1;2030872713228193596;B
20241015;103210;8207.2;1;2030872713228193597;B
20241015;103215;8207.3;2;2030872713228193598;B
20241015;103224;8207.3;2;2030872713228193599;B
20241015;103228;8207.3;3;2030872713228193600;B
20241015;103229;8207.2;1;2030872713228193601;S
20241015;103233;8207.3;5;2030872713228193602;B
20241015;103234;8207.2;50;2030872713228193603;S
20241015;103234;8207.2;1;2030872713228193604;S
20241015;103234;8207.1;2;2030872713228193605;S
20241015;103234;8207.1;2;2030872713228193606;S
20241015;103234;8207;126;2030872713228193607;S
20241015;103234;8206.7;1;2030872713228193608;S
20241015;103234;8206.3;1;2030872713228193609;S
20241015;103234;8206.3;1;2030872713228193610;S
20241015;103234;8206.2;1;2030872713228193611;S
20241015;103234;8206.2;20;2030872713228193612;S
20241015;103234;8206;1;2030872713228193613;S
20241015;103234;8205.6;1;2030872713228193614;S
20241015;103234;8205.5;20;2030872713228193615;S
20241015;103234;8204.8;15;2030872713228193616;S
20241015;103234;8204.4;3;2030872713228193617;S
20241015;103234;8204.4;20;2030872713228193618;S
20241015;103234;8204.3;20;2030872713228193619;S
20241015;103234;8204.2;20;2030872713228193620;S
20241015;103234;8204.2;20;2030872713228193621;S
20241015;103234;8204.1;10;2030872713228193622;S
20241015;103234;8204.1;20;2030872713228193623;S
20241015;103234;8204.1;50;2030872713228193624;S
20241015;103234;8204;3;2030872713228193625;S
20241015;103234;8204;12;2030872713228193626;S
20241015;103234;8204;20;2030872713228193627;S
20241015;103234;8203.9;4;2030872713228193628;S
20241015;103235;8206.9;1;2030872713228193629;B
20241015;103238;8207.2;3;2030872713228193630;B
20241015;103248;8207;5;2030872713228193631;B
20241015;103258;8207;2;2030872713228193632;B
20241015;103300;8207;13;2030872713228193633;B
20241015;103300;8207;1;2030872713228193634;B
20241015;103300;8207.1;35;2030872713228193635;B
20241015;103300;8206.9;1;2030872713228193636;S
20241015;103300;8206.8;1;2030872713228193637;S
20241015;103300;8206.8;2;2030872713228193638;S
20241015;103300;8205.9;1;2030872713228193639;S
20241015;103300;8204;1;2030872713228193640;S
20241015;103300;8204;62;2030872713228193641;S
20241015;103300;8203.9;2;2030872713228193642;S
20241015;103300;8203.8;2;2030872713228193643;S
20241015;103300;8203.7;62;2030872713228193644;S
20241015;103300;8203.7;20;2030872713228193645;S
20241015;103300;8203.6;3;2030872713228193646;S
20241015;103300;8203.6;43;2030872713228193647;S
20241015;103301;8206.4;1;2030872713228193648;B
20241015;103301;8206.5;1;2030872713228193649;B
20241015;103301;8207;1;2030872713228193650;B
20241015;103301;8207.1;7;2030872713228193651;B
20241015;103309;8206.2;2;2030872713228193652;B
20241015;103318;8206.2;2;2030872713228193653;B
20241015;103320;8206.2;2;2030872713228193654;B
20241015;103329;8206.2;2;2030872713228193655;B
20241015;103330;8204.8;1;2030872713228193656;S
20241015;103330;8204.8;1;2030872713228193657;S
20241015;103330;8204.7;1;2030872713228193658;S
20241015;103330;8203.7;1;2030872713228193659;S
20241015;103330;8203.6;7;2030872713228193660;S
20241015;103333;8203.7;5;2030872713228193661;S
20241015;103335;8206.1;1;2030872713228193662;B
20241015;103335;8206.1;1;2030872713228193663;B
20241015;103335;8206.2;8;2030872713228193664;B
20241015;103344;8206.2;10;2030872713228193665;B
20241015;103346;8204.6;1;2030872713228193666;S
20241015;103346;8204.6;1;2030872713228193667;S
20241015;103346;8204.5;10;2030872713228193668;S
20241015;103346;8204.5;2;2030872713228193669;S
20241015;103346;8204.3;16;2030872713228193670;S
20241015;103346;8204.1;20;2030872713228193671;S
20241015;103353;8206;1;2030872713228193672;B
20241015;103353;8206;1;2030872713228193673;B
20241015;103353;8206.2;7;2030872713228193674;B
20241015;103353;8204.6;1;2030872713228193675;S
20241015;103353;8204.6;1;2030872713228193676;S
20241015;103353;8204.5;10;2030872713228193677;S
20241015;103353;8204;1;2030872713228193678;S
20241015;103353;8203.9;7;2030872713228193679;S
20241015;103354;8205.9;1;2030872713228193680;B
20241015;103359;8204.6;1;2030872713228193681;S
20241015;103359;8204.5;10;2030872713228193682;S
20241015;103359;8204;10;2030872713228193683;S
20241015;103402;8204.5;6;2030872713228193684;S
20241015;103402;8205.9;1;2030872713228193685;B
20241015;103408;8204.2;1;2030872713228193686;S
20241015;103408;8204.1;1;2030872713228193687;S
20241015;103408;8204;3;2030872713228193688;S
20241015;103410;8205.9;1;2030872713228193689;B
20241015;103414;8205;1;2030872713228193690;B
20241015;103414;8205.9;1;2030872713228193691;B
20241015;103415;8205.9;1;2030872713228193692;S
20241015;103415;8205.2;1;2030872713228193693;S
20241015;103415;8204.4;1;2030872713228193694;S
20241015;103415;8204.2;1;2030872713228193695;S
20241015;103420;8204.5;2;2030872713228193696;S
20241015;103424;8204.5;1;2030872713228193697;S
20241015;103432;8205.8;1;2030872713228193698;S
20241015;103434;8204.5;1;2030872713228193699;S
20241015;103442;8204.5;7;2030872713228193700;S
20241015;103443;8205.9;1;2030872713228193701;B
20241015;103443;8205.9;1;2030872713228193702;B
20241015;103450;8206;1;2030872713228193703;B
20241015;103455;8206;1;2030872713228193704;B
20241015;103459;8206.2;8;2030872713228193705;B
20241015;103501;8205;1;2030872713228193706;S
20241015;103502;8206.4;1;2030872713228193707;B
20241015;103503;8205.1;1;2030872713228193708;S
20241015;103503;8205.1;1;2030872713228193709;S
20241015;103505;8206.4;1;2030872713228193710;B
20241015;103506;8206.5;3;2030872713228193711;B
20241015;103506;8206.5;1;2030872713228193712;B
20241015;103506;8206.9;3;2030872713228193713;B
20241015;103506;8207;5;2030872713228193714;B
20241015;103506;8207;10;2030872713228193715;B
20241015;103506;8207.1;1;2030872713228193716;B
20241015;103506;8207.1;2;2030872713228193717;B
20241015;103508;8205.6;1;2030872713228193718;S
20241015;103509;8207.1;1;2030872713228193719;B
20241015;103512;8207.1;6;2030872713228193720;S
20241015;103514;8207.2;2;2030872713228193721;B
20241015;103514;8207.2;15;2030872713228193722;B
20241015;103514;8207.2;3;2030872713228193723;B
20241015;103514;8207.3;5;2030872713228193724;B
20241015;103515;8207.1;2;2030872713228193725;S
20241015;103515;8206.5;1;2030872713228193726;S
20241015;103515;8206.4;2;2030872713228193727;S
20241015;103515;8205.7;25;2030872713228193728;S
20241015;103515;8207.3;1;2030872713228193729;B
20241015;103522;8207.3;1;2030872713228193730;B
20241015;103529;8207.3;1;2030872713228193731;B
20241015;103531;8207.3;1;2030872713228193732;B
20241015;103531;8207.3;1;2030872713228193733;B
20241015;103536;8207.3;1;2030872713228193734;B
20241015;103538;8207.3;10;2030872713228193735;B
20241015;103540;8207.3;7;2030872713228193736;B
20241015;103540;8207.3;8;2030872713228193737;B
20241015;103540;8207.5;285;2030872713228193738;B
20241015;103541;8207.2;1;2030872713228193739;S
20241015;103544;8207.5;1;2030872713228193740;B
20241015;103546;8207.5;61;2030872713228193741;B
20241015;103548;8207.5;2;2030872713228193742;B
20241015;103551;8207.5;1;2030872713228193743;B
20241015;103554;8207.5;2;2030872713228193744;B
20241015;103555;8207.1;3;2030872713228193745;S
20241015;103602;8207.4;12;2030872713228193746;B
20241015;103602;8207.5;2;2030872713228193747;B
20241015;103604;8207.3;1;2030872713228193748;B
20241015;103605;8207.3;1;2030872713228193749;B
20241015;103607;8207.5;11;2030872713228193750;B
20241015;103608;8207.4;10;2030872713228193751;S
20241015;103612;8207.1;2;2030872713228193752;S
20241015;103612;8207;1;2030872713228193753;S
20241015;103614;8206.1;1;2030872713228193754;S
20241015;103614;8206.1;2;2030872713228193755;S
20241015;103614;8206;5;2030872713228193756;S
20241015;103614;8206;10;2030872713228193757;S
20241015;103614;8205.7;26;2030872713228193758;S
20241015;103614;8205;4;2030872713228193759;B
20241015;103614;8205;10;2030872713228193760;B
20241015;103614;8205;2;2030872713228193761;B
20241015;103614;8205;10;2030872713228193762;B
20241015;103615;8204.9;2;2030872713228193763;S
20241015;103615;8204.9;1;2030872713228193764;S
20241015;103615;8204.5;10;2030872713228193765;S
20241015;103615;8204.3;16;2030872713228193766;S
20241015;103615;8203.8;12;2030872713228193767;S
20241015;103615;8203.7;2;2030872713228193768;S
20241015;103615;8203.4;1;2030872713228193769;S
20241015;103615;8203.2;20;2030872713228193770;S
20241015;103615;8203.1;14;2030872713228193771;S
20241015;103615;8205;3;2030872713228193772;B
20241015;103620;8205;3;2030872713228193773;B
20241015;103625;8205;2;2030872713228193774;B
20241015;103635;8203.4;1;2030872713228193775;S
20241015;103635;8203.3;1;2030872713228193776;S
20241015;103636;8205;10;2030872713228193777;B
20241015;103636;8204.9;1;2030872713228193778;B
20241015;103636;8205;3;2030872713228193779;B
20241015;103643;8203.7;8;2030872713228193780;S
20241015;103652;8203.6;6;2030872713228193781;S
20241015;103652;8204.9;1;2030872713228193782;B
20241015;103652;8205;9;2030872713228193783;B
20241015;103701;8204.9;1;2030872713228193784;S
20241015;103701;8204.8;1;2030872713228193785;S
20241015;103706;8203.2;1;2030872713228193786;S
20241015;103706;8203.1;1;2030872713228193787;S
20241015;103706;8203;1;2030872713228193788;S
20241015;103708;8206.1;1;2030872713228193789;B
20241015;103711;8206.1;1;2030872713228193790;B
20241015;103719;8205.9;3;2030872713228193791;B
20241015;103719;8206;1;2030872713228193792;B
20241015;103728;8207;1;2030872713228193793;B
20241015;103736;8207.4;1;2030872713228193794;B
20241015;103738;8207.4;19;2030872713228193795;B
20241015;103738;8207.5;58;2030872713228193796;B
20241015;103740;8207.5;5;2030872713228193797;B
20241015;103744;8205.9;1;2030872713228193798;S
20241015;103749;8207.5;31;2030872713228193799;B
20241015;103756;8207.5;3;2030872713228193800;B
20241015;103758;8207.5;9;2030872713228193801;B
20241015;103758;8207.5;8;2030872713228193802;B
20241015;103800;8207.5;21;2030872713228193803;B
20241015;103800;8207.5;5;2030872713228193804;B
20241015;103800;8207.7;1;2030872713228193805;B
20241015;103808;8208;1;2030872713228193806;B
20241015;103808;8208;1;2030872713228193807;B
20241015;103811;8209;50;2030872713228193808;B
20241015;103811;8209.3;12;2030872713228193809;B
20241015;103811;8209.3;8;2030872713228193810;B
20241015;103811;8209.4;20;2030872713228193811;B
20241015;103811;8209.5;20;2030872713228193812;B
20241015;103811;8209.6;14;2030872713228193813;B
20241015;103812;8210;1;2030872713228193814;B
20241015;103812;8210;5;2030872713228193815;B
20241015;103812;8210;1;2030872713228193816;B
20241015;103812;8210;32;2030872713228193817;B
20241015;103812;8210;13;2030872713228193818;B
20241015;103812;8210;1;2030872713228193819;B
20241015;103812;8209.4;6;2030872713228193820;S
20241015;103812;8210;12;2030872713228193821;B
20241015;103812;8210;9;2030872713228193822;B
20241015;103813;8210;60;2030872713228193823;B
20241015;103813;8209.4;7;2030872713228193824;S
20241015;103814;8209.5;1;2030872713228193825;S
20241015;103814;8209.4;7;2030872713228193826;S
20241015;103814;8209.2;62;2030872713228193827;S
20241015;103814;8209;1;2030872713228193828;S
20241015;103814;8208.6;18;2030872713228193829;S
20241015;103814;8208.6;20;2030872713228193830;S
20241015;103814;8208.5;62;2030872713228193831;S
20241015;103814;8208.5;20;2030872713228193832;S
20241015;103814;8208.5;2;2030872713228193833;S
20241015;103814;8208.4;20;2030872713228193834;S
20241015;103814;8208.3;20;2030872713228193835;S
20241015;103814;8208.3;62;2030872713228193836;S
20241015;103814;8208.2;20;2030872713228193837;S
20241015;103814;8208.2;1;2030872713228193838;S
20241015;103814;8208.1;20;2030872713228193839;S
20241015;103814;8208.1;64;2030872713228193840;S
20241015;103816;8209.8;2;2030872713228193841;S
20241015;103818;8209.9;1;2030872713228193842;B
20241015;103818;8210;4;2030872713228193843;B
20241015;103818;8210;2;2030872713228193844;B
20241015;103821;8210;2;2030872713228193845;B
20241015;103826;8210;10;2030872713228193846;B
20241015;103829;8210;1;2030872713228193847;B
20241015;103830;8210.9;1;2030872713228193848;B
20241015;103830;8211;1;2030872713228193849;B
20241015;103830;8211.1;1;2030872713228193850;B
20241015;103830;8211.4;4;2030872713228193851;B
20241015;103830;8211.5;3;2030872713228193852;B
20241015;103833;8212;24;2030872713228193853;B
20241015;103834;8212;9;2030872713228193854;B
20241015;103834;8212.1;20;2030872713228193855;B
20241015;103834;8212.2;15;2030872713228193856;B
20241015;103835;8210.8;1;2030872713228193857;S
20241015;103835;8210.7;1;2030872713228193858;S
20241015;103835;8210.5;2;2030872713228193859;S
20241015;103835;8210.4;1;2030872713228193860;S
20241015;103835;8210;1;2030872713228193861;S
20241015;103835;8210;1;2030872713228193862;S
20241015;103835;8209.9;24;2030872713228193863;S
20241015;103838;8211.4;1;2030872713228193864;B
20241015;103838;8211.5;2;2030872713228193865;B
20241015;103842;8212;20;2030872713228193866;B
20241015;103844;8210.6;1;2030872713228193867;S
20241015;103848;8210.6;8;2030872713228193868;B
20241015;103848;8211.2;1;2030872713228193869;B
20241015;103848;8211.9;1;2030872713228193870;B
20241015;103850;8210.7;1;2030872713228193871;B
20241015;103850;8210.5;2;2030872713228193872;S
20241015;103850;8210.4;1;2030872713228193873;S
20241015;103850;8210;15;2030872713228193874;S
20241015;103850;8210;3;2030872713228193875;S
20241015;103850;8210;12;2030872713228193876;S
20241015;103850;8210;3;2030872713228193877;S
20241015;103850;8210;12;2030872713228193878;S
20241015;103850;8210;40;2030872713228193879;S
20241015;103850;8210;40;2030872713228193880;S
20241015;103854;8210.4;1;2030872713228193881;B
20241015;103857;8210;3;2030872713228193882;S
20241015;103857;8210;3;2030872713228193883;S
20241015;103857;8210;15;2030872713228193884;S
20241015;103857;8210;3;2030872713228193885;S
20241015;103857;8210;12;2030872713228193886;S
20241015;103857;8210;3;2030872713228193887;S
20241015;103857;8210;12;2030872713228193888;S
20241015;103857;8210;3;2030872713228193889;S
20241015;103857;8210;7;2030872713228193890;S
20241015;103857;8209.9;1;2030872713228193891;S
20241015;103901;8209.9;9;2030872713228193892;S
20241015;103901;8209.9;1;2030872713228193893;S
20241015;103902;8209.9;1;2030872713228193894;S
20241015;103903;8209.9;6;2030872713228193895;S
20241015;103903;8209.9;3;2030872713228193896;S
20241015;103903;8209.9;20;2030872713228193897;S
20241015;103906;8209.9;3;2030872713228193898;S
20241015;103911;8209.9;3;2030872713228193899;S
20241015;103911;8209.9;8;2030872713228193900;S
20241015;103911;8209.9;8;2030872713228193901;S
20241015;103911;8209.9;15;2030872713228193902;S
20241015;103911;8209.9;3;2030872713228193903;S
20241015;103911;8209.9;12;2030872713228193904;S
20241015;103911;8209.9;3;2030872713228193905;S
20241015;103911;8209.9;12;2030872713228193906;S
20241015;103911;8209.9;3;2030872713228193907;S
20241015;103911;8209.9;15;2030872713228193908;S
20241015;103911;8209.9;3;2030872713228193909;S
20241015;103911;8209.9;12;2030872713228193910;S
20241015;103911;8209.9;3;2030872713228193911;S
20241015;103911;8209.9;7;2030872713228193912;S
20241015;103911;8209.9;1;2030872713228193913;S
20241015;103911;8209.5;2;2030872713228193914;S
20241015;103911;8208.5;2;2030872713228193915;S
20241015;103911;8208.4;1;2030872713228193916;S
20241015;103911;8207.5;2;2030872713228193917;S
20241015;103911;8207.5;3;2030872713228193918;B
20241015;103919;8206.5;2;2030872713228193919;S
20241015;103919;8205.6;1;2030872713228193920;S
20241015;103919;8205.5;2;2030872713228193921;S
20241015;103919;8205.3;1;2030872713228193922;S
20241015;103920;8206.6;20;2030872713228193923;B
20241015;103920;8206.7;1;2030872713228193924;B
20241015;103920;8206.7;9;2030872713228193925;B
20241015;103923;8206.4;2;2030872713228193926;B
20241015;103931;8204.9;1;2030872713228193927;S
20241015;103931;8204.8;1;2030872713228193928;S
20241015;103931;8204.7;8;2030872713228193929;S
20241015;103943;8204.9;2;2030872713228193930;B
20241015;103952;8204.9;5;2030872713228193931;B
20241015;104006;8204.7;2;2030872713228193932;B
20241015;104007;8204.7;1;2030872713228193933;B
20241015;104017;8204.7;2;2030872713228193934;B
20241015;104018;8204.7;9;2030872713228193935;B
20241015;104026;8204.7;1;2030872713228193936;B
20241015;104026;8204.4;3;2030872713228193937;S
20241015;104026;8204;7;2030872713228193938;S
20241015;104026;8203.5;15;2030872713228193939;S
20241015;104026;8203.5;1;2030872713228193940;S
20241015;104026;8203.4;4;2030872713228193941;S
20241015;104027;8204.6;1;2030872713228193942;B
20241015;104031;8204.9;6;2030872713228193943;B
20241015;104034;8204.9;3;2030872713228193944;B
20241015;104034;8204.9;3;2030872713228193945;B
20241015;104034;8204.9;1;2030872713228193946;B
20241015;104034;8205;11;2030872713228193947;B
20241015;104039;8204.7;2;2030872713228193948;S
20241015;104053;8205;5;2030872713228193949;B
20241015;104054;8205;30;2030872713228193950;B
20241015;104057;8204.5;3;2030872713228193951;S
20241015;104057;8204.4;7;2030872713228193952;S
20241015;104112;8204.5;2;2030872713228193953;B
20241015;104115;8205;54;2030872713228193954;B
20241015;104115;8205.4;1;2030872713228193955;B
20241015;104115;8205.5;1;2030872713228193956;B
20241015;104115;8206;20;2030872713228193957;B
20241015;104115;8206.1;20;2030872713228193958;B
20241015;104115;8206.1;4;2030872713228193959;B
20241015;104133;8207.5;1;2030872713228193960;B
20241015;104133;8207.7;20;2030872713228193961;B
20241015;104133;8207.7;12;2030872713228193962;B
20241015;104133;8207.8;17;2030872713228193963;B
20241015;104154;8208;1;2030872713228193964;B
20241015;104154;8209.2;7;2030872713228193965;B
20241015;104154;8209.3;12;2030872713228193966;B
20241015;104154;8209.4;20;2030872713228193967;B
20241015;104154;8209.4;4;2030872713228193968;B
20241015;104154;8209.5;1;2030872713228193969;B
20241015;104154;8209.5;20;2030872713228193970;B
20241015;104154;8209.6;20;2030872713228193971;B
20241015;104154;8209.7;20;2030872713228193972;B
20241015;104154;8209.8;20;2030872713228193973;B
20241015;104154;8209.9;20;2030872713228193974;B
20241015;104154;8210;20;2030872713228193975;B
20241015;104154;8210;5;2030872713228193976;B
20241015;104154;8210;20;2030872713228193977;B
20241015;104154;8210.1;20;2030872713228193978;B
20241015;104154;8210.2;16;2030872713228193979;B
20241015;104154;8210.2;20;2030872713228193980;B
20241015;104154;8210.3;20;2030872713228193981;B
20241015;104154;8210.5;3;2030872713228193982;B
20241015;104154;8211.5;1;2030872713228193983;B
20241015;104154;8211.5;16;2030872713228193984;B
20241015;104154;8212.1;3;2030872713228193985;B
20241015;104154;8212.3;1;2030872713228193986;B
20241015;104154;8212.4;3;2030872713228193987;B
20241015;104154;8212.5;3;2030872713228193988;B
20241015;104154;8212.7;12;2030872713228193989;B
20241015;104154;8212.8;3;2030872713228193990;B
20241015;104154;8212.8;62;2030872713228193991;B
20241015;104154;8212.9;15;2030872713228193992;B
20241015;104154;8213;4;2030872713228193993;B
20241015;104154;8213.1;12;2030872713228193994;B
20241015;104154;8213.3;13;2030872713228193995;B
20241015;104154;8213.4;1;2030872713228193996;B
20241015;104154;8213.5;1;2030872713228193997;B
20241015;104154;8213.5;62;2030872713228193998;B
20241015;104154;8213.6;1;2030872713228193999;B
20241015;104154;8213.7;25;2030872713228194000;B
20241015;104154;8213.7;62;2030872713228194001;B
20241015;104154;8214.3;5;2030872713228194002;B
20241015;104154;8214.3;1;2030872713228194003;B
20241015;104154;8214.3;100;2030872713228194004;B
20241015;104154;8214.4;1;2030872713228194005;B
20241015;104154;8214.8;3;2030872713228194006;B
20241015;104154;8215;10;2030872713228194007;B
20241015;104154;8215;10;2030872713228194008;B
20241015;104154;8215.2;1;2030872713228194009;B
20241015;104154;8215.2;2;2030872713228194010;B
20241015;104154;8215.2;20;2030872713228194011;B
20241015;104154;8215.5;1;2030872713228194012;B
20241015;104154;8215.6;16;2030872713228194013;B
20241015;104154;8215.8;64;2030872713228194014;B
20241015;104154;8216;3;2030872713228194015;B
20241015;104154;8216;1;2030872713228194016;B
20241015;104154;8216;6;2030872713228194017;B
20241015;104154;8216.9;3;2030872713228194018;B
20241015;104154;8217;10;2030872713228194019;B
20241015;104154;8217.3;100;2030872713228194020;B
20241015;104154;8217.5;1;2030872713228194021;B
20241015;104154;8217.5;93;2030872713228194022;B
20241015;104155;8213.6;3;2030872713228194023;B
20241015;104155;8213.6;1;2030872713228194024;B
20241015;104155;8212;1;2030872713228194025;S
20241015;104155;8212;6;2030872713228194026;S
20241015;104155;8211;16;2030872713228194027;B
20241015;104210;8210;3;2030872713228194028;S
20241015;104210;8209.9;1;2030872713228194029;S
20241015;104210;8209.8;19;2030872713228194030;S
20241015;104217;8211;3;2030872713228194031;B
20241015;104217;8211;15;2030872713228194032;B
20241015;104217;8211;3;2030872713228194033;B
20241015;104217;8211;11;2030872713228194034;B
20241015;104217;8211.4;1;2030872713228194035;B
20241015;104220;8215;2;2030872713228194036;B
20241015;104220;8215;5;2030872713228194037;B
20241015;104220;8215.5;2;2030872713228194038;B
20241015;104220;8215.6;16;2030872713228194039;B
20241015;104220;8215.7;20;2030872713228194040;B
20241015;104220;8215.8;5;2030872713228194041;B
20241015;104228;8216.1;100;2030872713228194042;B
20241015;104228;8216.3;16;2030872713228194043;B
20241015;104228;8216.4;3;2030872713228194044;B
20241015;104228;8216.5;100;2030872713228194045;B
20241015;104228;8216.7;20;2030872713228194046;B
20241015;104228;8216.8;20;2030872713228194047;B
20241015;104228;8216.9;15;2030872713228194048;B
20241015;104228;8216.9;20;2030872713228194049;B
20241015;104228;8217;12;2030872713228194050;B
20241015;104228;8217;20;2030872713228194051;B
20241015;104228;8217.1;20;2030872713228194052;B
20241015;104228;8217.2;62;2030872713228194053;B
20241015;104228;8217.2;3;2030872713228194054;B
20241015;104228;8217.2;20;2030872713228194055;B
20241015;104228;8217.3;14;2030872713228194056;B
20241015;104235;8217.6;4;2030872713228194057;B
20241015;104238;8216;1;2030872713228194058;S
20241015;104240;8216;6;2030872713228194059;B
20241015;104245;8216;15;2030872713228194060;B
20241015;104249;8216;1;2030872713228194061;B
20241015;104301;8215.9;1;2030872713228194062;S
20241015;104305;8215.6;1;2030872713228194063;S
20241015;104305;8215.5;1;2030872713228194064;S
20241015;104305;8215.1;18;2030872713228194065;S
20241015;104311;8214.4;11;2030872713228194066;S
20241015;104311;8215.9;1;2030872713228194067;B
20241015;104311;8216;110;2030872713228194068;B
20241015;104311;8216.5;1;2030872713228194069;B
20241015;104311;8216.8;1;2030872713228194070;B
20241015;104311;8217.5;1;2030872713228194071;B
20241015;104311;8217.7;1;2030872713228194072;B
20241015;104311;8217.8;1;2030872713228194073;B
20241015;104311;8218;100;2030872713228194074;B
20241015;104311;8218.2;100;2030872713228194075;B
20241015;104311;8218.2;62;2030872713228194076;B
20241015;104311;8218.4;60;2030872713228194077;B
20241015;104311;8218.5;15;2030872713228194078;B
20241015;104311;8218.6;20;2030872713228194079;B
20241015;104311;8218.7;20;2030872713228194080;B
20241015;104311;8218.8;20;2030872713228194081;B
20241015;104311;8218.9;1;2030872713228194082;B
20241015;104311;8218.9;20;2030872713228194083;B
20241015;104311;8219;20;2030872713228194084;B
20241015;104311;8219.1;20;2030872713228194085;B
20241015;104311;8219.2;20;2030872713228194086;B
20241015;104311;8219.3;6;2030872713228194087;B
20241015;104311;8215.6;20;2030872713228194088;S
20241015;104311;8215.6;1;2030872713228194089;S
20241015;104311;8215.5;1;2030872713228194090;S
20241015;104311;8215.5;20;2030872713228194091;S
20241015;104311;8215.4;20;2030872713228194092;S
20241015;104311;8215.3;20;2030872713228194093;S
20241015;104311;8215.3;1;2030872713228194094;S
20241015;104311;8215.2;17;2030872713228194095;S
20241015;104312;8217.9;1;2030872713228194096;B
20241015;104312;8218;8;2030872713228194097;B
20241015;104312;8214;1;2030872713228194098;S
20241015;104315;8215.2;20;2030872713228194099;S
20241015;104315;8215.1;1;2030872713228194100;S
20241015;104315;8215.1;20;2030872713228194101;S
20241015;104315;8215;9;2030872713228194102;S
20241015;104329;8215.6;15;2030872713228194103;S
20241015;104334;8215.6;35;2030872713228194104;B
20241015;104334;8215.6;1;2030872713228194105;B
20241015;104346;8215.5;1;2030872713228194106;S
20241015;104346;8215.5;1;2030872713228194107;S
20241015;104346;8215.4;12;2030872713228194108;S
20241015;104346;8215.3;12;2030872713228194109;S
20241015;104348;8215.5;5;2030872713228194110;B
20241015;104351;8215.5;4;2030872713228194111;B
20241015;104352;8215.5;6;2030872713228194112;B
20241015;104354;8215.5;1;2030872713228194113;B
20241015;104400;8215.5;4;2030872713228194114;B
20241015;104405;8215.5;5;2030872713228194115;B
20241015;104415;8215.2;1;2030872713228194116;S
20241015;104416;8215.5;24;2030872713228194117;B
20241015;104421;8216;2;2030872713228194118;B
20241015;104423;8215.6;18;2030872713228194119;S
20241015;104427;8215.5;150;2030872713228194120;S
20241015;104429;8216;3;2030872713228194121;B
20241015;104433;8215.5;28;2030872713228194122;S
20241015;104436;8216;15;2030872713228194123;B
20241015;104436;8216.2;1;2030872713228194124;B
20241015;104438;8217;6;2030872713228194125;S
20241015;104442;8217;20;2030872713228194126;S
20241015;104443;8217;200;2030872713228194127;S
20241015;104445;8217.5;1;2030872713228194128;B
20241015;104445;8217.8;7;2030872713228194129;B
20241015;104445;8217.9;8;2030872713228194130;B
20241015;104445;8217.9;8;2030872713228194131;B
20241015;104445;8217.9;8;2030872713228194132;B
20241015;104449;8217.9;5;2030872713228194133;B
20241015;104450;8217.9;3;2030872713228194134;B
20241015;104456;8217.1;3;2030872713228194135;S
20241015;104456;8217;258;2030872713228194136;S
20241015;104456;8217;1;2030872713228194137;B
20241015;104456;8216.9;1;2030872713228194138;S
20241015;104456;8216.7;3;2030872713228194139;S
20241015;104505;8217;3;2030872713228194140;B
20241015;104505;8217;15;2030872713228194141;B
20241015;104505;8217;3;2030872713228194142;B
20241015;104505;8217;12;2030872713228194143;B
20241015;104505;8217;3;2030872713228194144;B
20241015;104505;8217;2;2030872713228194145;B
20241015;104505;8217;10;2030872713228194146;B
20241015;104505;8217.6;1;2030872713228194147;B
20241015;104506;8217.1;1;2030872713228194148;S
20241015;104509;8217.9;1;2030872713228194149;B
20241015;104512;8217;3;2030872713228194150;S
20241015;104512;8217.9;3;2030872713228194151;B
20241015;104521;8217;40;2030872713228194152;S
20241015;104521;8216.8;1;2030872713228194153;S
20241015;104521;8216.7;6;2030872713228194154;S
20241015;104525;8217.8;1;2030872713228194155;B
20241015;104525;8217.9;2;2030872713228194156;B
20241015;104529;8216.9;1;2030872713228194157;S
20241015;104530;8216.9;50;2030872713228194158;S
20241015;104533;8217.5;4;2030872713228194159;S
20241015;104533;8217.5;4;2030872713228194160;S
20241015;104533;8217.4;34;2030872713228194161;S
20241015;104534;8218.3;1;2030872713228194162;B
20241015;104534;8218.4;1;2030872713228194163;B
20241015;104534;8218.5;13;2030872713228194164;S
20241015;104534;8218.3;12;2030872713228194165;S
20241015;104534;8218.2;12;2030872713228194166;S
20241015;104534;8218.1;3;2030872713228194167;S
20241015;104534;8217.7;3;2030872713228194168;S
20241015;104534;8217.3;3;2030872713228194169;S
20241015;104534;8217.5;1;2030872713228194170;S
20241015;104535;8217;8;2030872713228194171;S
20241015;104535;8216.9;15;2030872713228194172;S
20241015;104535;8216.8;1;2030872713228194173;S
20241015;104535;8216.7;1;2030872713228194174;S
20241015;104535;8216.7;11;2030872713228194175;S
20241015;104535;8216.7;4;2030872713228194176;S
20241015;104535;8217;8;2030872713228194177;S
20241015;104535;8217.2;6;2030872713228194178;S
20241015;104539;8217.7;1;2030872713228194179;B
20241015;104539;8217.8;2;2030872713228194180;B
20241015;104539;8217.8;3;2030872713228194181;B
20241015;104539;8218.3;1;2030872713228194182;B
20241015;104539;8218.7;1;2030872713228194183;S
20241015;104539;8218.7;11;2030872713228194184;S
20241015;104539;8218.6;11;2030872713228194185;S
20241015;104539;8218.2;3;2030872713228194186;S
20241015;104540;8218.9;2;2030872713228194187;B
20241015;104542;8218.4;16;2030872713228194188;S
20241015;104547;8218.4;3;2030872713228194189;B
20241015;104547;8218.4;15;2030872713228194190;B
20241015;104547;8218.4;3;2030872713228194191;B
20241015;104547;8218.8;9;2030872713228194192;B
20241015;104547;8218.8;12;2030872713228194193;B
20241015;104548;8218.7;2;2030872713228194194;S
20241015;104548;8218.8;5;2030872713228194195;B
20241015;104552;8218.7;38;2030872713228194196;S
20241015;104555;8218.7;3;2030872713228194197;B
20241015;104559;8218.6;2;2030872713228194198;S
20241015;104602;8218.7;19;2030872713228194199;B
20241015;104609;8218.7;2;2030872713228194200;B
20241015;104609;8218.7;198;2030872713228194201;B
20241015;104610;8218.7;1;2030872713228194202;B
20241015;104610;8218.7;1;2030872713228194203;B
20241015;104610;8218.7;1;2030872713228194204;B
20241015;104610;8218.8;2;2030872713228194205;B
