<DATE>;<TIME>;<LAST>;<VOL>;<ID>;<OPER>
20241106;095902;32.8;4;1951778313491977503;B
20241106;095902;32.8;2;1951778313491977504;B
20241106;095902;32.8;3;1951778313491977505;B
20241106;095902;32.8;10;1951778313491977506;B
20241106;095902;32.8;10;1951778313491977507;B
20241106;095902;32.8;30;1951778313491977508;B
20241106;095902;32.8;30;1951778313491977509;B
20241106;095902;32.8;1;1951778313491977510;B
20241106;095902;32.8;10;1951778313491977511;S
20241106;095902;32.8;55;1951778313491977512;S
20241106;095902;32.8;1;1951778313491977513;S
20241106;095902;32.8;3;1951778313491977514;S
20241106;095902;32.8;3;1951778313491977515;S
20241106;095902;32.8;11;1951778313491977516;S
20241106;095902;32.8;1;1951778313491977517;S
20241106;095902;32.8;10;1951778313491977518;S
20241106;095902;32.8;5;1951778313491977519;S
20241106;095902;32.8;1;1951778313491977520;S
20241106;095902;32.8;1;1951778313491977521;S
20241106;095902;32.8;1;1951778313491977522;S
20241106;095902;32.8;1;1951778313491977523;S
20241106;095902;32.8;6;1951778313491977524;S
20241106;095902;32.8;9;1951778313491977525;S
20241106;095902;32.8;1;1951778313491977526;S
20241106;095902;32.8;5;1951778313491977527;S
20241106;095902;32.8;1;1951778313491977528;S
20241106;095902;32.8;1;1951778313491977529;S
20241106;095902;32.8;3;1951778313491977530;B
20241106;095902;32.8;3;1951778313491977531;B
20241106;095902;32.8;1;1951778313491977532;S
20241106;095902;32.8;1;1951778313491977533;S
20241106;095902;32.8;1;1951778313491977534;S
20241106;095902;32.8;1;1951778313491977535;S
20241106;095902;32.8;1;1951778313491977536;S
20241106;095902;32.8;1;1951778313491977537;S
20241106;095902;32.8;1;1951778313491977538;S
20241106;095902;32.8;1;1951778313491977539;S
20241106;095902;32.8;2;1951778313491977540;S
20241106;095902;32.8;3;1951778313491977541;S
20241106;095902;32.8;2;1951778313491977542;S
20241106;095902;32.8;5;1951778313491977543;S
20241106;095902;32.8;1;1951778313491977544;S
20241106;095902;32.8;1;1951778313491977545;S
20241106;095902;32.8;1;1951778313491977546;S
20241106;095902;32.8;1;1951778313491977547;S
20241106;095902;32.8;1;1951778313491977548;S
20241106;095902;32.8;1;1951778313491977549;S
20241106;095902;32.8;1;1951778313491977550;S
20241106;095902;32.8;2;1951778313491977551;S
20241106;095902;32.8;1;1951778313491977552;S
20241106;095902;32.8;1;1951778313491977553;S
20241106;095902;32.8;1;1951778313491977554;S
20241106;095902;32.8;1;1951778313491977555;S
20241106;095902;32.8;1;1951778313491977556;S
20241106;095902;32.8;4;1951778313491977557;S
20241106;095902;32.8;1;1951778313491977558;S
20241106;095902;32.8;1;1951778313491977559;S
20241106;095902;32.8;1;1951778313491977560;S
20241106;095902;32.8;30;1951778313491977561;S
20241106;095902;32.8;1;1951778313491977562;S
20241106;095902;32.8;1;1951778313491977563;S
20241106;095902;32.8;1;1951778313491977564;S
20241106;095902;32.8;1;1951778313491977565;S
20241106;095902;32.8;1;1951778313491977566;S
20241106;095902;32.8;1;1951778313491977567;S
20241106;095902;32.8;10;1951778313491977568;S
20241106;095902;32.8;1;1951778313491977569;S
20241106;095902;32.8;3;1951778313491977570;S
20241106;095902;32.8;2;1951778313491977571;S
20241106;095902;32.8;2;1951778313491977572;S
20241106;095902;32.8;1;1951778313491977573;S
20241106;095902;32.8;1;1951778313491977574;S
20241106;095902;32.8;1;1951778313491977575;S
20241106;095902;32.8;2;1951778313491977576;S
20241106;095902;32.8;1;1951778313491977577;S
20241106;095902;32.8;1;1951778313491977578;S
20241106;095902;32.8;2;1951778313491977579;S
20241106;095902;32.8;1;1951778313491977580;S
20241106;095902;32.8;1;1951778313491977581;S
20241106;095902;32.8;2;1951778313491977582;S
20241106;095902;32.8;1;1951778313491977583;S
20241106;095902;32.8;1;1951778313491977584;S
20241106;095902;32.8;1;1951778313491977585;S
20241106;095902;32.8;1;1951778313491977586;S
20241106;095902;32.8;2;1951778313491977587;S
20241106;095902;32.8;1;1951778313491977588;S
20241106;095902;32.8;1;1951778313491977589;S
20241106;095902;32.8;1;1951778313491977590;S
20241106;095902;32.8;1;1951778313491977591;S
20241106;095902;32.8;1;1951778313491977592;S
20241106;095902;32.8;2;1951778313491977593;S
20241106;095902;32.8;1;1951778313491977594;S
20241106;095902;32.8;1;1951778313491977595;S
20241106;095902;32.8;7;1951778313491977596;S
20241106;095902;32.8;2;1951778313491977597;S
20241106;095902;32.8;1;1951778313491977598;S
20241106;095902;32.8;1;1951778313491977599;S
20241106;095902;32.8;1;1951778313491977600;S
20241106;095902;32.8;1;1951778313491977601;S
20241106;095902;32.8;30;1951778313491977602;S
20241106;095902;32.8;2;1951778313491977603;S
20241106;095902;32.8;1;1951778313491977604;S
20241106;095902;32.8;1;1951778313491977605;S
20241106;095902;32.8;1;1951778313491977606;S
20241106;095902;32.8;2;1951778313491977607;S
20241106;095902;32.8;1;1951778313491977608;S
20241106;095902;32.8;5;1951778313491977609;S
20241106;095902;32.8;1;1951778313491977610;S
20241106;095902;32.8;5;1951778313491977611;S
20241106;095902;32.8;1;1951778313491977612;S
20241106;095902;32.8;1;1951778313491977613;S
20241106;095902;32.8;5;1951778313491977614;S
20241106;095902;32.8;1;1951778313491977615;S
20241106;095902;32.8;2;1951778313491977616;S
20241106;095902;32.8;1;1951778313491977617;S
20241106;095902;32.8;1;1951778313491977618;S
20241106;095902;32.8;5;1951778313491977619;S
20241106;095902;32.8;2;1951778313491977620;S
20241106;095902;32.8;1;1951778313491977621;S
20241106;095902;32.8;1;1951778313491977622;S
20241106;095902;32.8;10;1951778313491977623;S
20241106;095902;32.8;1;1951778313491977624;S
20241106;095902;32.8;3;1951778313491977625;S
20241106;095902;32.8;1;1951778313491977626;S
20241106;095902;32.8;1;1951778313491977627;S
20241106;095902;32.8;1;1951778313491977628;S
20241106;095902;32.8;1;1951778313491977629;S
20241106;095902;32.8;1;1951778313491977630;S
20241106;095902;32.8;1;1951778313491977631;S
20241106;095902;32.8;1;1951778313491977632;S
20241106;095902;32.8;1;1951778313491977633;S
20241106;095902;32.8;1;1951778313491977634;S
20241106;095902;32.8;5;1951778313491977635;S
20241106;095902;32.8;19;1951778313491977636;S
20241106;095902;32.8;10;1951778313491977637;S
20241106;095902;32.8;1;1951778313491977638;S
20241106;095902;32.8;1;1951778313491977639;S
20241106;095902;32.8;1;1951778313491977640;S
20241106;095902;32.8;15;1951778313491977641;S
20241106;095902;32.8;5;1951778313491977642;S
20241106;095902;32.8;1;1951778313491977643;S
20241106;095902;32.8;1;1951778313491977644;S
20241106;095902;32.8;1;1951778313491977645;S
20241106;095902;32.8;1;1951778313491977646;S
20241106;095902;32.8;41;1951778313491977647;S
20241106;095902;32.8;1;1951778313491977648;S
20241106;095902;32.8;1;1951778313491977649;S
20241106;095902;32.8;1;1951778313491977650;S
20241106;095902;32.8;9;1951778313491977651;S
20241106;095902;32.8;2;1951778313491977652;S
20241106;095902;32.8;1;1951778313491977653;S
20241106;095902;32.8;5;1951778313491977654;S
20241106;095902;32.8;3;1951778313491977655;S
20241106;095902;32.8;5;1951778313491977656;S
20241106;095902;32.8;1;1951778313491977657;S
20241106;095902;32.8;1;1951778313491977658;S
20241106;095902;32.8;10;1951778313491977659;S
20241106;095902;32.8;1;1951778313491977660;S
20241106;095902;32.8;2;1951778313491977661;S
20241106;095902;32.8;1;1951778313491977662;S
20241106;095902;32.8;6;1951778313491977663;S
20241106;095902;32.8;1;1951778313491977664;S
20241106;095902;32.8;1;1951778313491977665;S
20241106;095902;32.8;10;1951778313491977666;S
20241106;095902;32.8;1;1951778313491977667;S
20241106;095902;32.8;4;1951778313491977668;S
20241106;095902;32.8;1;1951778313491977669;S
20241106;095902;32.8;1;1951778313491977670;S
20241106;095902;32.8;1;1951778313491977671;S
20241106;095902;32.8;1;1951778313491977672;S
20241106;095902;32.8;2;1951778313491977673;S
20241106;095902;32.8;10;1951778313491977674;S
20241106;095902;32.8;1;1951778313491977675;S
20241106;095902;32.8;1;1951778313491977676;S
20241106;095902;32.8;1;1951778313491977677;S
20241106;095902;32.8;2;1951778313491977678;S
20241106;095902;32.8;1;1951778313491977679;S
20241106;095902;32.8;1;1951778313491977680;S
20241106;095902;32.8;5;1951778313491977681;S
20241106;095902;32.8;1;1951778313491977682;S
20241106;095902;32.8;1;1951778313491977683;S
20241106;095902;32.8;5;1951778313491977684;S
20241106;095902;32.8;1;1951778313491977685;S
20241106;095902;32.8;1;1951778313491977686;S
20241106;095902;32.8;2;1951778313491977687;S
20241106;095902;32.8;20;1951778313491977688;S
20241106;095902;32.8;3;1951778313491977689;S
20241106;095902;32.8;1;1951778313491977690;S
20241106;095902;32.8;2;1951778313491977691;S
20241106;095902;32.8;1;1951778313491977692;S
20241106;095902;32.8;1;1951778313491977693;S
20241106;095902;32.8;3;1951778313491977694;S
20241106;095902;32.8;16;1951778313491977695;S
20241106;095902;32.8;5;1951778313491977696;S
20241106;095902;32.8;5;1951778313491977697;S
20241106;095902;32.8;7;1951778313491977698;S
20241106;095902;32.8;1;1951778313491977699;S
20241106;095902;32.8;1;1951778313491977700;S
20241106;095902;32.8;1;1951778313491977701;S
20241106;095902;32.8;3;1951778313491977702;S
20241106;095902;32.8;3;1951778313491977703;S
20241106;095902;32.8;1;1951778313491977704;S
20241106;095902;32.8;1;1951778313491977705;S
20241106;095902;32.8;8;1951778313491977706;S
20241106;095902;32.8;2;1951778313491977707;S
20241106;095902;32.8;1;1951778313491977708;S
20241106;095902;32.8;10;1951778313491977709;S
20241106;095902;32.8;5;1951778313491977710;S
20241106;095902;32.8;1;1951778313491977711;S
20241106;095902;32.8;1;1951778313491977712;S
20241106;095902;32.8;1;1951778313491977713;S
20241106;095902;32.8;5;1951778313491977714;S
20241106;095902;32.8;10;1951778313491977715;S
20241106;095902;32.8;2;1951778313491977716;S
20241106;095902;32.8;1;1951778313491977717;S
20241106;095902;32.8;1;1951778313491977718;S
20241106;095902;32.8;1;1951778313491977719;S
20241106;095902;32.8;1;1951778313491977720;S
20241106;095902;32.8;2;1951778313491977721;S
20241106;095902;32.8;5;1951778313491977722;S
20241106;095902;32.8;1;1951778313491977723;S
20241106;095902;32.8;1;1951778313491977724;S
20241106;095902;32.8;1;1951778313491977725;S
20241106;095902;32.8;10;1951778313491977726;S
20241106;095902;32.8;12;1951778313491977727;S
20241106;095902;32.8;2;1951778313491977728;S
20241106;095902;32.8;31;1951778313491977729;S
20241106;095902;32.8;10;1951778313491977730;S
20241106;095902;32.8;5;1951778313491977731;S
20241106;095902;32.8;1;1951778313491977732;S
20241106;095902;32.8;1;1951778313491977733;S
20241106;095902;32.8;2;1951778313491977734;S
20241106;095902;32.8;3;1951778313491977735;S
20241106;095902;32.8;1;1951778313491977736;S
20241106;095902;32.8;1;1951778313491977737;S
20241106;095902;32.8;1;1951778313491977738;S
20241106;095902;32.8;1;1951778313491977739;S
20241106;095902;32.8;3;1951778313491977740;B
20241106;095902;32.8;4;1951778313491977741;B
20241106;095902;32.8;1;1951778313491977742;S
20241106;095902;32.8;1;1951778313491977743;S
20241106;095902;32.8;1;1951778313491977744;S
20241106;095902;32.8;2;1951778313491977745;S
20241106;095902;32.8;1;1951778313491977746;S
20241106;095902;32.8;1;1951778313491977747;S
20241106;095902;32.8;4;1951778313491977748;S
20241106;095902;32.8;1;1951778313491977749;S
20241106;095902;32.8;1;1951778313491977750;S
20241106;095902;32.8;1;1951778313491977751;S
20241106;095902;32.8;5;1951778313491977752;S
20241106;095902;32.8;1;1951778313491977753;S
20241106;095902;32.8;1;1951778313491977754;S
20241106;095902;32.8;1;1951778313491977755;S
20241106;095902;32.8;1;1951778313491977756;S
20241106;095902;32.8;1;1951778313491977757;S
20241106;095902;32.8;35;1951778313491977758;S
20241106;095902;32.8;5;1951778313491977759;S
20241106;095902;32.8;4;1951778313491977760;S
20241106;095902;32.8;1;1951778313491977761;S
20241106;095902;32.8;1;1951778313491977762;S
20241106;095902;32.8;3;1951778313491977763;S
20241106;095902;32.8;1;1951778313491977764;S
20241106;095902;32.8;1;1951778313491977765;S
20241106;095902;32.8;2;1951778313491977766;S
20241106;095902;32.8;5;1951778313491977767;S
20241106;095902;32.8;14;1951778313491977768;S
20241106;095902;32.8;8;1951778313491977769;S
20241106;095902;32.8;300;1951778313491977770;S
20241106;095902;32.8;200;1951778313491977771;S
20241106;095902;32.8;200;1951778313491977772;S
20241106;095902;32.8;60;1951778313491977773;S
20241106;095902;32.8;40;1951778313491977774;S
20241106;095902;32.8;18;1951778313491977775;S
20241106;095902;32.8;5;1951778313491977776;S
20241106;095902;32.8;55;1951778313491977777;S
20241106;095902;32.8;25;1951778313491977778;S
20241106;095902;32.8;45;1951778313491977779;S
20241106;095902;32.8;9;1951778313491977780;S
20241106;095902;32.8;20;1951778313491977781;S
20241106;095902;32.8;5;1951778313491977782;S
20241106;095902;32.8;300;1951778313491977783;S
20241106;095902;32.8;30;1951778313491977784;S
20241106;095902;32.8;20;1951778313491977785;S
20241106;095902;32.8;200;1951778313491977786;S
20241106;095902;32.8;40;1951778313491977787;S
20241106;095902;32.8;90;1951778313491977788;S
20241106;095902;32.8;5;1951778313491977789;S
20241106;095902;32.8;100;1951778313491977790;S
20241106;095902;32.8;41;1951778313491977791;S
20241106;095902;32.8;25;1951778313491977792;S
20241106;095902;32.8;145;1951778313491977793;S
20241106;095902;32.8;20;1951778313491977794;S
20241106;095902;32.8;25;1951778313491977795;S
20241106;095902;32.8;5;1951778313491977796;S
20241106;095902;32.8;2;1951778313491977797;S
20241106;095902;32.8;1;1951778313491977798;S
20241106;095902;32.8;2;1951778313491977799;S
20241106;095902;32.8;1;1951778313491977800;B
20241106;095902;32.8;1;1951778313491977801;S
20241106;095902;32.8;1;1951778313491977802;S
20241106;095902;32.8;2;1951778313491977803;S
20241106;095902;32.8;195;1951778313491977804;S
20241106;095902;32.8;10;1951778313491977805;S
20241106;095902;32.8;7;1951778313491977864;S
20241106;095902;32.8;1;1951778313491977869;S
20241106;095902;32.8;55;1951778313491977874;S
20241106;095902;32.8;1;1951778313491977879;S
20241106;095902;32.8;1;1951778313491977884;S
20241106;095902;32.8;3;1951778313491977889;S
20241106;095902;32.8;2;1951778313491977894;S
20241106;095902;32.8;1;1951778313491977899;S
20241106;095902;32.8;1;1951778313491977904;S
20241106;095902;32.8;1;1951778313491977909;S
20241106;095902;32.8;9;1951778313491977914;S
20241106;095902;32.8;5;1951778313491977919;S
20241106;095902;32.8;1;1951778313491977924;S
20241106;095902;32.8;1;1951778313491977929;S
20241106;095902;32.8;1;1951778313491977934;S
20241106;095902;32.8;3;1951778313491977939;S
20241106;095902;32.8;7;1951778313491977944;S
20241106;095902;32.8;1;1951778313491977949;S
20241106;095902;32.8;1;1951778313491977954;S
20241106;095902;32.8;1;1951778313491977959;S
20241106;095902;32.8;1;1951778313491977964;S
20241106;095902;32.8;1;1951778313491977969;S
20241106;095902;32.8;13;1951778313491977974;S
20241106;095902;32.8;1;1951778313491977979;S
20241106;095902;32.8;1;1951778313491977984;S
20241106;095902;32.8;1;1951778313491977989;S
20241106;095902;32.8;23;1951778313491977994;S
20241106;095902;32.8;2;1951778313491977999;S
20241106;095902;32.8;1;1951778313491978004;S
20241106;095902;32.8;16;1951778313491978009;S
20241106;095902;32.8;3;1951778313491978014;S
20241106;095902;32.8;1;1951778313491978019;S
20241106;095902;32.8;1;1951778313491978024;S
20241106;095902;32.8;1;1951778313491978029;S
20241106;095902;32.8;1;1951778313491978034;S
20241106;095902;32.8;29;1951778313491978039;S
20241106;095902;32.8;1;1951778313491978044;S
20241106;095902;32.8;1;1951778313491978049;S
20241106;095902;32.8;1;1951778313491978054;S
20241106;095902;32.8;1;1951778313491978059;S
20241106;095902;32.8;2;1951778313491978064;S
20241106;095902;32.8;5;1951778313491978069;S
20241106;095902;32.8;5;1951778313491978074;S
20241106;095902;32.8;7;1951778313491978079;S
20241106;100000;32.8;6;1951778313491978084;S
20241106;100000;32.8;1;1951778313491978089;S
20241106;100000;32.8;1;1951778313491978094;S
20241106;100000;32.8;2;1951778313491978099;S
20241106;100000;32.8;2;1951778313491978104;S
20241106;100000;32.8;9;1951778313491978109;S
20241106;100000;32.8;1;1951778313491978114;S
20241106;100000;32.8;1;1951778313491978119;S
20241106;100000;32.8;1;1951778313491978124;S
20241106;100000;32.8;3;1951778313491978129;S
20241106;100000;32.8;1;1951778313491978134;S
20241106;100000;32.8;1;1951778313491978139;S
20241106;100000;32.8;1;1951778313491978144;S
20241106;100000;32.8;1;1951778313491978149;S
20241106;100000;32.8;1;1951778313491978154;S
20241106;100000;32.8;1;1951778313491978159;S
20241106;100000;32.8;3;1951778313491978164;S
20241106;100000;32.8;25;1951778313491978169;S
20241106;100000;32.8;32;1951778313491978174;S
20241106;100000;32.8;1;1951778313491978179;S
20241106;100000;32.8;1;1951778313491978184;S
20241106;100000;32.8;1;1951778313491978189;S
20241106;100000;32.8;3;1951778313491978194;S
20241106;100000;32.8;20;1951778313491978199;S
20241106;100000;32.8;1;1951778313491978204;S
20241106;100000;32.8;1;1951778313491978209;S
20241106;100000;32.8;1;1951778313491978214;S
20241106;100000;32.8;3;1951778313491978219;S
20241106;100000;32.8;1;1951778313491978224;S
20241106;100000;32.8;1;1951778313491978229;S
20241106;100000;32.8;1;1951778313491978234;S
20241106;100000;32.8;1;1951778313491978239;S
20241106;100000;32.8;1;1951778313491978244;S
20241106;100000;32.8;1;1951778313491978249;S
20241106;100000;32.8;1;1951778313491978254;S
20241106;100000;32.8;3;1951778313491978259;S
20241106;100000;32.8;1;1951778313491978264;S
20241106;100000;32.8;1;1951778313491978269;S
20241106;100000;32.8;1;1951778313491978274;S
20241106;100000;32.8;1;1951778313491978279;S
20241106;100000;32.8;1;1951778313491978284;S
20241106;100000;32.8;1;1951778313491978289;S
20241106;100000;32.8;1;1951778313491978294;S
20241106;100000;32.8;1;1951778313491978299;S
20241106;100000;32.8;1;1951778313491978304;S
20241106;100000;32.8;1;1951778313491978309;S
20241106;100000;32.8;3;1951778313491978314;S
20241106;100000;32.8;20;1951778313491978319;S
20241106;100000;32.8;1;1951778313491978324;S
20241106;100000;32.8;1;1951778313491978329;S
20241106;100000;32.8;1;1951778313491978334;S
20241106;100000;32.8;1;1951778313491978339;S
20241106;100000;32.8;1;1951778313491978344;S
20241106;100000;32.8;1;1951778313491978349;S
20241106;100000;32.8;1;1951778313491978354;S
20241106;100000;32.8;1;1951778313491978359;S
20241106;100000;32.8;1;1951778313491978364;S
20241106;100000;32.8;1;1951778313491978369;S
20241106;100000;32.8;50;1951778313491978374;S
20241106;100000;32.8;1345;1951778313491978378;S
20241106;100000;32.8;4;1951778313491978379;S
20241106;100000;32.8;5;1951778313491978380;S
20241106;100000;32.8;2;1951778313491978381;S
20241106;100000;32.8;1;1951778313491978382;S
20241106;100000;32.8;1;1951778313491978383;S
20241106;100000;32.8;1;1951778313491978384;S
20241106;100000;32.8;1;1951778313491978385;S
20241106;100000;32.8;1;1951778313491978386;S
20241106;100000;32.8;1;1951778313491978387;S
20241106;100000;32.8;1;1951778313491978388;S
20241106;100000;32.8;1;1951778313491978389;S
20241106;100000;32.8;1;1951778313491978390;S
20241106;100000;32.8;1;1951778313491978391;S
20241106;100000;32.8;5;1951778313491978392;S
20241106;100000;32.8;1;1951778313491978393;S
20241106;100000;32.8;5;1951778313491978394;S
20241106;100000;32.79;1;1951778313491978395;S
20241106;100000;32.79;1;1951778313491978396;S
20241106;100000;32.79;1;1951778313491978397;S
20241106;100000;32.78;46;1951778313491978398;S
20241106;100000;32.77;3;1951778313491978399;S
20241106;100000;32.76;1;1951778313491978400;S
20241106;100000;32.75;1;1951778313491978401;S
20241106;100000;32.75;10;1951778313491978402;S
20241106;100000;32.75;1;1951778313491978403;S
20241106;100000;32.75;1;1951778313491978404;S
20241106;100000;32.75;1;1951778313491978405;S
20241106;100000;32.73;1;1951778313491978406;S
20241106;100000;32.73;1;1951778313491978407;S
20241106;100000;32.73;3;1951778313491978408;S
20241106;100000;32.72;1;1951778313491978409;S
20241106;100000;32.71;1;1951778313491978410;S
20241106;100000;32.71;8;1951778313491978411;S
20241106;100000;32.7;1;1951778313491978412;S
20241106;100000;32.7;10;1951778313491978413;S
20241106;100000;32.7;1;1951778313491978414;S
20241106;100000;32.7;25;1951778313491978415;S
20241106;100000;32.7;10;1951778313491978416;S
20241106;100000;32.7;2;1951778313491978417;S
20241106;100000;32.7;5;1951778313491978418;S
20241106;100000;32.69;1;1951778313491978419;S
20241106;100000;32.69;30;1951778313491978420;S
20241106;100000;32.69;1;1951778313491978421;S
20241106;100000;32.69;2;1951778313491978422;S
20241106;100000;32.69;3;1951778313491978423;S
20241106;100000;32.68;1;1951778313491978424;S
20241106;100000;32.67;1;1951778313491978425;S
20241106;100000;32.67;1;1951778313491978426;S
20241106;100000;32.67;1;1951778313491978427;S
20241106;100000;32.67;1;1951778313491978428;S
20241106;100000;32.67;1;1951778313491978429;S
20241106;100000;32.67;1;1951778313491978430;S
20241106;100000;32.67;1;1951778313491978431;S
20241106;100000;32.67;1;1951778313491978432;S
20241106;100000;32.66;1;1951778313491978433;S
20241106;100000;32.66;1;1951778313491978434;S
20241106;100000;32.65;1;1951778313491978435;S
20241106;100000;32.65;75;1951778313491978436;S
20241106;100000;32.65;1;1951778313491978437;S
20241106;100000;32.65;4;1951778313491978438;S
20241106;100000;32.65;10;1951778313491978439;S
20241106;100000;32.65;1;1951778313491978440;S
20241106;100000;32.81;60;1951778313491978441;S
20241106;100000;32.81;40;1951778313491978442;S
20241106;100000;32.8;60;1951778313491978443;S
20241106;100000;32.8;40;1951778313491978444;S
20241106;100000;32.79;60;1951778313491978445;S
20241106;100000;32.79;40;1951778313491978446;S
20241106;100000;32.78;60;1951778313491978447;S
20241106;100000;32.78;40;1951778313491978448;S
20241106;100000;32.77;40;1951778313491978449;S
20241106;100000;32.77;60;1951778313491978450;S
20241106;100000;32.76;60;1951778313491978451;S
20241106;100000;32.76;40;1951778313491978452;S
20241106;100000;32.75;60;1951778313491978453;S
20241106;100000;32.75;40;1951778313491978454;S
20241106;100000;32.74;60;1951778313491978455;S
20241106;100000;32.74;40;1951778313491978456;S
20241106;100000;32.73;60;1951778313491978457;S
20241106;100000;32.73;40;1951778313491978458;S
20241106;100000;32.72;60;1951778313491978459;S
20241106;100000;32.72;40;1951778313491978460;S
20241106;100000;32.71;60;1951778313491978461;S
20241106;100000;32.71;40;1951778313491978462;S
20241106;100000;32.7;40;1951778313491978463;S
20241106;100000;32.7;60;1951778313491978464;S
20241106;100000;32.69;40;1951778313491978465;S
20241106;100000;32.69;60;1951778313491978466;S
20241106;100000;32.68;60;1951778313491978467;S
20241106;100000;32.68;40;1951778313491978468;S
20241106;100000;32.67;60;1951778313491978469;S
20241106;100000;32.67;40;1951778313491978470;S
20241106;100000;32.7;4;1951778313491978471;S
20241106;100000;32.69;1;1951778313491978475;S
20241106;100000;32.69;2;1951778313491978476;S
20241106;100000;32.68;3;1951778313491978477;S
20241106;100000;32.67;1;1951778313491978478;S
20241106;100000;32.67;2;1951778313491978479;S
20241106;100000;32.66;1;1951778313491978480;S
20241106;100000;32.65;1;1951778313491978481;S
20241106;100000;32.64;1;1951778313491978482;S
20241106;100000;32.73;50;1951778313491978483;B
20241106;100000;32.73;100;1951778313491978484;B
20241106;100000;32.73;50;1951778313491978485;B
20241106;100000;32.73;150;1951778313491978486;B
20241106;100000;32.73;50;1951778313491978487;B
20241106;100000;32.66;2;1951778313491978488;S
20241106;100000;32.64;2;1951778313491978489;S
20241106;100000;32.67;1;1951778313491978490;S
20241106;100000;32.64;4;1951778313491978491;S
20241106;100000;32.64;1;1951778313491978492;S
20241106;100000;32.64;1;1951778313491978493;S
20241106;100000;32.64;2;1951778313491978498;S
20241106;100000;32.64;1;1951778313491978499;S
20241106;100000;32.63;23;1951778313491978500;S
20241106;100000;32.63;1;1951778313491978501;S
20241106;100000;32.63;2;1951778313491978502;S
20241106;100000;32.63;2;1951778313491978503;S
20241106;100000;32.62;3;1951778313491978504;S
20241106;100000;32.62;5;1951778313491978505;S
20241106;100000;32.62;4;1951778313491978506;S
20241106;100000;32.62;1;1951778313491978507;S
20241106;100000;32.62;1;1951778313491978508;S
20241106;100000;32.62;2;1951778313491978509;S
20241106;100000;32.62;2;1951778313491978510;S
20241106;100000;32.76;60;1951778313491978511;B
20241106;100000;32.76;13;1951778313491978512;B
20241106;100000;32.76;1;1951778313491978513;B
20241106;100000;32.76;1;1951778313491978514;B
20241106;100000;32.68;1;1951778313491978515;S
20241106;100000;32.62;1;1951778313491978516;S
20241106;100000;32.76;1;1951778313491978518;B
20241106;100000;32.76;2;1951778313491978522;B
20241106;100000;32.76;1;1951778313491978523;B
20241106;100000;32.62;4;1951778313491978524;S
20241106;100000;32.63;6;1951778313491978525;B
20241106;100000;32.76;1;1951778313491978526;B
20241106;100000;32.75;8;1951778313491978527;S
20241106;100000;32.75;1;1951778313491978528;S
20241106;100000;32.75;5;1951778313491978529;S
20241106;100000;32.75;30;1951778313491978530;S
20241106;100000;32.75;6;1951778313491978531;S
20241106;100000;32.71;13;1951778313491978532;S
20241106;100000;32.71;2;1951778313491978533;S
20241106;100000;32.76;1;1951778313491978534;B
20241106;100000;32.71;21;1951778313491978535;S
20241106;100000;32.76;8;1951778313491978537;B
20241106;100000;32.71;8;1951778313491978541;S
20241106;100000;32.7;1;1951778313491978542;S
20241106;100000;32.7;1;1951778313491978543;S
20241106;100000;32.69;1;1951778313491978544;S
20241106;100000;32.62;5;1951778313491978545;S
20241106;100000;32.62;5;1951778313491978546;S
20241106;100000;32.62;3;1951778313491978547;S
20241106;100000;32.62;1;1951778313491978548;S
20241106;100000;32.62;2;1951778313491978549;S
20241106;100000;32.62;1;1951778313491978550;S
20241106;100000;32.62;1;1951778313491978555;S
20241106;100000;32.62;6;1951778313491978556;S
20241106;100000;32.62;4;1951778313491978561;S
20241106;100000;32.62;2;1951778313491978566;S
20241106;100000;32.62;1;1951778313491978567;S
20241106;100000;32.62;9;1951778313491978569;B
20241106;100000;32.61;1;1951778313491978573;S
20241106;100000;32.61;1;1951778313491978574;S
20241106;100000;32.61;1;1951778313491978575;S
20241106;100000;32.61;1;1951778313491978576;S
20241106;100000;32.61;1;1951778313491978577;S
20241106;100000;32.61;5;1951778313491978582;S
20241106;100000;32.62;4;1951778313491978587;B
20241106;100000;32.61;2;1951778313491978588;S
20241106;100000;32.61;1;1951778313491978593;S
20241106;100000;32.61;1;1951778313491978598;S
20241106;100000;32.61;1;1951778313491978599;S
20241106;100000;32.62;50;1951778313491978600;B
20241106;100000;32.62;68;1951778313491978601;B
20241106;100000;32.62;2;1951778313491978602;B
20241106;100000;32.76;9;1951778313491978603;B
20241106;100000;32.76;2;1951778313491978604;B
20241106;100000;32.76;1;1951778313491978605;B
20241106;100000;32.61;1;1951778313491978606;S
20241106;100000;32.6;1;1951778313491978607;S
20241106;100000;32.6;3;1951778313491978608;S
20241106;100000;32.6;10;1951778313491978609;S
20241106;100000;32.6;6;1951778313491978610;S
20241106;100000;32.62;3;1951778313491978611;B
20241106;100000;32.75;7;1951778313491978612;S
20241106;100000;32.73;3;1951778313491978613;B
20241106;100000;32.64;1;1951778313491978614;S
20241106;100000;32.6;12;1951778313491978615;S
20241106;100000;32.73;10;1951778313491978616;B
20241106;100000;32.73;3;1951778313491978617;B
20241106;100000;32.6;12;1951778313491978618;S
20241106;100000;32.6;1;1951778313491978619;S
20241106;100000;32.59;8;1951778313491978620;S
20241106;100000;32.73;2;1951778313491978621;B
20241106;100000;32.73;1;1951778313491978622;B
20241106;100000;32.73;2;1951778313491978623;B
20241106;100000;32.59;1;1951778313491978624;S
20241106;100000;32.59;1;1951778313491978625;S
20241106;100000;32.59;8;1951778313491978626;S
20241106;100000;32.59;2;1951778313491978627;S
20241106;100000;32.59;1;1951778313491978628;S
20241106;100000;32.59;1;1951778313491978629;S
20241106;100000;32.59;2;1951778313491978630;S
20241106;100000;32.73;6;1951778313491978631;B
20241106;100000;32.73;3;1951778313491978632;B
20241106;100000;32.59;2;1951778313491978633;S
20241106;100000;32.58;2;1951778313491978634;S
20241106;100000;32.73;1;1951778313491978635;B
20241106;100000;32.73;4;1951778313491978636;B
20241106;100000;32.58;3;1951778313491978637;S
20241106;100000;32.58;5;1951778313491978638;S
20241106;100000;32.58;2;1951778313491978639;S
20241106;100000;32.73;1;1951778313491978640;B
20241106;100000;32.58;2;1951778313491978641;S
20241106;100000;32.73;1;1951778313491978642;B
20241106;100000;32.58;1;1951778313491978643;S
20241106;100000;32.58;2;1951778313491978644;S
20241106;100000;32.73;1;1951778313491978645;B
20241106;100000;32.72;2;1951778313491978646;S
20241106;100000;32.72;8;1951778313491978647;S
20241106;100000;32.72;2;1951778313491978649;S
20241106;100000;32.72;2;1951778313491978654;S
20241106;100000;32.72;2;1951778313491978659;S
20241106;100000;32.72;2;1951778313491978664;S
20241106;100000;32.72;4;1951778313491978669;S
20241106;100000;32.72;5;1951778313491978673;S
20241106;100000;32.73;2;1951778313491978674;B
20241106;100000;32.58;3;1951778313491978675;S
20241106;100000;32.58;5;1951778313491978676;S
20241106;100000;32.58;5;1951778313491978677;S
20241106;100000;32.58;5;1951778313491978678;S
20241106;100000;32.58;5;1951778313491978679;S
20241106;100000;32.58;5;1951778313491978680;S
20241106;100000;32.57;1;1951778313491978681;S
20241106;100000;32.57;1;1951778313491978686;S
20241106;100000;32.57;1;1951778313491978691;S
20241106;100000;32.57;1;1951778313491978696;S
20241106;100000;32.57;1;1951778313491978701;S
20241106;100000;32.57;1;1951778313491978706;S
20241106;100000;32.57;1;1951778313491978711;S
20241106;100000;32.57;1;1951778313491978716;S
20241106;100000;32.57;1;1951778313491978721;S
20241106;100000;32.57;1;1951778313491978726;S
20241106;100000;32.57;1;1951778313491978731;S
20241106;100000;32.57;1;1951778313491978736;S
20241106;100000;32.57;1;1951778313491978741;S
20241106;100000;32.57;1;1951778313491978746;S
20241106;100000;32.57;1;1951778313491978751;S
20241106;100000;32.57;1;1951778313491978756;S
20241106;100000;32.57;1;1951778313491978761;S
20241106;100000;32.57;1;1951778313491978766;S
20241106;100000;32.57;1;1951778313491978771;S
20241106;100000;32.57;1;1951778313491978776;S
20241106;100000;32.56;1;1951778313491978781;S
20241106;100000;32.56;1;1951778313491978782;S
20241106;100000;32.6;1;1951778313491978787;S
20241106;100000;32.56;1;1951778313491978788;S
20241106;100000;32.56;1;1951778313491978793;S
20241106;100000;32.56;1;1951778313491978798;S
20241106;100000;32.73;10;1951778313491978803;B
20241106;100000;32.56;1;1951778313491978804;S
20241106;100000;32.56;1;1951778313491978809;S
20241106;100000;32.56;1;1951778313491978814;S
20241106;100000;32.56;1;1951778313491978819;S
20241106;100000;32.56;1;1951778313491978824;S
20241106;100000;32.73;20;1951778313491978829;B
20241106;100000;32.57;1;1951778313491978830;S
20241106;100000;32.56;1;1951778313491978835;S
20241106;100000;32.73;1;1951778313491978840;B
20241106;100000;32.56;1;1951778313491978841;S
20241106;100000;32.55;1;1951778313491978846;S
20241106;100000;32.55;2;1951778313491978847;S
20241106;100000;32.55;1;1951778313491978848;S
20241106;100000;32.73;1;1951778313491978849;B
20241106;100000;32.73;1;1951778313491978850;B
20241106;100000;32.72;1;1951778313491978857;B
20241106;100000;32.72;1;1951778313491978858;B
20241106;100000;32.72;1;1951778313491978859;B
20241106;100000;32.72;1;1951778313491978860;B
20241106;100000;32.57;2;1951778313491978870;S
20241106;100000;32.57;1;1951778313491978875;S
20241106;100000;32.55;1;1951778313491978880;S
20241106;100000;32.72;11;1951778313491978881;B
20241106;100000;32.55;1;1951778313491978882;S
20241106;100000;32.55;2;1951778313491978883;S
20241106;100000;32.55;4;1951778313491978884;S
20241106;100000;32.55;1;1951778313491978885;S
20241106;100000;32.7;1;1951778313491978886;S
20241106;100000;32.7;1;1951778313491978887;S
20241106;100000;32.55;19;1951778313491978888;S
20241106;100000;32.72;2;1951778313491978889;B
20241106;100000;32.72;1;1951778313491978890;B
20241106;100000;32.72;1;1951778313491978891;B
20241106;100000;32.72;2;1951778313491978892;B
20241106;100000;32.72;50;1951778313491978893;B
20241106;100001;32.72;1;1951778313491978894;B
20241106;100001;32.57;1;1951778313491978895;S
20241106;100001;32.57;2;1951778313491978900;S
20241106;100001;32.71;2;1951778313491978905;B
20241106;100001;32.61;5;1951778313491978906;S
20241106;100001;32.58;15;1951778313491978907;S
20241106;100001;32.58;5;1951778313491978908;S
20241106;100001;32.58;1;1951778313491978909;S
20241106;100001;32.58;5;1951778313491978912;S
20241106;100001;32.58;2;1951778313491978917;S
20241106;100001;32.58;2;1951778313491978922;S
20241106;100001;32.58;2;1951778313491978927;S
20241106;100001;32.58;2;1951778313491978932;S
20241106;100001;32.58;5;1951778313491978937;S
20241106;100001;32.71;2;1951778313491978941;B
20241106;100001;32.58;1;1951778313491978942;S
20241106;100001;32.57;9;1951778313491978943;S
20241106;100001;32.71;1;1951778313491978945;B
20241106;100001;32.57;1;1951778313491978949;S
20241106;100001;32.57;10;1951778313491978950;S
20241106;100001;32.71;2;1951778313491978951;B
20241106;100001;32.71;1;1951778313491978953;B
20241106;100001;32.57;1;1951778313491978957;S
20241106;100001;32.71;2;1951778313491978959;B
20241106;100001;32.57;2;1951778313491978964;S
20241106;100001;32.57;17;1951778313491978968;S
20241106;100001;32.56;33;1951778313491978969;S
20241106;100001;32.56;7;1951778313491978970;S
20241106;100001;32.55;3;1951778313491978971;S
20241106;100001;32.71;1;1951778313491978972;B
20241106;100001;32.62;2;1951778313491978973;S
20241106;100001;32.62;5;1951778313491978975;S
20241106;100001;32.62;1;1951778313491978980;S
20241106;100001;32.62;2;1951778313491978985;S
20241106;100001;32.62;2;1951778313491978990;S
20241106;100001;32.62;2;1951778313491978995;S
20241106;100001;32.62;8;1951778313491978999;S
20241106;100001;32.62;2;1951778313491979000;S
20241106;100001;32.71;1;1951778313491979002;B
20241106;100001;32.71;1;1951778313491979007;B
20241106;100001;32.62;5;1951778313491979011;S
20241106;100001;32.71;10;1951778313491979012;B
20241106;100001;32.71;2;1951778313491979013;B
20241106;100001;32.64;3;1951778313491979014;S
20241106;100001;32.71;2;1951778313491979020;B
20241106;100001;32.71;1;1951778313491979024;B
20241106;100001;32.71;1;1951778313491979025;B
20241106;100001;32.71;2;1951778313491979026;B
20241106;100001;32.64;3;1951778313491979027;S
20241106;100001;32.64;2;1951778313491979032;S
20241106;100001;32.64;2;1951778313491979037;S
20241106;100001;32.62;21;1951778313491979042;S
20241106;100001;32.58;17;1951778313491979043;S
20241106;100001;32.71;1;1951778313491979044;B
20241106;100001;32.71;1;1951778313491979045;B
20241106;100001;32.71;5;1951778313491979046;B
20241106;100001;32.71;2;1951778313491979047;B
20241106;100001;32.71;1;1951778313491979048;B
20241106;100001;32.58;20;1951778313491979049;S
20241106;100001;32.58;33;1951778313491979050;S
20241106;100001;32.58;4;1951778313491979051;S
20241106;100001;32.71;2;1951778313491979052;B
20241106;100001;32.58;2;1951778313491979053;S
20241106;100001;32.58;2;1951778313491979054;S
20241106;100001;32.58;52;1951778313491979055;S
20241106;100001;32.62;8;1951778313491979056;B
20241106;100001;32.58;9;1951778313491979057;S
20241106;100001;32.58;2;1951778313491979058;S
20241106;100001;32.62;1;1951778313491979060;B
20241106;100001;32.58;3;1951778313491979064;S
20241106;100001;32.58;1;1951778313491979065;S
20241106;100001;32.62;1;1951778313491979066;B
20241106;100001;32.62;1;1951778313491979067;B
20241106;100001;32.58;10;1951778313491979068;S
20241106;100001;32.58;2;1951778313491979069;S
20241106;100001;32.58;1;1951778313491979070;S
20241106;100001;32.58;5;1951778313491979071;S
20241106;100001;32.58;3;1951778313491979072;S
20241106;100001;32.62;2;1951778313491979073;B
20241106;100001;32.62;1;1951778313491979075;B
20241106;100001;32.58;3;1951778313491979080;S
20241106;100001;32.58;2;1951778313491979085;S
20241106;100001;32.58;2;1951778313491979090;S
20241106;100001;32.58;3;1951778313491979095;S
20241106;100001;32.58;2;1951778313491979100;S
20241106;100001;32.58;2;1951778313491979105;S
20241106;100001;32.58;2;1951778313491979110;S
20241106;100001;32.58;2;1951778313491979115;S
20241106;100001;32.58;2;1951778313491979120;S
20241106;100001;32.58;6;1951778313491979125;S
20241106;100001;32.62;1;1951778313491979129;B
20241106;100001;32.62;1;1951778313491979130;B
20241106;100001;32.62;2;1951778313491979131;B
20241106;100001;32.58;8;1951778313491979132;S
20241106;100001;32.55;25;1951778313491979133;S
20241106;100001;32.55;21;1951778313491979134;S
20241106;100001;32.62;1;1951778313491979135;B
20241106;100001;32.62;1;1951778313491979136;B
20241106;100001;32.55;10;1951778313491979137;S
20241106;100001;32.55;6;1951778313491979138;S
20241106;100001;32.62;1;1951778313491979139;B
20241106;100001;32.55;7;1951778313491979140;S
20241106;100001;32.55;40;1951778313491979141;S
20241106;100001;32.54;40;1951778313491979142;S
20241106;100001;32.54;50;1951778313491979143;S
20241106;100001;32.53;5;1951778313491979144;S
20241106;100001;32.53;1;1951778313491979145;S
20241106;100001;32.53;40;1951778313491979146;S
20241106;100001;32.53;1;1951778313491979147;S
20241106;100001;32.53;10;1951778313491979148;S
20241106;100001;32.53;26;1951778313491979149;S
20241106;100001;32.61;1;1951778313491979153;B
20241106;100001;32.61;1;1951778313491979154;B
20241106;100001;32.53;14;1951778313491979155;S
20241106;100001;32.53;1;1951778313491979156;S
20241106;100001;32.52;1;1951778313491979161;S
20241106;100001;32.52;25;1951778313491979162;S
20241106;100001;32.52;8;1951778313491979163;S
20241106;100001;32.52;1;1951778313491979164;S
20241106;100001;32.52;3;1951778313491979165;S
20241106;100001;32.52;1;1951778313491979166;S
20241106;100001;32.52;15;1951778313491979167;S
20241106;100001;32.52;4;1951778313491979168;S
20241106;100001;32.52;10;1951778313491979169;S
20241106;100001;32.52;4;1951778313491979170;S
20241106;100001;32.61;1;1951778313491979172;B
20241106;100001;32.61;1;1951778313491979177;B
20241106;100001;32.52;7;1951778313491979181;S
20241106;100001;32.51;1;1951778313491979182;S
20241106;100001;32.51;1;1951778313491979183;S
20241106;100001;32.51;1;1951778313491979184;S
20241106;100001;32.51;1;1951778313491979185;S
20241106;100001;32.51;1;1951778313491979186;S
20241106;100001;32.51;2;1951778313491979187;S
20241106;100001;32.51;3;1951778313491979188;S
20241106;100001;32.51;1;1951778313491979189;S
20241106;100001;32.51;1;1951778313491979190;S
20241106;100001;32.51;1;1951778313491979191;S
20241106;100001;32.51;1;1951778313491979192;S
20241106;100001;32.51;1;1951778313491979193;S
20241106;100001;32.51;40;1951778313491979194;S
20241106;100001;32.51;7;1951778313491979195;S
20241106;100001;32.51;25;1951778313491979196;S
20241106;100001;32.61;25;1951778313491979197;B
20241106;100001;32.51;3;1951778313491979199;S
20241106;100001;32.51;7;1951778313491979200;S
20241106;100001;32.61;1;1951778313491979201;B
20241106;100001;32.61;20;1951778313491979202;B
20241106;100001;32.62;30;1951778313491979203;B
20241106;100001;32.62;1;1951778313491979205;B
20241106;100001;32.62;1;1951778313491979209;B
20241106;100001;32.56;1;1951778313491979213;S
20241106;100001;32.56;3;1951778313491979214;S
20241106;100001;32.56;3;1951778313491979215;S
20241106;100001;32.51;38;1951778313491979216;S
20241106;100001;32.51;1;1951778313491979217;S
20241106;100001;32.5;1;1951778313491979218;S
20241106;100001;32.6;1;1951778313491979219;B
20241106;100001;32.56;1;1951778313491979220;S
20241106;100001;32.5;2;1951778313491979221;S
20241106;100001;32.5;3;1951778313491979222;S
20241106;100001;32.5;4;1951778313491979223;S
20241106;100002;32.62;1;1951778313491979224;B
20241106;100002;32.6;5;1951778313491979225;S
20241106;100002;32.6;1;1951778313491979230;S
20241106;100002;32.6;2;1951778313491979235;S
20241106;100002;32.6;1;1951778313491979240;S
20241106;100002;32.62;1;1951778313491979246;B
20241106;100002;32.61;1;1951778313491979254;B
20241106;100002;32.6;2;1951778313491979255;S
20241106;100002;32.6;1;1951778313491979260;S
20241106;100002;32.6;5;1951778313491979265;S
20241106;100002;32.56;1;1951778313491979266;S
20241106;100002;32.56;2;1951778313491979267;S
20241106;100002;32.56;2;1951778313491979268;S
20241106;100002;32.55;25;1951778313491979269;S
20241106;100002;32.61;2;1951778313491979270;B
20241106;100002;32.51;5;1951778313491979271;S
20241106;100002;32.51;41;1951778313491979272;S
20241106;100002;32.51;14;1951778313491979273;S
20241106;100002;32.5;1;1951778313491979274;S
20241106;100002;32.61;1;1951778313491979276;B
20241106;100002;32.61;3;1951778313491979281;B
20241106;100002;32.61;1;1951778313491979286;B
20241106;100002;32.61;1;1951778313491979290;B
20241106;100002;32.56;1;1951778313491979291;S
20241106;100002;32.61;1;1951778313491979292;B
20241106;100002;32.51;22;1951778313491979293;S
20241106;100002;32.61;1;1951778313491979295;B
20241106;100002;32.61;2;1951778313491979299;B
20241106;100002;32.57;1;1951778313491979300;S
20241106;100002;32.61;2;1951778313491979301;B
20241106;100002;32.57;1;1951778313491979302;S
20241106;100002;32.57;8;1951778313491979303;S
20241106;100002;32.61;2;1951778313491979304;B
20241106;100002;32.57;4;1951778313491979305;S
20241106;100002;32.61;2;1951778313491979307;B
20241106;100002;32.61;1;1951778313491979311;B
20241106;100002;32.61;4;1951778313491979312;B
20241106;100002;32.61;1;1951778313491979314;B
20241106;100002;32.53;2;1951778313491979318;S
20241106;100002;32.53;5;1951778313491979319;S
20241106;100002;32.61;1;1951778313491979320;B
20241106;100002;32.55;2;1951778313491979321;S
20241106;100002;32.53;18;1951778313491979322;S
20241106;100002;32.61;1;1951778313491979323;B
20241106;100002;32.61;3;1951778313491979324;B
20241106;100002;32.53;3;1951778313491979325;S
20241106;100002;32.53;4;1951778313491979326;S
20241106;100002;32.61;3;1951778313491979327;B
20241106;100002;32.61;1;1951778313491979328;B
20241106;100002;32.53;28;1951778313491979332;S
20241106;100002;32.53;2;1951778313491979333;S
20241106;100002;32.52;5;1951778313491979334;S
20241106;100002;32.61;3;1951778313491979335;B
20241106;100002;32.61;1;1951778313491979336;B
20241106;100002;32.52;5;1951778313491979337;S
20241106;100002;32.61;1;1951778313491979338;B
20241106;100002;32.61;1;1951778313491979339;B
20241106;100002;32.52;5;1951778313491979340;S
20241106;100002;32.61;1;1951778313491979341;B
20241106;100002;32.61;1;1951778313491979342;B
20241106;100002;32.61;1;1951778313491979343;B
20241106;100002;32.59;2;1951778313491979344;S
20241106;100002;32.61;1;1951778313491979345;B
20241106;100002;32.61;1;1951778313491979348;B
20241106;100002;32.61;1;1951778313491979349;B
20241106;100002;32.61;1;1951778313491979350;B
20241106;100002;32.61;1;1951778313491979351;B
20241106;100002;32.61;1;1951778313491979352;B
20241106;100002;32.6;1;1951778313491979353;B
20241106;100002;32.59;5;1951778313491979354;S
20241106;100002;32.6;1;1951778313491979355;B
20241106;100002;32.59;6;1951778313491979356;S
20241106;100002;32.6;20;1951778313491979357;B
20241106;100002;32.59;37;1951778313491979358;S
20241106;100002;32.56;8;1951778313491979359;S
20241106;100002;32.56;4;1951778313491979360;S
20241106;100002;32.56;1;1951778313491979361;S
20241106;100002;32.56;1;1951778313491979362;S
20241106;100002;32.55;2;1951778313491979363;S
20241106;100002;32.55;2;1951778313491979368;S
20241106;100002;32.55;10;1951778313491979373;S
20241106;100002;32.54;4;1951778313491979374;S
20241106;100002;32.54;3;1951778313491979379;S
20241106;100002;32.54;6;1951778313491979384;S
20241106;100002;32.54;2;1951778313491979389;S
20241106;100002;32.54;2;1951778313491979394;S
20241106;100002;32.53;18;1951778313491979399;S
20241106;100002;32.6;1;1951778313491979404;B
20241106;100002;32.6;1;1951778313491979405;B
20241106;100002;32.53;2;1951778313491979406;S
20241106;100002;32.6;1;1951778313491979411;B
20241106;100002;32.61;1;1951778313491979412;B
20241106;100002;32.61;2;1951778313491979414;B
20241106;100002;32.53;15;1951778313491979418;S
20241106;100002;32.61;1;1951778313491979423;B
20241106;100002;32.61;1;1951778313491979424;B
20241106;100002;32.53;3;1951778313491979425;S
20241106;100002;32.61;6;1951778313491979430;B
20241106;100002;32.61;1;1951778313491979431;B
20241106;100002;32.61;1;1951778313491979432;B
20241106;100002;32.61;2;1951778313491979433;B
20241106;100002;32.61;1;1951778313491979434;B
20241106;100002;32.6;1;1951778313491979435;S
20241106;100002;32.61;1;1951778313491979436;B
20241106;100002;32.61;1;1951778313491979437;B
20241106;100002;32.61;1;1951778313491979438;B
20241106;100002;32.61;3;1951778313491979440;B
20241106;100003;32.61;4;1951778313491979444;B
20241106;100003;32.61;3;1951778313491979445;B
20241106;100003;32.6;1;1951778313491979446;S
20241106;100003;32.53;2;1951778313491979447;S
20241106;100003;32.53;2;1951778313491979452;S
20241106;100003;32.53;4;1951778313491979457;S
20241106;100003;32.61;1;1951778313491979462;B
20241106;100003;32.61;3;1951778313491979463;B
20241106;100003;32.61;1;1951778313491979464;B
20241106;100003;32.61;1;1951778313491979466;B
20241106;100003;32.61;1;1951778313491979470;B
20241106;100003;32.53;2;1951778313491979471;S
20241106;100003;32.53;1;1951778313491979476;S
20241106;100003;32.53;1;1951778313491979481;S
20241106;100003;32.53;1;1951778313491979486;S
20241106;100003;32.53;1;1951778313491979491;S
20241106;100003;32.53;1;1951778313491979496;S
20241106;100003;32.53;1;1951778313491979501;S
20241106;100003;32.53;1;1951778313491979506;S
20241106;100003;32.53;3;1951778313491979511;S
20241106;100003;32.53;1;1951778313491979516;S
20241106;100003;32.53;2;1951778313491979521;S
20241106;100003;32.53;2;1951778313491979526;S
20241106;100003;32.53;1;1951778313491979531;S
20241106;100003;32.53;6;1951778313491979536;S
20241106;100003;32.53;2;1951778313491979537;S
20241106;100003;32.61;1;1951778313491979538;B
20241106;100003;32.61;1;1951778313491979539;B
20241106;100003;32.53;30;1951778313491979540;S
20241106;100003;32.53;6;1951778313491979541;S
20241106;100003;32.61;13;1951778313491979542;B
20241106;100003;32.61;27;1951778313491979543;B
20241106;100003;32.61;1;1951778313491979545;B
20241106;100003;32.53;4;1951778313491979549;S
20241106;100003;32.53;1;1951778313491979550;S
20241106;100003;32.53;11;1951778313491979551;S
20241106;100003;32.52;1;1951778313491979552;S
20241106;100003;32.52;1;1951778313491979557;S
20241106;100003;32.52;2;1951778313491979562;S
20241106;100003;32.52;2;1951778313491979567;S
20241106;100003;32.52;1;1951778313491979572;S
20241106;100003;32.52;4;1951778313491979577;S
20241106;100003;32.52;4;1951778313491979582;S
20241106;100003;32.52;1;1951778313491979587;S
20241106;100003;32.52;1;1951778313491979592;S
20241106;100003;32.52;1;1951778313491979597;S
20241106;100003;32.52;2;1951778313491979602;S
20241106;100003;32.52;1;1951778313491979607;S
20241106;100003;32.52;1;1951778313491979612;S
20241106;100003;32.52;1;1951778313491979617;S
20241106;100003;32.52;1;1951778313491979622;S
20241106;100003;32.52;1;1951778313491979627;S
20241106;100003;32.52;1;1951778313491979632;S
20241106;100003;32.52;1;1951778313491979637;S
20241106;100003;32.52;1;1951778313491979642;S
20241106;100003;32.52;2;1951778313491979647;S
20241106;100003;32.52;1;1951778313491979652;S
20241106;100003;32.52;13;1951778313491979657;S
20241106;100003;32.52;1;1951778313491979662;S
20241106;100003;32.52;4;1951778313491979667;S
20241106;100003;32.52;1;1951778313491979672;S
20241106;100003;32.52;3;1951778313491979677;S
20241106;100003;32.52;4;1951778313491979682;S
20241106;100003;32.52;1;1951778313491979687;S
20241106;100003;32.52;3;1951778313491979692;S
20241106;100003;32.52;2;1951778313491979697;S
20241106;100003;32.6;1;1951778313491979702;S
20241106;100003;32.6;5;1951778313491979703;S
20241106;100003;32.52;5;1951778313491979704;S
20241106;100003;32.52;1;1951778313491979709;S
20241106;100003;32.52;6;1951778313491979714;S
20241106;100003;32.52;20;1951778313491979719;S
20241106;100003;32.52;18;1951778313491979724;S
20241106;100003;32.52;2;1951778313491979729;S
20241106;100003;32.52;3;1951778313491979734;S
20241106;100003;32.52;27;1951778313491979735;S
20241106;100003;32.52;9;1951778313491979736;S
20241106;100003;32.52;6;1951778313491979737;S
20241106;100003;32.52;9;1951778313491979738;S
20241106;100003;32.52;9;1951778313491979739;S
20241106;100003;32.51;31;1951778313491979740;S
20241106;100003;32.51;4;1951778313491979741;S
20241106;100003;32.51;1;1951778313491979742;S
20241106;100003;32.51;3;1951778313491979743;S
20241106;100003;32.51;5;1951778313491979744;S
20241106;100003;32.51;2;1951778313491979745;S
20241106;100003;32.51;1;1951778313491979746;S
20241106;100003;32.51;10;1951778313491979747;S
20241106;100003;32.51;2;1951778313491979748;S
20241106;100003;32.51;1;1951778313491979749;S
20241106;100003;32.5;18;1951778313491979750;S
20241106;100003;32.61;1;1951778313491979751;B
20241106;100003;32.61;1;1951778313491979753;B
20241106;100003;32.6;1;1951778313491979757;S
20241106;100003;32.5;29;1951778313491979762;S
20241106;100003;32.61;1;1951778313491979763;B
20241106;100003;32.5;2;1951778313491979764;S
20241106;100003;32.61;1;1951778313491979765;B
20241106;100003;32.61;1;1951778313491979766;B
20241106;100003;32.61;1;1951778313491979767;B
20241106;100003;32.59;3;1951778313491979768;B
20241106;100003;32.58;1;1951778313491979769;S
20241106;100003;32.5;3;1951778313491979770;S
20241106;100003;32.59;4;1951778313491979771;B
20241106;100003;32.59;3;1951778313491979772;B
20241106;100003;32.61;2;1951778313491979773;B
20241106;100003;32.61;3;1951778313491979774;B
20241106;100003;32.54;1;1951778313491979775;S
20241106;100003;32.5;9;1951778313491979776;S
20241106;100003;32.5;4;1951778313491979777;S
20241106;100003;32.5;13;1951778313491979778;S
20241106;100003;32.5;1;1951778313491979779;S
20241106;100003;32.5;4;1951778313491979780;S
20241106;100003;32.5;4;1951778313491979781;S
20241106;100003;32.5;2;1951778313491979782;S
20241106;100003;32.5;1;1951778313491979783;S
20241106;100004;32.61;1;1951778313491979784;B
20241106;100004;32.61;7;1951778313491979785;B
20241106;100004;32.61;1;1951778313491979786;B
20241106;100004;32.61;8;1951778313491979787;B
20241106;100004;32.61;1;1951778313491979788;B
20241106;100004;32.61;3;1951778313491979789;B
20241106;100004;32.61;4;1951778313491979790;B
20241106;100004;32.51;1;1951778313491979791;S
20241106;100004;32.51;1;1951778313491979792;S
20241106;100004;32.51;5;1951778313491979793;S
20241106;100004;32.51;15;1951778313491979794;S
20241106;100004;32.61;2;1951778313491979795;B
20241106;100004;32.61;1;1951778313491979796;B
20241106;100004;32.61;1;1951778313491979797;B
20241106;100004;32.61;25;1951778313491979798;B
20241106;100004;32.61;2;1951778313491979799;B
20241106;100004;32.61;3;1951778313491979800;B
20241106;100004;32.61;1;1951778313491979801;B
20241106;100004;32.61;1;1951778313491979802;B
20241106;100004;32.61;24;1951778313491979803;B
20241106;100004;32.61;1;1951778313491979804;B
20241106;100004;32.56;2;1951778313491979805;S
20241106;100004;32.56;1;1951778313491979806;S
20241106;100004;32.52;19;1951778313491979807;S
20241106;100004;32.61;5;1951778313491979808;B
20241106;100004;32.61;3;1951778313491979809;B
20241106;100004;32.61;1;1951778313491979810;B
20241106;100004;32.61;3;1951778313491979811;B
20241106;100004;32.53;1;1951778313491979812;S
20241106;100004;32.52;19;1951778313491979813;S
20241106;100004;32.61;10;1951778313491979814;B
20241106;100005;32.61;1;1951778313491979815;B
20241106;100005;32.52;2;1951778313491979817;S
20241106;100005;32.61;3;1951778313491979821;B
20241106;100005;32.61;9;1951778313491979822;B
20241106;100005;32.62;11;1951778313491979823;B
20241106;100005;32.61;1;1951778313491979824;B
20241106;100005;32.55;1;1951778313491979825;S
20241106;100005;32.54;2;1951778313491979826;S
20241106;100005;32.54;1;1951778313491979827;S
20241106;100005;32.54;7;1951778313491979828;S
20241106;100005;32.54;3;1951778313491979829;S
20241106;100005;32.54;57;1951778313491979830;S
20241106;100005;32.53;60;1951778313491979831;S
20241106;100005;32.52;3;1951778313491979832;S
20241106;100005;32.52;1;1951778313491979833;S
20241106;100005;32.52;4;1951778313491979834;S
20241106;100005;32.61;1;1951778313491979835;B
20241106;100005;32.52;5;1951778313491979836;S
20241106;100005;32.52;21;1951778313491979837;S
20241106;100005;32.61;1;1951778313491979838;B
20241106;100005;32.61;25;1951778313491979839;B
20241106;100005;32.61;2;1951778313491979840;B
20241106;100005;32.61;1;1951778313491979841;B
20241106;100005;32.6;1;1951778313491979842;S
20241106;100005;32.6;3;1951778313491979843;S
20241106;100005;32.56;1;1951778313491979844;S
20241106;100005;32.53;1;1951778313491979845;S
20241106;100006;32.56;1;1951778313491979846;S
20241106;100006;32.56;2;1951778313491979847;S
20241106;100006;32.56;1;1951778313491979848;S
20241106;100006;32.54;41;1951778313491979849;S
20241106;100006;32.61;1;1951778313491979850;B
20241106;100006;32.61;1;1951778313491979851;B
20241106;100006;32.53;1;1951778313491979852;S
20241106;100006;32.53;1;1951778313491979853;S
20241106;100006;32.53;1;1951778313491979854;S
20241106;100006;32.53;2;1951778313491979855;S
20241106;100006;32.53;1;1951778313491979856;S
20241106;100006;32.53;1;1951778313491979857;S
20241106;100006;32.52;16;1951778313491979858;S
20241106;100006;32.51;1;1951778313491979859;S
20241106;100006;32.51;1;1951778313491979860;S
20241106;100006;32.51;1;1951778313491979861;S
20241106;100006;32.51;1;1951778313491979862;S
20241106;100006;32.51;1;1951778313491979863;S
20241106;100006;32.51;2;1951778313491979864;S
20241106;100006;32.51;1;1951778313491979865;S
20241106;100006;32.51;1;1951778313491979866;S
20241106;100006;32.5;18;1951778313491979867;S
20241106;100006;32.5;80;1951778313491979868;S
20241106;100006;32.5;3;1951778313491979869;S
20241106;100006;32.55;1;1951778313491979870;B
20241106;100006;32.5;1;1951778313491979871;S
20241106;100006;32.5;54;1951778313491979872;S
20241106;100006;32.5;8;1951778313491979873;S
20241106;100006;32.5;1;1951778313491979874;S
20241106;100006;32.5;10;1951778313491979875;S
20241106;100006;32.5;2;1951778313491979876;S
20241106;100006;32.55;1;1951778313491979877;B
20241106;100006;32.5;2;1951778313491979878;S
20241106;100006;32.5;10;1951778313491979879;S
20241106;100006;32.5;3;1951778313491979880;S
20241106;100006;32.5;1;1951778313491979882;S
20241106;100006;32.5;32;1951778313491979886;S
20241106;100006;32.5;1;1951778313491979887;S
20241106;100006;32.5;2;1951778313491979888;S
20241106;100006;32.5;177;1951778313491979889;S
20241106;100006;32.5;20;1951778313491979890;S
20241106;100006;32.5;1;1951778313491979891;S
20241106;100006;32.5;15;1951778313491979892;S
20241106;100006;32.5;1;1951778313491979893;S
20241106;100006;32.5;10;1951778313491979894;S
20241106;100006;32.5;1;1951778313491979895;S
20241106;100006;32.5;10;1951778313491979896;S
20241106;100006;32.5;1;1951778313491979897;S
20241106;100006;32.5;5;1951778313491979898;S
20241106;100006;32.5;9;1951778313491979899;S
20241106;100006;32.55;5;1951778313491979900;B
20241106;100006;32.5;2;1951778313491979901;S
20241106;100007;32.56;1;1951778313491979902;B
20241106;100007;32.5;15;1951778313491979903;S
20241106;100007;32.55;1;1951778313491979904;S
20241106;100007;32.55;10;1951778313491979905;B
20241106;100007;32.53;1;1951778313491979906;B
20241106;100007;32.53;10;1951778313491979907;B
20241106;100007;32.53;1;1951778313491979908;B
20241106;100007;32.52;1;1951778313491979909;S
20241106;100007;32.52;1;1951778313491979910;B
20241106;100007;32.52;1;1951778313491979912;B
20241106;100007;32.5;30;1951778313491979913;S
20241106;100007;32.51;1;1951778313491979914;B
20241106;100007;32.51;1;1951778313491979915;B
20241106;100007;32.51;1;1951778313491979916;B
20241106;100007;32.5;9;1951778313491979917;S
20241106;100007;32.51;2;1951778313491979918;B
20241106;100007;32.51;2;1951778313491979919;B
20241106;100008;32.51;3;1951778313491979920;B
20241106;100008;32.51;1;1951778313491979921;B
20241106;100008;32.51;2;1951778313491979922;B
20241106;100008;32.51;1;1951778313491979923;B
20241106;100008;32.51;6;1951778313491979924;B
20241106;100008;32.51;10;1951778313491979925;B
20241106;100008;32.5;35;1951778313491979926;S
20241106;100008;32.5;1;1951778313491979927;S
20241106;100008;32.5;2;1951778313491979928;S
20241106;100008;32.5;1;1951778313491979929;S
20241106;100008;32.5;1;1951778313491979930;S
20241106;100008;32.5;4;1951778313491979931;S
20241106;100008;32.51;1;1951778313491979932;B
20241106;100008;32.51;1;1951778313491979933;B
20241106;100008;32.51;10;1951778313491979934;B
20241106;100008;32.51;1;1951778313491979935;B
20241106;100008;32.51;10;1951778313491979936;B
20241106;100008;32.51;1;1951778313491979937;B
20241106;100008;32.51;2;1951778313491979938;B
20241106;100008;32.51;1;1951778313491979939;B
20241106;100009;32.5;1;1951778313491979940;S
20241106;100009;32.5;3;1951778313491979941;S
20241106;100009;32.51;10;1951778313491979942;B
20241106;100009;32.51;1;1951778313491979943;B
20241106;100009;32.51;1;1951778313491979944;B
20241106;100009;32.51;1;1951778313491979945;B
20241106;100009;32.51;2;1951778313491979946;B
20241106;100009;32.51;1;1951778313491979948;B
20241106;100009;32.51;1;1951778313491979952;B
20241106;100009;32.51;5;1951778313491979953;B
20241106;100009;32.5;1;1951778313491979954;S
20241106;100009;32.5;15;1951778313491979955;S
20241106;100009;32.51;27;1951778313491979956;B
20241106;100009;32.51;40;1951778313491979957;B
20241106;100009;32.51;60;1951778313491979958;B
20241106;100010;32.51;11;1951778313491979959;B
20241106;100010;32.51;20;1951778313491979960;B
20241106;100010;32.51;1;1951778313491979961;B
20241106;100010;32.5;1;1951778313491979962;S
20241106;100010;32.51;1;1951778313491979963;B
20241106;100010;32.51;1;1951778313491979964;B
20241106;100010;32.51;1;1951778313491979965;B
20241106;100010;32.51;1;1951778313491979966;B
20241106;100010;32.51;1;1951778313491979967;B
20241106;100010;32.51;1;1951778313491979968;B
20241106;100010;32.51;1;1951778313491979969;B
20241106;100010;32.51;1;1951778313491979970;B
20241106;100010;32.51;20;1951778313491979971;B
20241106;100010;32.51;1;1951778313491979972;B
20241106;100010;32.51;36;1951778313491979973;B
20241106;100010;32.51;2;1951778313491979974;B
20241106;100010;32.51;1;1951778313491979975;B
20241106;100010;32.51;1;1951778313491979976;B
20241106;100010;32.51;1;1951778313491979977;B
20241106;100011;32.5;1;1951778313491979978;S
20241106;100011;32.5;20;1951778313491979979;S
20241106;100011;32.5;5;1951778313491979980;S
20241106;100011;32.5;5;1951778313491979981;S
20241106;100011;32.5;110;1951778313491979982;S
20241106;100011;32.5;1;1951778313491979983;S
20241106;100011;32.5;1;1951778313491979984;S
20241106;100011;32.5;1;1951778313491979985;S
20241106;100011;32.5;11;1951778313491979986;S
20241106;100011;32.5;1;1951778313491979987;S
20241106;100011;32.51;7;1951778313491979988;B
20241106;100011;32.5;1;1951778313491979990;B
20241106;100011;32.5;1;1951778313491979995;B
20241106;100011;32.5;5;1951778313491979999;B
20241106;100011;32.5;1;1951778313491980000;B
20241106;100012;32.5;1;1951778313491980001;B
20241106;100012;32.49;1;1951778313491980002;S
20241106;100012;32.48;9;1951778313491980003;S
20241106;100012;32.48;6;1951778313491980004;S
20241106;100012;32.48;1;1951778313491980005;S
20241106;100012;32.48;3;1951778313491980006;S
20241106;100012;32.5;1;1951778313491980007;B
20241106;100012;32.5;1;1951778313491980008;B
20241106;100012;32.5;2;1951778313491980009;B
20241106;100012;32.5;27;1951778313491980010;B
20241106;100012;32.5;60;1951778313491980011;B
20241106;100012;32.5;1;1951778313491980012;B
20241106;100012;32.51;12;1951778313491980013;B
20241106;100012;32.51;61;1951778313491980014;B
20241106;100012;32.51;39;1951778313491980015;B
20241106;100012;32.51;21;1951778313491980016;B
20241106;100012;32.51;29;1951778313491980017;B
20241106;100012;32.5;1;1951778313491980018;B
20241106;100013;32.48;7;1951778313491980019;S
20241106;100013;32.5;13;1951778313491980020;B
20241106;100013;32.51;11;1951778313491980021;B
20241106;100013;32.51;2;1951778313491980022;B
20241106;100013;32.51;8;1951778313491980023;B
20241106;100013;32.52;60;1951778313491980024;B
20241106;100013;32.52;6;1951778313491980025;B
20241106;100013;32.53;2;1951778313491980026;B
20241106;100014;32.53;1;1951778313491980028;B
20241106;100014;32.53;4;1951778313491980032;B
20241106;100014;32.53;1;1951778313491980033;B
20241106;100014;32.53;1;1951778313491980034;B
20241106;100014;32.53;2;1951778313491980035;B
20241106;100014;32.53;1;1951778313491980036;B
20241106;100014;32.53;1;1951778313491980037;B
20241106;100014;32.53;1;1951778313491980038;B
20241106;100014;32.53;1;1951778313491980039;B
20241106;100014;32.53;1;1951778313491980040;B
20241106;100014;32.53;1;1951778313491980041;B
20241106;100015;32.52;2;1951778313491980042;S
20241106;100015;32.52;1;1951778313491980043;S
20241106;100015;32.52;1;1951778313491980044;S
20241106;100015;32.51;1;1951778313491980045;S
20241106;100015;32.51;1;1951778313491980046;S
20241106;100015;32.5;7;1951778313491980047;S
20241106;100015;32.5;10;1951778313491980048;S
20241106;100015;32.5;3;1951778313491980049;S
20241106;100015;32.49;39;1951778313491980050;S
20241106;100015;32.49;15;1951778313491980051;S
20241106;100015;32.52;1;1951778313491980052;S
20241106;100015;32.53;1;1951778313491980053;B
20241106;100015;32.5;5;1951778313491980054;S
20241106;100015;32.5;1;1951778313491980055;S
20241106;100015;32.49;6;1951778313491980056;S
20241106;100015;32.49;38;1951778313491980057;S
20241106;100015;32.49;2;1951778313491980058;S
20241106;100015;32.49;8;1951778313491980059;S
20241106;100015;32.5;1;1951778313491980060;S
20241106;100015;32.53;4;1951778313491980061;B
20241106;100015;32.5;3;1951778313491980062;S
20241106;100016;32.5;26;1951778313491980064;S
20241106;100016;32.5;1;1951778313491980065;S
20241106;100016;32.5;20;1951778313491980066;S
20241106;100016;32.5;3;1951778313491980067;S
20241106;100016;32.49;1;1951778313491980068;S
20241106;100016;32.49;47;1951778313491980069;S
20241106;100016;32.49;1;1951778313491980070;S
20241106;100016;32.5;1;1951778313491980071;B
20241106;100016;32.49;1;1951778313491980072;S
20241106;100016;32.49;11;1951778313491980073;S
20241106;100016;32.49;9;1951778313491980074;S
20241106;100016;32.53;3;1951778313491980075;B
20241106;100016;32.52;10;1951778313491980076;B
20241106;100016;32.51;5;1951778313491980077;S
20241106;100016;32.5;2;1951778313491980078;S
20241106;100016;32.49;9;1951778313491980079;S
20241106;100016;32.48;23;1951778313491980080;S
20241106;100016;32.51;2;1951778313491980081;B
20241106;100017;32.51;38;1951778313491980082;B
20241106;100017;32.51;22;1951778313491980083;B
20241106;100017;32.51;1;1951778313491980084;B
20241106;100017;32.51;37;1951778313491980085;B
20241106;100017;32.51;40;1951778313491980086;B
20241106;100017;32.48;1;1951778313491980087;S
20241106;100017;32.48;3;1951778313491980088;S
20241106;100017;32.51;1;1951778313491980090;B
20241106;100017;32.5;1;1951778313491980121;S
20241106;100017;32.49;1;1951778313491980126;S
20241106;100017;32.48;8;1951778313491980131;S
20241106;100017;32.51;10;1951778313491980132;B
20241106;100017;32.51;2;1951778313491980134;B
20241106;100017;32.51;10;1951778313491980138;B
20241106;100017;32.51;10;1951778313491980139;B
20241106;100018;32.51;6;1951778313491980140;B
20241106;100018;32.51;1;1951778313491980141;B
20241106;100018;32.51;1;1951778313491980142;B
20241106;100019;32.51;3;1951778313491980143;B
20241106;100019;32.51;9;1951778313491980144;B
20241106;100019;32.51;10;1951778313491980145;B
20241106;100019;32.5;1;1951778313491980146;S
20241106;100019;32.5;1;1951778313491980147;S
20241106;100019;32.5;3;1951778313491980152;B
20241106;100019;32.49;1;1951778313491980157;S
20241106;100019;32.49;9;1951778313491980162;S
20241106;100019;32.48;5;1951778313491980163;S
20241106;100019;32.48;3;1951778313491980164;S
20241106;100019;32.48;1;1951778313491980165;S
20241106;100019;32.49;1;1951778313491980166;S
20241106;100020;32.5;5;1951778313491980171;B
20241106;100020;32.5;2;1951778313491980172;B
20241106;100020;32.5;2;1951778313491980173;B
20241106;100020;32.49;1;1951778313491980174;S
20241106;100020;32.49;2;1951778313491980180;B
20241106;100020;32.5;2;1951778313491980185;B
20241106;100020;32.5;1;1951778313491980190;B
20241106;100020;32.5;2;1951778313491980195;B
20241106;100020;32.5;2;1951778313491980200;B
20241106;100020;32.5;1;1951778313491980205;B
20241106;100020;32.5;1;1951778313491980210;B
20241106;100020;32.5;17;1951778313491980215;B
20241106;100020;32.51;24;1951778313491980220;B
20241106;100020;32.48;6;1951778313491980224;S
20241106;100020;32.48;3;1951778313491980225;S
20241106;100020;32.48;1;1951778313491980226;S
20241106;100020;32.51;13;1951778313491980227;B
20241106;100020;32.51;30;1951778313491980228;B
20241106;100020;32.51;7;1951778313491980229;B
20241106;100020;32.48;59;1951778313491980230;S
20241106;100020;32.48;11;1951778313491980231;S
20241106;100020;32.5;11;1951778313491980232;S
20241106;100021;32.5;6;1951778313491980233;S
20241106;100021;32.51;1;1951778313491980234;B
20241106;100021;32.52;9;1951778313491980235;B
20241106;100021;32.53;1;1951778313491980236;B
20241106;100021;32.5;60;1951778313491980237;S
20241106;100021;32.5;25;1951778313491980238;S
20241106;100021;32.5;25;1951778313491980239;S
20241106;100021;32.5;1;1951778313491980240;S
20241106;100021;32.5;1;1951778313491980241;S
20241106;100021;32.5;1;1951778313491980242;S
20241106;100021;32.5;6;1951778313491980243;S
20241106;100021;32.49;1;1951778313491980244;S
20241106;100021;32.48;1;1951778313491980245;S
20241106;100021;32.48;36;1951778313491980250;S
20241106;100022;32.51;10;1951778313491980252;B
20241106;100022;32.51;1;1951778313491980253;B
20241106;100022;32.5;10;1951778313491980254;S
20241106;100022;32.5;1;1951778313491980255;S
20241106;100022;32.5;144;1951778313491980256;S
20241106;100022;32.49;9;1951778313491980257;S
20241106;100023;32.5;1;1951778313491980258;B
20241106;100023;32.5;25;1951778313491980259;B
20241106;100023;32.47;1;1951778313491980260;S
20241106;100023;32.47;2;1951778313491980261;S
20241106;100023;32.47;1;1951778313491980262;S
20241106;100023;32.47;1;1951778313491980263;S
20241106;100023;32.5;1;1951778313491980264;B
20241106;100023;32.5;13;1951778313491980265;B
20241106;100023;32.5;60;1951778313491980266;B
20241106;100023;32.5;1;1951778313491980267;S
20241106;100024;32.51;1;1951778313491980272;B
20241106;100024;32.5;1;1951778313491980273;S
20241106;100024;32.48;40;1951778313491980274;S
20241106;100024;32.48;60;1951778313491980275;S
20241106;100024;32.48;1;1951778313491980276;S
20241106;100024;32.47;2;1951778313491980281;S
20241106;100024;32.47;40;1951778313491980282;S
20241106;100024;32.47;60;1951778313491980283;S
20241106;100024;32.47;20;1951778313491980284;S
20241106;100024;32.47;1;1951778313491980285;S
20241106;100024;32.46;1;1951778313491980286;S
20241106;100024;32.46;1;1951778313491980287;S
20241106;100024;32.46;1;1951778313491980288;S
20241106;100024;32.46;2;1951778313491980289;S
20241106;100024;32.46;40;1951778313491980290;S
20241106;100024;32.46;60;1951778313491980291;S
20241106;100024;32.46;97;1951778313491980292;S
20241106;100024;32.46;1;1951778313491980297;S
20241106;100024;32.45;5;1951778313491980302;S
20241106;100024;32.45;10;1951778313491980303;S
20241106;100024;32.45;20;1951778313491980304;S
20241106;100024;32.45;1;1951778313491980309;S
20241106;100024;32.45;37;1951778313491980310;S
20241106;100024;32.49;1;1951778313491980311;B
20241106;100025;32.49;25;1951778313491980312;B
20241106;100025;32.46;8;1951778313491980313;S
20241106;100025;32.49;24;1951778313491980314;B
20241106;100025;32.5;54;1951778313491980315;B
20241106;100025;32.5;4;1951778313491980316;B
20241106;100025;32.5;18;1951778313491980317;B
20241106;100025;32.49;2;1951778313491980318;S
20241106;100026;32.51;5;1951778313491980319;B
20241106;100026;32.5;2;1951778313491980320;S
20241106;100026;32.5;8;1951778313491980321;S
20241106;100026;32.49;2;1951778313491980322;S
20241106;100026;32.51;1;1951778313491980323;B
20241106;100026;32.51;1;1951778313491980324;B
20241106;100026;32.51;1;1951778313491980325;B
20241106;100026;32.51;1;1951778313491980326;B
20241106;100026;32.51;14;1951778313491980327;B
20241106;100026;32.51;1;1951778313491980328;B
20241106;100026;32.51;1;1951778313491980329;B
20241106;100026;32.51;1;1951778313491980330;B
20241106;100026;32.51;1;1951778313491980331;B
20241106;100027;32.49;2;1951778313491980332;S
20241106;100027;32.49;3;1951778313491980333;S
20241106;100027;32.48;37;1951778313491980334;S
20241106;100027;32.47;1;1951778313491980335;S
20241106;100027;32.5;1;1951778313491980336;S
20241106;100028;32.51;12;1951778313491980337;B
20241106;100028;32.51;60;1951778313491980338;B
20241106;100028;32.51;1;1951778313491980339;B
20241106;100028;32.52;1;1951778313491980344;B
20241106;100028;32.51;21;1951778313491980345;S
20241106;100028;32.52;59;1951778313491980346;B
20241106;100028;32.52;40;1951778313491980347;B
20241106;100028;32.52;101;1951778313491980348;B
20241106;100028;32.51;36;1951778313491980349;S
20241106;100029;32.52;10;1951778313491980350;B
20241106;100029;32.5;3;1951778313491980351;S
20241106;100029;32.5;2;1951778313491980352;S
20241106;100029;32.52;1;1951778313491980353;B
20241106;100029;32.52;1;1951778313491980354;B
20241106;100029;32.52;1;1951778313491980355;B
20241106;100029;32.51;1;1951778313491980356;S
20241106;100029;32.51;30;1951778313491980357;S
20241106;100029;32.5;33;1951778313491980358;S
20241106;100030;32.5;15;1951778313491980359;S
20241106;100030;32.5;2;1951778313491980360;S
20241106;100030;32.5;1;1951778313491980361;S
20241106;100030;32.5;22;1951778313491980362;S
20241106;100030;32.5;38;1951778313491980363;S
20241106;100030;32.5;2;1951778313491980364;S
20241106;100030;32.5;38;1951778313491980365;S
20241106;100030;32.5;2;1951778313491980366;S
20241106;100030;32.5;4;1951778313491980367;S
20241106;100030;32.5;1;1951778313491980368;S
20241106;100030;32.5;10;1951778313491980369;S
20241106;100030;32.5;4;1951778313491980370;S
20241106;100030;32.5;2;1951778313491980371;S
20241106;100030;32.5;2;1951778313491980372;S
20241106;100030;32.5;1;1951778313491980373;S
20241106;100030;32.5;1;1951778313491980374;S
20241106;100030;32.5;1;1951778313491980375;S
20241106;100030;32.5;2;1951778313491980376;S
20241106;100030;32.5;2;1951778313491980377;S
20241106;100030;32.5;1;1951778313491980378;S
20241106;100030;32.49;9;1951778313491980379;S
20241106;100030;32.49;40;1951778313491980380;S
20241106;100030;32.49;11;1951778313491980381;S
20241106;100030;32.49;29;1951778313491980382;S
20241106;100030;32.49;11;1951778313491980383;S
20241106;100030;32.49;1;1951778313491980384;S
20241106;100030;32.49;1;1951778313491980385;S
20241106;100030;32.49;9;1951778313491980386;S
20241106;100030;32.49;1;1951778313491980387;S
20241106;100030;32.49;1;1951778313491980388;S
20241106;100030;32.49;1;1951778313491980389;S
20241106;100030;32.49;1;1951778313491980390;S
20241106;100030;32.48;14;1951778313491980391;S
20241106;100030;32.48;26;1951778313491980392;S
20241106;100030;32.48;14;1951778313491980393;S
20241106;100030;32.48;40;1951778313491980394;S
20241106;100030;32.5;28;1951778313491980395;S
20241106;100030;32.48;6;1951778313491980396;S
20241106;100030;32.48;1;1951778313491980397;S
20241106;100030;32.47;33;1951778313491980398;S
20241106;100030;32.47;26;1951778313491980399;S
20241106;100030;32.47;14;1951778313491980400;S
20241106;100030;32.47;26;1951778313491980401;S
20241106;100030;32.46;14;1951778313491980402;S
20241106;100030;32.46;26;1951778313491980403;S
20241106;100030;32.46;14;1951778313491980404;S
20241106;100030;32.46;40;1951778313491980405;S
20241106;100030;32.46;6;1951778313491980406;S
20241106;100030;32.46;30;1951778313491980407;S
20241106;100030;32.46;4;1951778313491980408;S
20241106;100030;32.46;4;1951778313491980409;S
20241106;100030;32.45;36;1951778313491980410;S
20241106;100030;32.45;9;1951778313491980411;S
20241106;100030;32.45;4;1951778313491980412;S
20241106;100030;32.45;3;1951778313491980413;S
20241106;100030;32.45;24;1951778313491980414;S
20241106;100030;32.45;40;1951778313491980415;S
20241106;100030;32.5;1;1951778313491980416;S
20241106;100030;32.49;10;1951778313491980417;S
20241106;100030;32.45;1;1951778313491980418;S
20241106;100030;32.46;29;1951778313491980419;B
20241106;100031;32.5;1;1951778313491980420;B
20241106;100031;32.48;1;1951778313491980421;S
20241106;100031;32.49;1;1951778313491980422;B
20241106;100031;32.45;30;1951778313491980423;S
20241106;100031;32.49;5;1951778313491980424;B
20241106;100031;32.46;2;1951778313491980425;S
20241106;100031;32.46;1;1951778313491980426;S
20241106;100031;32.45;5;1951778313491980427;S
20241106;100031;32.45;1;1951778313491980428;S
20241106;100031;32.45;1;1951778313491980429;S
20241106;100031;32.45;8;1951778313491980434;S
20241106;100031;32.49;1;1951778313491980435;B
20241106;100031;32.49;9;1951778313491980436;B
20241106;100031;32.45;3;1951778313491980437;S
20241106;100031;32.45;1;1951778313491980438;S
20241106;100031;32.45;1;1951778313491980439;S
20241106;100031;32.45;1;1951778313491980440;S
20241106;100032;32.48;5;1951778313491980441;B
20241106;100032;32.48;5;1951778313491980442;B
20241106;100032;32.48;5;1951778313491980443;B
20241106;100032;32.48;10;1951778313491980444;B
20241106;100032;32.48;4;1951778313491980445;B
20241106;100032;32.48;21;1951778313491980446;B
20241106;100032;32.49;24;1951778313491980447;B
20241106;100032;32.49;55;1951778313491980448;B
20241106;100032;32.45;11;1951778313491980449;S
20241106;100033;32.49;5;1951778313491980450;B
20241106;100033;32.49;3;1951778313491980451;B
20241106;100033;32.49;40;1951778313491980452;B
20241106;100033;32.5;2;1951778313491980453;B
20241106;100033;32.47;2;1951778313491980454;S
20241106;100034;32.5;2;1951778313491980455;B
20241106;100034;32.49;9;1951778313491980456;S
20241106;100035;32.49;5;1951778313491980457;B
20241106;100035;32.49;5;1951778313491980458;B
20241106;100035;32.49;3;1951778313491980459;B
20241106;100036;32.49;20;1951778313491980460;B
20241106;100036;32.49;7;1951778313491980462;B
20241106;100036;32.5;10;1951778313491980466;B
20241106;100036;32.49;2;1951778313491980467;S
20241106;100036;32.49;1;1951778313491980472;S
20241106;100037;32.49;14;1951778313491980477;S
20241106;100037;32.5;4;1951778313491980482;B
20241106;100037;32.5;1;1951778313491980483;B
20241106;100037;32.49;9;1951778313491980484;S
20241106;100038;32.5;1;1951778313491980486;B
20241106;100038;32.5;5;1951778313491980490;B
20241106;100038;32.5;10;1951778313491980491;B
20241106;100038;32.5;3;1951778313491980492;B
20241106;100038;32.5;1;1951778313491980493;B
20241106;100038;32.5;1;1951778313491980494;B
20241106;100039;32.5;5;1951778313491980495;B
20241106;100040;32.5;2;1951778313491980497;B
20241106;100040;32.48;5;1951778313491980501;S
20241106;100040;32.48;3;1951778313491980502;S
20241106;100040;32.47;9;1951778313491980503;S
20241106;100040;32.47;28;1951778313491980504;S
20241106;100040;32.5;5;1951778313491980505;B
20241106;100040;32.49;9;1951778313491980506;S
20241106;100041;32.48;5;1951778313491980507;B
20241106;100041;32.49;20;1951778313491980508;B
20241106;100041;32.49;6;1951778313491980509;B
20241106;100041;32.49;3;1951778313491980510;B
20241106;100041;32.49;1;1951778313491980511;B
20241106;100041;32.49;5;1951778313491980512;B
20241106;100041;32.47;3;1951778313491980513;S
20241106;100042;32.49;25;1951778313491980514;B
20241106;100042;32.49;40;1951778313491980515;B
20241106;100042;32.5;8;1951778313491980516;B
20241106;100042;32.5;40;1951778313491980517;B
20241106;100042;32.5;2;1951778313491980518;B
20241106;100042;32.5;30;1951778313491980519;B
20241106;100042;32.5;1;1951778313491980520;B
20241106;100042;32.5;44;1951778313491980521;B
20241106;100042;32.5;1;1951778313491980522;B
20241106;100042;32.5;68;1951778313491980523;B
20241106;100042;32.5;1;1951778313491980524;B
20241106;100042;32.51;60;1951778313491980529;B
20241106;100042;32.51;40;1951778313491980530;B
20241106;100042;32.51;8;1951778313491980531;B
20241106;100042;32.51;2;1951778313491980532;B
20241106;100042;32.51;2;1951778313491980537;B
20241106;100042;32.51;1;1951778313491980542;B
20241106;100042;32.51;1;1951778313491980547;B
20241106;100042;32.51;1;1951778313491980552;B
20241106;100042;32.51;40;1951778313491980557;S
20241106;100042;32.52;1;1951778313491980558;B
20241106;100042;32.51;1;1951778313491980564;S
20241106;100042;32.51;1;1951778313491980569;S
20241106;100042;32.51;40;1951778313491980573;S
20241106;100042;32.52;1;1951778313491980574;B
20241106;100042;32.52;2;1951778313491980579;B
20241106;100042;32.52;1;1951778313491980584;B
20241106;100042;32.52;1;1951778313491980589;B
20241106;100042;32.52;1;1951778313491980594;B
20241106;100042;32.52;1;1951778313491980599;B
20241106;100042;32.51;1;1951778313491980605;S
20241106;100042;32.51;40;1951778313491980606;S
20241106;100042;32.51;2;1951778313491980607;S
20241106;100042;32.5;1;1951778313491980608;S
20241106;100042;32.49;37;1951778313491980609;S
20241106;100042;32.49;23;1951778313491980610;S
20241106;100042;32.49;17;1951778313491980611;S
20241106;100042;32.49;23;1951778313491980612;S
20241106;100042;32.52;3;1951778313491980613;B
20241106;100042;32.52;1;1951778313491980618;B
20241106;100042;32.52;1;1951778313491980623;B
20241106;100042;32.52;1;1951778313491980628;B
20241106;100042;32.52;1;1951778313491980633;B
20241106;100042;32.51;5;1951778313491980638;B
20241106;100042;32.51;9;1951778313491980639;B
20241106;100042;32.51;7;1951778313491980640;B
20241106;100042;32.51;8;1951778313491980641;B
20241106;100042;32.51;1;1951778313491980642;B
20241106;100043;32.51;5;1951778313491980643;B
20241106;100043;32.5;3;1951778313491980644;S
20241106;100043;32.5;7;1951778313491980645;S
20241106;100043;32.48;5;1951778313491980646;S
20241106;100043;32.51;5;1951778313491980647;B
20241106;100043;32.51;4;1951778313491980648;B
20241106;100044;32.49;9;1951778313491980649;B
20241106;100044;32.51;1;1951778313491980650;B
20241106;100044;32.48;55;1951778313491980651;S
20241106;100044;32.48;15;1951778313491980652;S
20241106;100044;32.48;1;1951778313491980653;S
20241106;100044;32.47;69;1951778313491980658;S
20241106;100044;32.47;1;1951778313491980659;S
20241106;100044;32.47;1;1951778313491980660;S
20241106;100044;32.47;40;1951778313491980661;S
20241106;100044;32.47;1;1951778313491980662;S
20241106;100044;32.47;1;1951778313491980667;S
20241106;100044;32.46;40;1951778313491980672;S
20241106;100044;32.46;1;1951778313491980673;S
20241106;100044;32.45;1;1951778313491980678;S
20241106;100044;32.45;1;1951778313491980679;S
20241106;100044;32.45;3;1951778313491980680;S
20241106;100044;32.45;2;1951778313491980681;S
20241106;100044;32.45;40;1951778313491980682;S
20241106;100044;32.45;11;1951778313491980683;S
20241106;100044;32.44;1;1951778313491980684;S
20241106;100044;32.44;20;1951778313491980685;S
20241106;100044;32.44;6;1951778313491980690;S
20241106;100044;32.45;40;1951778313491980695;S
20241106;100044;32.44;4;1951778313491980696;S
20241106;100044;32.44;22;1951778313491980701;S
20241106;100044;32.44;1;1951778313491980706;S
20241106;100044;32.44;11;1951778313491980707;S
20241106;100044;32.44;40;1951778313491980708;S
20241106;100044;32.44;2;1951778313491980709;S
20241106;100044;32.44;2;1951778313491980714;S
20241106;100044;32.43;1;1951778313491980719;S
20241106;100044;32.43;16;1951778313491980720;S
20241106;100044;32.43;10;1951778313491980725;S
20241106;100044;32.43;1;1951778313491980726;S
20241106;100044;32.43;78;1951778313491980727;S
20241106;100044;32.5;7;1951778313491980728;B
20241106;100044;32.5;3;1951778313491980729;S
20241106;100044;32.51;2;1951778313491980730;B
20241106;100044;32.48;7;1951778313491980731;S
20241106;100045;32.47;2;1951778313491980732;B
20241106;100045;32.47;1;1951778313491980733;B
20241106;100045;32.47;50;1951778313491980734;B
20241106;100045;32.45;5;1951778313491980735;S
20241106;100045;32.47;10;1951778313491980736;B
20241106;100045;32.47;1;1951778313491980737;B
20241106;100045;32.47;15;1951778313491980738;B
20241106;100046;32.47;14;1951778313491980739;B
20241106;100047;32.47;12;1951778313491980740;S
20241106;100047;32.49;2;1951778313491980741;B
20241106;100047;32.49;2;1951778313491980746;B
20241106;100047;32.5;1;1951778313491980751;B
20241106;100047;32.5;1;1951778313491980756;B
20241106;100047;32.5;1;1951778313491980761;B
20241106;100047;32.5;4;1951778313491980766;B
20241106;100047;32.5;1;1951778313491980771;B
20241106;100047;32.5;4;1951778313491980776;B
20241106;100047;32.5;3;1951778313491980781;B
20241106;100047;32.5;2;1951778313491980786;B
20241106;100047;32.5;2;1951778313491980791;B
20241106;100047;32.51;1;1951778313491980796;B
20241106;100047;32.51;1;1951778313491980801;B
20241106;100047;32.5;5;1951778313491980806;S
20241106;100047;32.51;1;1951778313491980807;B
20241106;100047;32.51;2;1951778313491980812;B
20241106;100047;32.51;2;1951778313491980817;B
20241106;100047;32.51;2;1951778313491980822;B
20241106;100047;32.51;1;1951778313491980827;B
20241106;100047;32.51;1;1951778313491980832;B
20241106;100047;32.51;3;1951778313491980837;B
20241106;100047;32.53;11;1951778313491980842;B
20241106;100047;32.53;3;1951778313491980843;B
20241106;100047;32.53;2;1951778313491980844;B
20241106;100047;32.47;4;1951778313491980845;S
20241106;100047;32.47;8;1951778313491980846;S
20241106;100048;32.53;1;1951778313491980850;B
20241106;100049;32.49;10;1951778313491980851;B
20241106;100049;32.49;12;1951778313491980856;B
20241106;100050;32.49;8;1951778313491980857;B
20241106;100050;32.49;3;1951778313491980858;B
20241106;100050;32.49;2;1951778313491980859;B
20241106;100050;32.47;3;1951778313491980860;S
20241106;100050;32.49;2;1951778313491980861;B
20241106;100050;32.49;1;1951778313491980862;B
20241106;100050;32.49;10;1951778313491980863;B
20241106;100051;32.49;1;1951778313491980871;B
20241106;100051;32.47;1;1951778313491980875;S
20241106;100051;32.46;1;1951778313491980876;S
20241106;100051;32.46;2;1951778313491980877;S
20241106;100051;32.46;10;1951778313491980882;S
20241106;100051;32.47;1;1951778313491980884;S
20241106;100051;32.46;2;1951778313491980885;S
20241106;100051;32.49;1;1951778313491980886;B
20241106;100051;32.49;1;1951778313491980887;B
20241106;100052;32.49;1;1951778313491980888;B
20241106;100052;32.49;8;1951778313491980889;B
20241106;100052;32.49;12;1951778313491980890;B
20241106;100053;32.49;1;1951778313491980891;B
20241106;100053;32.49;5;1951778313491980892;B
20241106;100054;32.49;1;1951778313491980893;B
20241106;100054;32.49;2;1951778313491980894;B
20241106;100054;32.47;1;1951778313491980895;S
20241106;100054;32.47;5;1951778313491980896;S
20241106;100055;32.47;15;1951778313491980897;S
20241106;100055;32.46;9;1951778313491980898;S
20241106;100055;32.49;19;1951778313491980899;B
20241106;100055;32.49;18;1951778313491980900;B
20241106;100055;32.49;60;1951778313491980901;B
20241106;100055;32.49;3;1951778313491980902;S
20241106;100055;32.49;1;1951778313491980903;B
20241106;100055;32.49;5;1951778313491980904;B
20241106;100055;32.49;2;1951778313491980906;B
20241106;100056;32.48;1;1951778313491980907;S
20241106;100056;32.46;11;1951778313491980912;S
20241106;100056;32.46;28;1951778313491980913;S
20241106;100056;32.46;17;1951778313491980914;S
20241106;100056;32.47;3;1951778313491980915;S
20241106;100056;32.46;1;1951778313491980916;S
20241106;100056;32.46;1;1951778313491980917;S
20241106;100056;32.46;11;1951778313491980922;S
20241106;100056;32.49;1;1951778313491980924;B
20241106;100056;32.49;1;1951778313491980929;B
20241106;100057;32.46;7;1951778313491980933;S
20241106;100057;32.47;3;1951778313491980934;B
20241106;100058;32.47;2;1951778313491980935;B
20241106;100058;32.48;1;1951778313491980936;B
20241106;100058;32.48;40;1951778313491980937;B
20241106;100058;32.49;10;1951778313491980938;B
20241106;100058;32.49;1;1951778313491980939;B
20241106;100058;32.48;4;1951778313491980940;S
20241106;100059;32.49;1;1951778313491980942;B
20241106;100059;32.49;4;1951778313491980946;B
20241106;100059;32.49;1;1951778313491980947;B
20241106;100100;32.49;1;1951778313491980948;B
20241106;100100;32.49;1;1951778313491980949;B
20241106;100101;32.48;25;1951778313491980950;S
20241106;100102;32.48;2;1951778313491980951;S
20241106;100102;32.48;1;1951778313491980952;S
20241106;100103;32.48;6;1951778313491980953;S
20241106;100104;32.49;40;1951778313491980954;B
20241106;100104;32.5;10;1951778313491980955;B
20241106;100104;32.5;10;1951778313491980956;B
20241106;100105;32.5;1;1951778313491980957;B
20241106;100105;32.49;1;1951778313491980958;B
20241106;100106;32.49;2;1951778313491980960;B
20241106;100106;32.48;10;1951778313491980961;S
20241106;100106;32.48;4;1951778313491980962;S
20241106;100107;32.49;1;1951778313491980963;B
20241106;100107;32.49;3;1951778313491980964;B
20241106;100108;32.48;5;1951778313491980965;S
20241106;100108;32.48;1;1951778313491980966;S
20241106;100108;32.48;10;1951778313491980967;S
20241106;100108;32.48;2;1951778313491980968;S
20241106;100108;32.48;9;1951778313491980969;S
20241106;100109;32.48;5;1951778313491980970;S
20241106;100109;32.49;3;1951778313491980971;B
20241106;100109;32.5;7;1951778313491980972;B
20241106;100110;32.5;2;1951778313491980973;B
20241106;100110;32.48;1;1951778313491980974;S
20241106;100110;32.5;10;1951778313491980975;B
20241106;100110;32.5;15;1951778313491980976;B
20241106;100111;32.49;4;1951778313491980977;B
20241106;100111;32.5;17;1951778313491980978;B
20241106;100111;32.5;3;1951778313491980979;B
20241106;100112;32.5;1;1951778313491980980;B
20241106;100112;32.5;2;1951778313491980981;B
20241106;100113;32.5;5;1951778313491980982;B
20241106;100113;32.5;17;1951778313491980983;B
20241106;100113;32.5;2;1951778313491980984;B
20241106;100113;32.5;3;1951778313491980985;B
20241106;100113;32.5;97;1951778313491980986;B
20241106;100113;32.5;3;1951778313491980987;B
20241106;100113;32.5;20;1951778313491980988;B
20241106;100113;32.5;60;1951778313491980989;B
20241106;100113;32.5;40;1951778313491980990;B
20241106;100113;32.5;2;1951778313491980991;B
20241106;100113;32.51;2;1951778313491980992;B
20241106;100113;32.51;1;1951778313491980993;B
20241106;100114;32.5;3;1951778313491980994;S
20241106;100114;32.51;1;1951778313491980995;B
20241106;100114;32.52;29;1951778313491980996;B
20241106;100114;32.5;4;1951778313491980997;S
20241106;100115;32.51;1;1951778313491980998;S
20241106;100115;32.51;1;1951778313491981003;S
20241106;100115;32.51;3;1951778313491981008;S
20241106;100115;32.51;1;1951778313491981013;S
20241106;100115;32.5;5;1951778313491981018;S
20241106;100115;32.52;1;1951778313491981019;B
20241106;100115;32.52;1;1951778313491981020;B
20241106;100115;32.53;2;1951778313491981021;B
20241106;100115;32.53;5;1951778313491981022;B
20241106;100115;32.5;7;1951778313491981023;S
20241106;100115;32.53;3;1951778313491981024;B
20241106;100116;32.53;33;1951778313491981025;B
20241106;100116;32.53;37;1951778313491981026;B
20241106;100116;32.53;1;1951778313491981029;B
20241106;100116;32.53;1;1951778313491981034;B
20241106;100116;32.53;1;1951778313491981038;B
20241106;100116;32.53;1;1951778313491981039;B
20241106;100116;32.54;3;1951778313491981040;B
20241106;100116;32.51;1;1951778313491981042;S
20241106;100116;32.5;1;1951778313491981047;S
20241106;100117;32.5;1;1951778313491981051;S
20241106;100117;32.5;39;1951778313491981053;S
20241106;100117;32.5;6;1951778313491981054;S
20241106;100117;32.51;1;1951778313491981055;B
20241106;100117;32.53;23;1951778313491981056;B
20241106;100119;32.53;1;1951778313491981057;B
20241106;100120;32.51;1;1951778313491981058;S
20241106;100120;32.53;16;1951778313491981059;B
20241106;100120;32.54;5;1951778313491981060;B
20241106;100120;32.54;1;1951778313491981061;B
20241106;100120;32.54;2;1951778313491981062;B
20241106;100120;32.54;60;1951778313491981063;B
20241106;100120;32.54;16;1951778313491981064;B
20241106;100120;32.51;7;1951778313491981065;S
20241106;100120;32.51;23;1951778313491981066;S
20241106;100120;32.54;3;1951778313491981067;B
20241106;100121;32.54;1;1951778313491981068;B
20241106;100121;32.51;45;1951778313491981069;S
20241106;100121;32.54;3;1951778313491981070;B
20241106;100122;32.54;1;1951778313491981071;B
20241106;100122;32.51;2;1951778313491981072;S
20241106;100123;32.52;1;1951778313491981074;B
20241106;100123;32.54;1;1951778313491981075;B
20241106;100124;32.52;5;1951778313491981076;S
20241106;100124;32.52;5;1951778313491981077;S
20241106;100124;32.54;15;1951778313491981078;B
20241106;100124;32.54;7;1951778313491981079;B
20241106;100125;32.53;3;1951778313491981080;B
20241106;100126;32.51;2;1951778313491981081;S
20241106;100126;32.51;20;1951778313491981082;S
20241106;100126;32.54;19;1951778313491981083;B
20241106;100127;32.54;1;1951778313491981085;B
20241106;100127;32.53;1;1951778313491981089;S
20241106;100127;32.54;1;1951778313491981090;B
20241106;100128;32.54;1;1951778313491981092;B
20241106;100128;32.54;1;1951778313491981097;B
20241106;100128;32.54;5;1951778313491981101;B
20241106;100128;32.54;10;1951778313491981102;B
20241106;100128;32.53;100;1951778313491981103;S
20241106;100128;32.54;4;1951778313491981104;B
20241106;100129;32.53;16;1951778313491981105;S
20241106;100129;32.53;2;1951778313491981106;B
20241106;100129;32.52;3;1951778313491981107;S
20241106;100129;32.52;4;1951778313491981108;S
20241106;100129;32.53;1;1951778313491981110;B
20241106;100130;32.52;1;1951778313491981114;S
20241106;100130;32.52;2;1951778313491981115;S
20241106;100130;32.54;1;1951778313491981116;B
20241106;100130;32.54;5;1951778313491981117;B
20241106;100130;32.53;1;1951778313491981118;B
20241106;100130;32.54;4;1951778313491981119;B
20241106;100131;32.52;58;1951778313491981120;S
20241106;100131;32.52;4;1951778313491981121;S
20241106;100131;32.52;2;1951778313491981122;S
20241106;100132;32.54;6;1951778313491981124;B
20241106;100132;32.54;12;1951778313491981125;B
20241106;100132;32.54;40;1951778313491981126;B
20241106;100132;32.54;35;1951778313491981127;B
20241106;100132;32.54;1;1951778313491981128;B
20241106;100132;32.54;1;1951778313491981129;B
20241106;100132;32.55;83;1951778313491981130;B
20241106;100132;32.55;28;1951778313491981131;B
20241106;100132;32.52;2;1951778313491981132;S
20241106;100132;32.52;58;1951778313491981133;S
20241106;100132;32.52;40;1951778313491981134;S
20241106;100132;32.52;2;1951778313491981135;B
20241106;100132;32.52;60;1951778313491981136;S
20241106;100132;32.52;40;1951778313491981137;S
20241106;100132;32.52;1;1951778313491981139;S
20241106;100132;32.52;2;1951778313491981144;S
20241106;100132;32.52;1;1951778313491981151;S
20241106;100132;32.52;2;1951778313491981156;S
20241106;100132;32.52;1;1951778313491981161;S
20241106;100132;32.52;3;1951778313491981166;S
20241106;100132;32.52;1;1951778313491981171;S
20241106;100132;32.52;1;1951778313491981176;S
20241106;100132;32.52;2;1951778313491981181;S
20241106;100132;32.52;23;1951778313491981187;S
20241106;100132;32.52;2;1951778313491981192;S
20241106;100132;32.52;1;1951778313491981197;S
20241106;100132;32.51;1;1951778313491981202;S
20241106;100132;32.51;1;1951778313491981207;S
20241106;100132;32.51;1;1951778313491981212;S
20241106;100132;32.51;1;1951778313491981217;S
20241106;100132;32.51;1;1951778313491981222;S
20241106;100132;32.51;1;1951778313491981227;S
20241106;100132;32.51;2;1951778313491981231;S
20241106;100132;32.51;6;1951778313491981232;S
20241106;100132;32.53;1;1951778313491981233;S
20241106;100132;32.55;1;1951778313491981234;B
20241106;100133;32.52;2;1951778313491981235;S
20241106;100133;32.52;1;1951778313491981236;S
20241106;100133;32.52;35;1951778313491981237;S
20241106;100133;32.55;1;1951778313491981238;B
20241106;100133;32.52;2;1951778313491981239;S
20241106;100133;32.52;38;1951778313491981240;S
20241106;100133;32.55;5;1951778313491981241;B
20241106;100133;32.55;25;1951778313491981242;B
20241106;100133;32.55;15;1951778313491981243;B
20241106;100134;32.55;5;1951778313491981244;B
20241106;100134;32.54;102;1951778313491981245;S
20241106;100134;32.54;198;1951778313491981246;S
20241106;100134;32.54;31;1951778313491981247;S
20241106;100134;32.55;5;1951778313491981248;B
20241106;100135;32.52;24;1951778313491981249;S
20241106;100135;32.55;1;1951778313491981250;B
20241106;100135;32.55;14;1951778313491981251;B
20241106;100135;32.55;3;1951778313491981252;B
20241106;100135;32.55;3;1951778313491981253;B
20241106;100135;32.52;10;1951778313491981254;S
20241106;100135;32.54;1;1951778313491981255;B
20241106;100136;32.52;28;1951778313491981256;S
20241106;100136;32.54;2;1951778313491981257;B
20241106;100136;32.54;1;1951778313491981259;B
20241106;100136;32.54;1;1951778313491981264;B
20241106;100136;32.54;1;1951778313491981268;B
20241106;100136;32.54;1;1951778313491981269;B
20241106;100137;32.54;1;1951778313491981270;B
20241106;100137;32.54;5;1951778313491981271;B
20241106;100137;32.54;4;1951778313491981272;B
20241106;100137;32.54;1;1951778313491981273;B
20241106;100137;32.54;22;1951778313491981274;B
20241106;100137;32.54;58;1951778313491981275;B
20241106;100137;32.54;10;1951778313491981276;B
20241106;100138;32.53;2;1951778313491981277;S
20241106;100139;32.54;1;1951778313491981278;B
20241106;100139;32.54;1;1951778313491981279;B
20241106;100139;32.54;10;1951778313491981280;B
20241106;100140;32.53;1;1951778313491981281;S
20241106;100140;32.54;36;1951778313491981282;B
20241106;100140;32.54;18;1951778313491981283;B
20241106;100140;32.53;40;1951778313491981284;S
20241106;100140;32.53;2;1951778313491981285;S
20241106;100140;32.55;10;1951778313491981286;B
20241106;100140;32.55;10;1951778313491981287;B
20241106;100140;32.55;3;1951778313491981288;B
20241106;100141;32.53;5;1951778313491981289;S
20241106;100141;32.53;18;1951778313491981290;S
20241106;100141;32.52;17;1951778313491981291;S
20241106;100141;32.55;2;1951778313491981292;B
20241106;100141;32.53;1;1951778313491981293;S
20241106;100141;32.52;3;1951778313491981294;S
20241106;100141;32.52;1;1951778313491981295;S
20241106;100141;32.52;35;1951778313491981296;S
20241106;100141;32.55;23;1951778313491981297;B
20241106;100142;32.55;1;1951778313491981299;B
20241106;100142;32.55;1;1951778313491981304;B
20241106;100142;32.55;1;1951778313491981309;B
20241106;100142;32.55;9;1951778313491981313;B
20241106;100142;32.55;16;1951778313491981314;B
20241106;100142;32.53;1;1951778313491981315;S
20241106;100142;32.53;1;1951778313491981316;S
20241106;100142;32.53;1;1951778313491981317;S
20241106;100142;32.53;1;1951778313491981318;S
20241106;100142;32.53;1;1951778313491981319;S
20241106;100142;32.52;5;1951778313491981320;S
20241106;100142;32.52;1;1951778313491981321;S
20241106;100142;32.52;1;1951778313491981322;S
20241106;100142;32.52;1;1951778313491981323;S
20241106;100142;32.52;1;1951778313491981324;S
20241106;100142;32.52;1;1951778313491981325;S
20241106;100142;32.52;35;1951778313491981326;S
20241106;100143;32.55;1;1951778313491981327;B
20241106;100143;32.54;13;1951778313491981328;S
20241106;100143;32.53;1;1951778313491981329;S
20241106;100143;32.53;1;1951778313491981330;S
20241106;100143;32.55;23;1951778313491981331;B
20241106;100143;32.55;60;1951778313491981332;B
20241106;100143;32.56;60;1951778313491981333;B
20241106;100143;32.56;40;1951778313491981334;B
20241106;100143;32.56;1;1951778313491981335;B
20241106;100143;32.57;60;1951778313491981336;B
20241106;100143;32.57;10;1951778313491981337;B
20241106;100143;32.57;40;1951778313491981338;B
20241106;100143;32.58;60;1951778313491981339;B
20241106;100143;32.58;40;1951778313491981340;B
20241106;100143;32.58;50;1951778313491981341;B
20241106;100143;32.58;100;1951778313491981342;B
20241106;100143;32.58;10;1951778313491981343;B
20241106;100143;32.58;1;1951778313491981344;B
20241106;100143;32.59;60;1951778313491981345;B
20241106;100143;32.59;1;1951778313491981346;B
20241106;100143;32.59;40;1951778313491981347;B
20241106;100143;32.59;30;1951778313491981348;B
20241106;100143;32.59;4;1951778313491981349;B
20241106;100143;32.6;10;1951778313491981350;B
20241106;100143;32.53;25;1951778313491981351;B
20241106;100143;32.53;40;1951778313491981352;B
20241106;100143;32.52;1;1951778313491981353;S
20241106;100143;32.52;1;1951778313491981354;S
20241106;100143;32.53;40;1951778313491981355;B
20241106;100143;32.55;1;1951778313491981356;S
20241106;100143;32.55;3;1951778313491981357;S
20241106;100143;32.56;40;1951778313491981358;B
20241106;100143;32.56;60;1951778313491981359;B
20241106;100143;32.57;1;1951778313491981360;B
20241106;100143;32.57;9;1951778313491981361;B
20241106;100143;32.54;4;1951778313491981362;S
20241106;100144;32.57;2;1951778313491981363;B
20241106;100144;32.54;4;1951778313491981364;S
20241106;100144;32.54;4;1951778313491981365;S
20241106;100144;32.54;4;1951778313491981366;S
20241106;100144;32.54;4;1951778313491981367;S
20241106;100144;32.54;4;1951778313491981368;S
20241106;100144;32.54;1;1951778313491981369;S
20241106;100144;32.54;1;1951778313491981370;S
20241106;100144;32.54;1;1951778313491981371;S
20241106;100144;32.54;1;1951778313491981372;S
20241106;100144;32.54;22;1951778313491981373;S
20241106;100144;32.53;18;1951778313491981374;S
20241106;100144;32.55;30;1951778313491981375;S
20241106;100144;32.53;1;1951778313491981378;S
20241106;100144;32.53;4;1951778313491981383;S
20241106;100145;32.53;4;1951778313491981387;S
20241106;100145;32.53;13;1951778313491981388;S
20241106;100145;32.53;27;1951778313491981389;S
20241106;100146;32.54;11;1951778313491981390;S
20241106;100146;32.57;3;1951778313491981391;B
20241106;100147;32.54;1;1951778313491981392;S
20241106;100147;32.54;1;1951778313491981393;S
20241106;100147;32.53;1;1951778313491981394;S
20241106;100147;32.57;6;1951778313491981395;B
20241106;100149;32.57;5;1951778313491981396;B
20241106;100150;32.55;3;1951778313491981397;S
20241106;100150;32.54;1;1951778313491981398;S
20241106;100150;32.53;2;1951778313491981399;S
20241106;100150;32.54;3;1951778313491981400;B
20241106;100150;32.55;7;1951778313491981401;B
20241106;100151;32.55;5;1951778313491981402;B
20241106;100151;32.55;40;1951778313491981403;B
20241106;100151;32.56;55;1951778313491981404;B
20241106;100151;32.56;1;1951778313491981405;B
20241106;100152;32.56;4;1951778313491981406;B
20241106;100152;32.56;4;1951778313491981407;B
20241106;100152;32.56;10;1951778313491981408;B
20241106;100153;32.55;1;1951778313491981409;S
20241106;100153;32.55;1;1951778313491981410;S
20241106;100153;32.56;2;1951778313491981411;B
