<DATE>;<TIME>;<LAST>;<VOL>;<ID>;<OPER>
20241107;100211;690;1;2038472610613822161;B
20241107;100322;690.1;1;2038472610613822162;B
20241107;100322;690.2;3;2038472610613822167;B
20241107;100508;690;1;2038472610613822176;S
20241107;100516;690;2;2038472610613822177;S
20241107;100516;690;2;2038472610613822178;S
20241107;100517;690;2;2038472610613822179;S
20241107;100517;690;2;2038472610613822180;S
20241107;100518;690;1;2038472610613822181;S
20241107;100518;689.6;1;2038472610613822182;B
20241107;100529;687.6;1;2038472610613822183;S
20241107;100532;687.6;3;2038472610613822184;S
20241107;100534;687.6;2;2038472610613822185;B
20241107;100608;690.2;4;2038472610613822189;B
20241107;100608;690.4;4;2038472610613822190;B
20241107;100608;690.5;1;2038472610613822191;B
20241107;100608;690.5;1;2038472610613822192;B
20241107;100608;690.6;3;2038472610613822193;B
20241107;100608;690.6;2;2038472610613822194;B
20241107;100608;690.6;3;2038472610613822195;B
20241107;100608;690.7;2;2038472610613822196;B
20241107;100654;690.5;1;2038472610613822197;B
20241107;100654;690.6;4;2038472610613822198;B
20241107;100738;690.5;1;2038472610613822199;B
20241107;100748;690.6;1;2038472610613822200;B
20241107;100758;690.6;1;2038472610613822201;B
20241107;100805;690.6;5;2038472610613822202;B
20241107;100805;690.7;3;2038472610613822203;B
20241107;100805;690.7;1;2038472610613822204;B
20241107;100824;690.6;10;2038472610613822205;S
20241107;100824;690.6;2;2038472610613822206;S
20241107;100847;690.6;1;2038472610613822207;B
20241107;100855;690.6;1;2038472610613822208;B
20241107;100947;690.7;88;2038472610613822209;B
20241107;101028;691;1;2038472610613822210;B
20241107;101030;691;1;2038472610613822211;B
20241107;101031;691;1;2038472610613822212;B
20241107;101033;691;1;2038472610613822213;B
20241107;101035;691.5;1;2038472610613822214;B
20241107;101038;691.8;1;2038472610613822215;B
20241107;101040;691.6;1;2038472610613822216;B
20241107;101043;691.8;1;2038472610613822217;B
20241107;101043;692;1;2038472610613822218;B
20241107;101043;692;2;2038472610613822219;B
20241107;101043;692.2;1;2038472610613822220;B
20241107;101055;692.2;1;2038472610613822221;B
20241107;101059;692.2;1;2038472610613822222;B
20241107;101105;691.3;1;2038472610613822223;S
20241107;101112;691.8;5;2038472610613822224;B
20241107;101134;692;1;2038472610613822225;B
20241107;101134;692;1;2038472610613822226;B
20241107;101134;692;1;2038472610613822227;B
20241107;101134;692;1;2038472610613822228;B
20241107;101134;692.1;1;2038472610613822229;B
20241107;101134;692.1;1;2038472610613822230;B
20241107;101134;692.5;1;2038472610613822231;B
20241107;101134;692.1;7;2038472610613822232;B
20241107;101134;692.1;1;2038472610613822233;B
20241107;101134;693;1;2038472610613822234;B
20241107;101134;692.1;1;2038472610613822235;B
20241107;101134;693;2;2038472610613822236;B
20241107;101134;692.1;1;2038472610613822237;B
20241107;101134;693;1;2038472610613822238;B
20241107;101134;693;1;2038472610613822239;B
20241107;101134;692.1;4;2038472610613822240;B
20241107;101134;693;1;2038472610613822241;B
20241107;101134;693.5;1;2038472610613822242;B
20241107;101134;694;1;2038472610613822243;B
20241107;101134;694.1;2;2038472610613822244;B
20241107;101134;694.4;1;2038472610613822245;B
20241107;101134;694.4;1;2038472610613822246;B
20241107;101134;692.5;1;2038472610613822247;B
20241107;101134;692.5;1;2038472610613822248;B
20241107;101134;692.5;1;2038472610613822249;B
20241107;101134;694.5;1;2038472610613822250;B
20241107;101134;692.5;1;2038472610613822251;B
20241107;101135;692.5;1;2038472610613822252;B
20241107;101350;691.4;1;2038472610613822253;S
20241107;101405;691.4;2;2038472610613822254;B
20241107;101417;691.4;3;2038472610613822255;S
20241107;101417;691.3;3;2038472610613822256;S
20241107;101417;691.3;3;2038472610613822257;S
20241107;101504;692.1;1;2038472610613822258;B
20241107;101545;691.3;1;2038472610613822259;S
20241107;101545;691.3;2;2038472610613822260;S
20241107;101545;689.1;1;2038472610613822261;S
20241107;101545;689;2;2038472610613822262;S
20241107;101709;691.6;1;2038472610613822264;B
20241107;101808;691.4;1;2038472610613822265;B
20241107;101808;691.5;1;2038472610613822266;B
20241107;102041;691.7;2;2038472610613822268;B
20241107;102041;692;1;2038472610613822269;B
20241107;102207;691.1;1;2038472610613822270;S
20241107;102237;689.7;1;2038472610613822271;S
20241107;102237;689.7;1;2038472610613822272;S
20241107;102237;689.6;1;2038472610613822273;S
20241107;102237;689.5;1;2038472610613822274;S
20241107;102237;689;1;2038472610613822275;S
20241107;102257;690.6;1;2038472610613822276;B
20241107;102425;690.5;1;2038472610613822277;B
20241107;102425;690.5;1;2038472610613822278;B
20241107;103142;690.7;4;2038472610613822279;B
20241107;103154;690.7;3;2038472610613822280;B
20241107;103309;689.5;1;2038472610613822281;S
20241107;103309;689.5;1;2038472610613822282;S
20241107;103309;689.5;1;2038472610613822283;B
20241107;103341;689.4;2;2038472610613822284;S
20241107;103357;689.5;17;2038472610613822285;B
20241107;103614;689.4;4;2038472610613822286;S
20241107;103712;689.4;2;2038472610613822287;S
20241107;104714;689.4;2;2038472610613822288;S
20241107;104714;689.4;1;2038472610613822289;S
20241107;105000;689.4;1;2038472610613822290;S
20241107;105027;689.4;1;2038472610613822291;S
20241107;105107;689.4;3;2038472610613822292;S
20241107;105107;689;4;2038472610613822293;S
20241107;105107;687.6;2;2038472610613822294;S
20241107;105107;687.6;2;2038472610613822295;S
20241107;105107;687.2;1;2038472610613822296;S
20241107;105107;687.1;1;2038472610613822301;S
20241107;105131;687.3;1;2038472610613822306;S
20241107;105204;685.3;2;2038472610613822307;S
20241107;105204;685.2;4;2038472610613822308;S
20241107;105204;684.9;1;2038472610613822309;S
20241107;105204;684.6;2;2038472610613822310;S
20241107;105204;684.5;10;2038472610613822311;S
20241107;105204;684;1;2038472610613822312;S
20241107;105353;684.3;2;2038472610613822313;S
20241107;105353;684.2;1;2038472610613822314;S
20241107;105353;684;2;2038472610613822315;S
20241107;105353;684;2;2038472610613822316;S
20241107;105353;684;1;2038472610613822317;S
20241107;105353;684;2;2038472610613822318;S
20241107;105722;684.6;1;2038472610613822319;B
20241107;105731;684.5;2;2038472610613822320;B
20241107;105744;684.5;2;2038472610613822321;B
20241107;105744;684.6;1;2038472610613822322;B
20241107;105744;684.9;1;2038472610613822323;B
20241107;105933;685;1;2038472610613822324;S
20241107;105933;685;1;2038472610613822325;S
20241107;105933;684.9;2;2038472610613822326;S
20241107;105933;684.8;1;2038472610613822327;S
20241107;105933;684.2;2;2038472610613822328;S
20241107;105933;684.1;3;2038472610613822329;S
20241107;110036;684.8;1;2038472610613822330;B
20241107;110052;685;1;2038472610613822331;S
20241107;110052;685;1;2038472610613822332;S
20241107;110116;685;5;2038472610613822333;B
20241107;110124;685;14;2038472610613822334;B
20241107;110125;685;1;2038472610613822335;B
20241107;110534;687.2;1;2038472610613822336;B
20241107;110712;685.5;1;2038472610613822337;S
20241107;110712;685.5;1;2038472610613822338;S
20241107;110712;685.4;3;2038472610613822339;S
20241107;110736;685.4;5;2038472610613822340;B
20241107;110809;685.4;14;2038472610613822341;B
20241107;110809;685.4;20;2038472610613822342;B
20241107;111252;685.4;1;2038472610613822343;S
20241107;111420;685.9;1;2038472610613822344;B
20241107;111456;685.8;1;2038472610613822345;B
20241107;111636;686.7;1;2038472610613822346;B
20241107;111849;686.7;1;2038472610613822347;B
20241107;111849;686.8;1;2038472610613822348;B
20241107;111849;689;2;2038472610613822349;B
20241107;112234;687.2;1;2038472610613822350;S
20241107;112234;687.2;1;2038472610613822351;S
20241107;112503;687.1;1;2038472610613822352;S
20241107;112503;687;1;2038472610613822353;S
20241107;112503;686.1;4;2038472610613822354;S
20241107;112503;686;1;2038472610613822355;S
20241107;112503;685.5;1;2038472610613822356;S
20241107;112503;685.5;1;2038472610613822357;S
20241107;112503;685.5;1;2038472610613822358;S
20241107;112627;685.5;4;2038472610613822359;S
20241107;112653;685.4;3;2038472610613822360;S
20241107;112957;687;1;2038472610613822361;B
20241107;113205;686;1;2038472610613822362;S
20241107;113221;686.8;8;2038472610613822363;B
20241107;113420;686.8;1;2038472610613822364;B
20241107;113531;689;1;2038472610613822365;B
20241107;114046;689;10;2038472610613822366;S
20241107;114249;689;2;2038472610613822367;B
20241107;115905;689;1;2038472610613822370;B
20241107;120738;689;1;2038472610613822371;B
20241107;121045;689;2;2038472610613822372;B
20241107;121115;689;1;2038472610613822373;B
20241107;121216;689;1;2038472610613822374;B
20241107;121256;689;2;2038472610613822375;B
20241107;121316;689;1;2038472610613822376;B
20241107;121327;688.9;1;2038472610613822377;S
20241107;121417;688.9;1;2038472610613822378;S
20241107;121505;687.5;1;2038472610613822379;S
20241107;121505;687.5;1;2038472610613822380;S
20241107;121505;687.4;1;2038472610613822381;S
20241107;121535;688.6;1;2038472610613822382;S
20241107;121535;686.4;2;2038472610613822383;S
20241107;121703;688.3;1;2038472610613822384;B
20241107;121717;688.6;1;2038472610613822385;B
20241107;121921;688.4;2;2038472610613822386;B
20241107;122329;689;1;2038472610613822387;B
20241107;122455;686.4;1;2038472610613822388;S
20241107;122457;686.5;1;2038472610613822393;S
20241107;122550;687.6;2;2038472610613822394;S
20241107;122550;687.5;1;2038472610613822395;S
20241107;122550;685.8;5;2038472610613822396;S
20241107;122550;685.7;1;2038472610613822397;S
20241107;122550;685.6;1;2038472610613822398;S
20241107;122710;688.3;1;2038472610613822399;B
20241107;122717;685.6;1;2038472610613822400;S
20241107;122828;685.6;1;2038472610613822401;S
20241107;123001;686.2;1;2038472610613822402;B
20241107;123001;686.2;1;2038472610613822403;B
20241107;123043;686;1;2038472610613822404;S
20241107;123043;685.9;2;2038472610613822405;S
20241107;123043;685.6;5;2038472610613822406;S
20241107;123043;685.5;1;2038472610613822407;S
20241107;123043;685.5;1;2038472610613822408;S
20241107;123100;687.1;1;2038472610613822409;B
20241107;123100;687.2;2;2038472610613822410;B
20241107;123100;687.5;1;2038472610613822411;B
20241107;123100;688.2;1;2038472610613822412;B
20241107;123249;688.1;2;2038472610613822413;B
20241107;123249;688.2;1;2038472610613822414;B
20241107;123327;687.1;1;2038472610613822415;S
20241107;123335;688;1;2038472610613822416;B
20241107;123812;688.2;5;2038472610613822417;B
20241107;123819;688;2;2038472610613822418;S
20241107;124527;687.5;1;2038472610613822419;S
20241107;124527;687.4;2;2038472610613822420;S
20241107;124527;687.3;1;2038472610613822421;S
20241107;124527;687;1;2038472610613822422;S
20241107;124539;687;1;2038472610613822423;S
20241107;124552;688.6;1;2038472610613822424;B
20241107;124552;688.6;1;2038472610613822425;B
20241107;124552;688.7;2;2038472610613822426;B
20241107;124552;688.7;1;2038472610613822427;B
20241107;124552;688.8;3;2038472610613822428;B
20241107;124552;688.9;5;2038472610613822429;B
20241107;124552;689;4;2038472610613822430;B
20241107;124552;689;3;2038472610613822431;B
20241107;124552;689;2;2038472610613822432;B
20241107;124552;689.1;5;2038472610613822433;B
20241107;124552;689.8;2;2038472610613822434;B
20241107;124552;689.9;5;2038472610613822435;B
20241107;124552;690.1;1;2038472610613822436;B
20241107;124552;690.2;2;2038472610613822437;B
20241107;124552;690.3;2;2038472610613822438;B
20241107;124553;690.5;1;2038472610613822439;B
20241107;124554;690.5;1;2038472610613822440;B
20241107;124555;690.5;2;2038472610613822441;S
20241107;124556;690.5;2;2038472610613822442;S
20241107;124733;690.7;2;2038472610613822443;B
20241107;124733;690.7;8;2038472610613822444;B
20241107;124834;690.8;6;2038472610613822445;B
20241107;124834;690.9;2;2038472610613822446;B
20241107;124834;691;3;2038472610613822447;B
20241107;124834;691.1;2;2038472610613822448;B
20241107;124839;691.3;2;2038472610613822449;B
20241107;124839;691.5;2;2038472610613822450;B
20241107;124840;691.5;1;2038472610613822451;S
20241107;124847;691.7;2;2038472610613822452;B
20241107;124847;691.9;2;2038472610613822453;B
20241107;124847;691.9;1;2038472610613822454;B
20241107;124847;691.9;2;2038472610613822455;B
20241107;124847;692;3;2038472610613822456;B
20241107;124847;692;17;2038472610613822457;B
20241107;124847;692.1;1;2038472610613822458;B
20241107;124847;692.1;2;2038472610613822459;B
20241107;124847;692.3;2;2038472610613822460;B
20241107;124847;692.5;2;2038472610613822461;B
20241107;124900;692.6;1;2038472610613822465;B
20241107;124900;692.7;2;2038472610613822466;B
20241107;124900;692.9;2;2038472610613822467;B
20241107;124900;693;5;2038472610613822468;B
20241107;124900;693;3;2038472610613822469;B
20241107;124900;693.1;2;2038472610613822470;B
20241107;124900;693.3;10;2038472610613822471;B
20241107;124900;693.5;4;2038472610613822472;B
20241107;124900;693.5;2;2038472610613822473;B
20241107;124900;693.6;1;2038472610613822474;B
20241107;124900;693.8;18;2038472610613822475;B
20241107;124900;694;1;2038472610613822476;B
20241107;124900;694;4;2038472610613822477;B
20241107;124952;694.1;10;2038472610613822478;S
20241107;125004;694.5;2;2038472610613822479;B
20241107;125005;695;2;2038472610613822480;B
20241107;125005;695;1;2038472610613822481;B
20241107;125005;695;3;2038472610613822482;B
20241107;125005;695;30;2038472610613822483;B
20241107;125005;695;1;2038472610613822484;B
20241107;125005;695;1;2038472610613822485;B
20241107;125006;695;1;2038472610613822486;S
20241107;125009;695.5;1;2038472610613822487;B
20241107;125009;696.1;2;2038472610613822488;B
20241107;125011;695.8;1;2038472610613822489;S
20241107;125032;696.3;1;2038472610613822490;S
20241107;125032;696.3;2;2038472610613822491;S
20241107;125039;695.9;2;2038472610613822492;S
20241107;125039;695.9;1;2038472610613822493;S
20241107;125045;696.4;2;2038472610613822494;B
20241107;125100;695.8;1;2038472610613822495;S
20241107;125116;696.8;1;2038472610613822496;S
20241107;125123;695.8;1;2038472610613822497;S
20241107;125131;695.7;5;2038472610613822498;S
20241107;125151;695.7;2;2038472610613822499;S
20241107;125201;695.7;3;2038472610613822500;S
20241107;125214;695;5;2038472610613822501;S
20241107;125236;694.2;10;2038472610613822502;S
20241107;125307;694.2;1;2038472610613822503;S
20241107;125322;695.6;1;2038472610613822504;B
20241107;125337;694.3;1;2038472610613822505;S
20241107;125412;694.7;1;2038472610613822506;B
20241107;125412;694.8;6;2038472610613822507;B
20241107;125604;694.3;4;2038472610613822508;S
20241107;125632;694.3;10;2038472610613822509;S
20241107;125633;695;1;2038472610613822510;B
20241107;125709;695;3;2038472610613822511;B
20241107;125715;695;1;2038472610613822512;S
20241107;125925;694.3;4;2038472610613822513;S
20241107;125925;694.2;1;2038472610613822514;S
20241107;125925;694.1;5;2038472610613822515;S
20241107;130006;694.1;5;2038472610613822516;S
20241107;130009;693.1;10;2038472610613822517;S
20241107;130045;694.1;9;2038472610613822518;B
20241107;130045;694.3;1;2038472610613822519;B
20241107;130111;695.6;1;2038472610613822520;B
20241107;130111;695.7;7;2038472610613822521;B
20241107;130111;696;2;2038472610613822522;B
20241107;130111;696;5;2038472610613822523;B
20241107;130311;696;45;2038472610613822524;B
20241107;130311;696.3;4;2038472610613822525;B
20241107;130311;696.4;5;2038472610613822526;B
20241107;130311;696.4;25;2038472610613822527;B
20241107;130311;696.5;1;2038472610613822528;B
20241107;130311;696.6;1;2038472610613822529;B
20241107;130311;696.6;25;2038472610613822530;B
20241107;130311;697;1;2038472610613822531;B
20241107;130311;697;50;2038472610613822532;B
20241107;130311;697;5;2038472610613822533;B
20241107;130311;697.2;5;2038472610613822534;B
20241107;130311;697.4;1;2038472610613822535;B
20241107;130311;697.5;2;2038472610613822536;B
20241107;130311;697.5;5;2038472610613822537;B
20241107;130311;697.5;27;2038472610613822538;B
20241107;130320;696.3;1;2038472610613822539;S
20241107;130320;696.2;5;2038472610613822540;S
20241107;130400;695.8;1;2038472610613822541;B
20241107;130435;696.1;1;2038472610613822542;B
20241107;130512;694.6;1;2038472610613822543;S
20241107;130512;694.5;1;2038472610613822544;S
20241107;130512;694.5;1;2038472610613822545;S
20241107;130552;693;1;2038472610613822546;S
20241107;130553;693;1;2038472610613822547;S
20241107;130553;692.8;2;2038472610613822548;S
20241107;130553;692.3;2;2038472610613822549;S
20241107;130553;692;3;2038472610613822550;S
20241107;130553;690.2;5;2038472610613822551;S
20241107;130553;690;2;2038472610613822552;S
20241107;130553;690;2;2038472610613822553;S
20241107;130553;690;2;2038472610613822554;S
20241107;130553;690;1;2038472610613822555;S
20241107;130554;689.9;1;2038472610613822556;S
20241107;130649;692.6;1;2038472610613822557;B
20241107;130700;692.6;1;2038472610613822560;B
20241107;130716;692.7;2;2038472610613822565;B
20241107;130826;692.8;2;2038472610613822567;B
20241107;131010;692.9;1;2038472610613822568;S
20241107;131010;692.8;1;2038472610613822569;S
20241107;131010;692.5;3;2038472610613822570;S
20241107;131150;693;3;2038472610613822571;B
20241107;131154;693.1;2;2038472610613822572;B
20241107;131154;693.1;1;2038472610613822573;B
20241107;131154;693.2;1;2038472610613822574;B
20241107;131154;693.6;5;2038472610613822575;B
20241107;131348;694.6;1;2038472610613822576;B
20241107;131416;694.7;1;2038472610613822577;B
20241107;131636;693;1;2038472610613822578;S
20241107;131636;693;1;2038472610613822579;S
20241107;131636;692.9;1;2038472610613822580;S
20241107;131707;692.9;2;2038472610613822582;S
20241107;131707;691.9;3;2038472610613822583;S
20241107;131722;693.3;1;2038472610613822584;B
20241107;131722;693.3;1;2038472610613822585;B
20241107;131722;693.4;3;2038472610613822586;B
20241107;131722;694.6;5;2038472610613822587;B
20241107;131729;692.4;1;2038472610613822588;S
20241107;131729;692.4;1;2038472610613822589;S
20241107;131729;692.3;9;2038472610613822590;S
20241107;131729;692.1;4;2038472610613822591;S
20241107;131845;691.8;2;2038472610613822592;S
20241107;131907;691.8;1;2038472610613822593;S
20241107;131907;691.1;1;2038472610613822594;S
20241107;131939;692;1;2038472610613822595;B
20241107;131939;691.1;4;2038472610613822596;S
20241107;131939;690.9;2;2038472610613822597;S
20241107;131939;690.8;144;2038472610613822598;S
20241107;132009;692;4;2038472610613822599;B
20241107;132017;692.2;2;2038472610613822600;S
20241107;132032;692.5;10;2038472610613822601;S
20241107;132048;693.6;1;2038472610613822602;B
20241107;132048;693.6;1;2038472610613822603;B
20241107;132105;692.6;1;2038472610613822604;S
20241107;132123;692.6;1;2038472610613822605;S
20241107;132135;693.4;1;2038472610613822606;B
20241107;132200;690.2;1;2038472610613822607;S
20241107;132200;690.1;2;2038472610613822608;S
20241107;132200;690.1;2;2038472610613822609;S
20241107;132200;689.9;5;2038472610613822610;S
20241107;132201;692.2;1;2038472610613822611;B
20241107;132305;690.3;1;2038472610613822614;S
20241107;132311;690.3;1;2038472610613822615;B
20241107;132312;690.3;3;2038472610613822616;B
20241107;132455;691;1;2038472610613822617;B
20241107;132455;691;1;2038472610613822618;B
20241107;132541;692.4;1;2038472610613822619;B
20241107;132541;692.5;2;2038472610613822620;B
20241107;132545;692.5;2;2038472610613822621;S
20241107;132628;692.7;1;2038472610613822622;S
20241107;132823;692.7;1;2038472610613822623;S
20241107;132823;692.7;1;2038472610613822624;S
20241107;133026;693.1;9;2038472610613822625;B
20241107;133027;693.1;2;2038472610613822626;S
20241107;133101;693.3;1;2038472610613822627;B
20241107;133101;693.3;1;2038472610613822628;B
20241107;133101;694.3;3;2038472610613822629;B
20241107;133101;694.4;19;2038472610613822630;B
20241107;133101;694.7;1;2038472610613822631;B
20241107;133101;694.7;1;2038472610613822632;B
20241107;133101;694.9;2;2038472610613822633;B
20241107;133110;695.2;2;2038472610613822634;B
20241107;133200;695.3;1;2038472610613822635;B
20241107;133216;695.1;1;2038472610613822636;S
20241107;133301;695.6;2;2038472610613822637;B
20241107;133402;695.8;3;2038472610613822638;B
20241107;133402;695.9;16;2038472610613822639;B
20241107;133406;694.8;1;2038472610613822640;S
20241107;133406;694.8;1;2038472610613822641;S
20241107;133406;694.7;2;2038472610613822642;S
20241107;133503;694.4;4;2038472610613822643;B
20241107;133512;694.5;1;2038472610613822644;S
20241107;133541;694.5;5;2038472610613822645;S
20241107;133625;694.5;3;2038472610613822646;B
20241107;133625;694.7;1;2038472610613822647;B
20241107;133815;695.7;1;2038472610613822648;B
20241107;134018;695.5;1;2038472610613822649;S
20241107;134351;694.6;1;2038472610613822650;S
20241107;134351;694.5;1;2038472610613822651;S
20241107;134621;694.4;6;2038472610613822652;S
20241107;134621;693.8;14;2038472610613822653;S
20241107;134727;693.8;2;2038472610613822654;S
20241107;134933;694.5;2;2038472610613822655;B
20241107;134933;694.5;1;2038472610613822656;B
20241107;135004;695.1;1;2038472610613822657;B
20241107;135004;695.1;1;2038472610613822658;B
20241107;135016;695.3;1;2038472610613822659;S
20241107;135113;695.6;3;2038472610613822660;B
20241107;135113;695.9;14;2038472610613822661;B
20241107;135117;696.1;1;2038472610613822662;B
20241107;135117;697;2;2038472610613822663;B
20241107;135117;697;1;2038472610613822664;B
20241107;135117;697;1;2038472610613822665;B
20241107;135117;696.9;3;2038472610613822666;B
20241107;135117;696.9;1;2038472610613822667;B
20241107;135117;696.9;1;2038472610613822668;B
20241107;135117;696.9;1;2038472610613822669;B
20241107;135117;696.9;2;2038472610613822670;B
20241107;135117;696.9;1;2038472610613822671;B
20241107;135117;696.9;1;2038472610613822672;B
20241107;135117;696.9;1;2038472610613822673;B
20241107;135117;696.9;1;2038472610613822674;B
20241107;135117;696.9;1;2038472610613822675;B
20241107;135117;696.9;1;2038472610613822676;B
20241107;135117;696.9;1;2038472610613822677;B
20241107;135117;696.9;1;2038472610613822678;B
20241107;135117;696.9;1;2038472610613822679;B
20241107;135117;696.9;7;2038472610613822680;B
20241107;135117;696.9;1;2038472610613822681;B
20241107;135118;696.9;2;2038472610613822682;B
20241107;135118;696.9;1;2038472610613822683;B
20241107;135407;695.2;1;2038472610613822684;S
20241107;135446;695.3;1;2038472610613822685;S
20241107;135446;695.2;1;2038472610613822686;S
20241107;135620;695.1;1;2038472610613822688;S
20241107;135620;694.9;4;2038472610613822689;S
20241107;135621;695.5;1;2038472610613822690;S
20241107;135734;695.9;1;2038472610613822691;B
20241107;135823;695.6;1;2038472610613822692;S
20241107;135837;696.5;7;2038472610613822693;B
20241107;135837;696.6;19;2038472610613822694;B
20241107;135837;696.8;10;2038472610613822695;B
20241107;135837;696.9;2;2038472610613822696;B
20241107;135837;697;4;2038472610613822697;B
20241107;135837;697;3;2038472610613822698;B
20241107;135837;697.6;2;2038472610613822699;B
20241107;135837;697.6;1;2038472610613822700;B
20241107;135837;697.7;10;2038472610613822701;B
20241107;135837;697.7;3;2038472610613822702;B
20241107;135837;697.7;2;2038472610613822703;B
20241107;135837;697.7;50;2038472610613822704;B
20241107;135837;697.9;1;2038472610613822705;B
20241107;135837;698.2;9;2038472610613822706;B
20241107;135837;698.2;2;2038472610613822707;B
20241107;135837;698.7;1;2038472610613822708;B
20241107;135837;698.7;2;2038472610613822709;B
20241107;135837;698.7;2;2038472610613822710;B
20241107;135837;699;2;2038472610613822711;B
20241107;135837;699.1;5;2038472610613822712;B
20241107;135837;699.4;49;2038472610613822713;B
20241107;135837;699.3;1;2038472610613822714;B
20241107;135837;699.4;19;2038472610613822715;B
20241107;135838;697.6;1;2038472610613822716;B
20241107;135838;699.4;2;2038472610613822717;B
20241107;135838;697.5;10;2038472610613822718;B
20241107;135838;697.5;12;2038472610613822719;B
20241107;135922;695.7;1;2038472610613822720;S
20241107;140510;695.7;6;2038472610613822721;S
20241107;140510;695.6;2;2038472610613822722;S
20241107;140510;695;1;2038472610613822723;S
20241107;140510;695;1;2038472610613822724;S
20241107;140515;695.1;15;2038472610613822725;S
20241107;140516;695.1;7;2038472610613822726;S
20241107;140516;695;3;2038472610613822727;S
20241107;140724;694.8;1;2038472610613822728;S
20241107;140803;694.7;1;2038472610613822729;S
20241107;140834;695.2;1;2038472610613822730;B
20241107;141100;694.8;11;2038472610613822731;S
20241107;141100;694.7;3;2038472610613822732;S
20241107;141100;694.6;6;2038472610613822733;S
20241107;141150;695;5;2038472610613822734;S
20241107;141243;695.3;11;2038472610613822735;B
20241107;141243;695.3;1;2038472610613822736;B
20241107;141911;695.6;1;2038472610613822737;S
20241107;141928;695.5;2;2038472610613822738;S
20241107;142009;695.6;2;2038472610613822739;S
20241107;142635;696.3;1;2038472610613822740;B
20241107;143401;696.1;1;2038472610613822741;S
20241107;143413;696.2;1;2038472610613822742;B
20241107;143449;696.1;1;2038472610613822743;S
20241107;143449;696;1;2038472610613822744;S
20241107;143517;695.7;1;2038472610613822745;S
20241107;143542;695.7;9;2038472610613822746;S
20241107;143542;695.7;5;2038472610613822747;S
20241107;143546;694.8;1;2038472610613822748;S
20241107;144134;694.5;3;2038472610613822749;S
20241107;145133;694.6;3;2038472610613822750;B
20241107;145133;694.6;1;2038472610613822751;B
20241107;145133;694.7;9;2038472610613822752;B
20241107;145134;695.9;1;2038472610613822753;B
20241107;145135;696;1;2038472610613822754;B
20241107;145136;696;21;2038472610613822755;B
20241107;145138;696;6;2038472610613822756;B
20241107;145349;696.5;1;2038472610613822757;B
20241107;145634;696.1;1;2038472610613822758;S
20241107;145709;696.1;3;2038472610613822759;S
20241107;145713;696.5;1;2038472610613822760;B
20241107;145713;697.3;5;2038472610613822761;B
20241107;145713;697.3;2;2038472610613822762;B
20241107;145905;696.2;1;2038472610613822763;S
20241107;145916;697.1;1;2038472610613822764;B
20241107;145916;697.2;1;2038472610613822765;B
20241107;145930;696.2;1;2038472610613822766;S
20241107;150146;697.2;1;2038472610613822767;B
20241107;150146;697.3;3;2038472610613822768;B
20241107;150146;697.7;16;2038472610613822769;B
20241107;150154;697.7;8;2038472610613822770;B
20241107;150252;697.7;26;2038472610613822771;B
20241107;150252;698;5;2038472610613822772;B
20241107;150352;698.1;3;2038472610613822773;S
20241107;150359;698.1;1;2038472610613822774;S
20241107;150517;698.1;3;2038472610613822775;S
20241107;150843;698.1;1;2038472610613822776;S
20241107;150843;698;1;2038472610613822777;S
20241107;150843;698;1;2038472610613822778;S
20241107;150843;698;1;2038472610613822779;S
20241107;150843;698;1;2038472610613822780;S
20241107;150843;698;1;2038472610613822781;S
20241107;150843;698;3;2038472610613822782;S
20241107;150843;697.6;1;2038472610613822783;S
20241107;150843;697.5;1;2038472610613822784;S
20241107;150843;697.5;1;2038472610613822785;S
20241107;150843;697.5;1;2038472610613822786;S
20241107;150843;697.5;1;2038472610613822787;S
20241107;150843;697.5;1;2038472610613822788;S
20241107;150843;696;1;2038472610613822789;S
20241107;150843;696;1;2038472610613822790;S
20241107;150843;696;2;2038472610613822791;S
20241107;150844;696;1;2038472610613822792;S
20241107;150844;696;1;2038472610613822793;S
20241107;150844;696;1;2038472610613822794;S
20241107;151009;696.2;1;2038472610613822795;S
20241107;151016;696.2;4;2038472610613822796;S
20241107;151032;696.3;4;2038472610613822797;S
20241107;151117;696.7;1;2038472610613822798;B
20241107;151218;697;1;2038472610613822799;B
20241107;151257;696.9;1;2038472610613822800;S
20241107;151302;696.1;1;2038472610613822801;S
20241107;151302;696;2;2038472610613822802;S
20241107;151309;695.2;1;2038472610613822803;S
20241107;151318;696.2;1;2038472610613822804;S
20241107;151430;695.8;1;2038472610613822805;B
20241107;151433;695.7;1;2038472610613822806;S
20241107;151433;695.1;1;2038472610613822807;S
20241107;151433;695;3;2038472610613822808;S
20241107;151512;696.2;1;2038472610613822809;B
20241107;151524;696.2;1;2038472610613822810;B
20241107;151529;696.1;1;2038472610613822811;S
20241107;151617;696.2;1;2038472610613822812;S
20241107;151617;696;1;2038472610613822813;S
20241107;151621;695.1;1;2038472610613822814;S
20241107;151621;695;7;2038472610613822815;S
20241107;151755;695.4;1;2038472610613822816;S
20241107;151755;694.5;19;2038472610613822817;S
20241107;151920;694.6;1;2038472610613822818;S
20241107;151921;694.6;1;2038472610613822819;S
20241107;151936;694.5;1;2038472610613822820;S
20241107;151936;694.5;3;2038472610613822821;S
20241107;151936;694.5;1;2038472610613822822;S
20241107;151936;694.5;1;2038472610613822823;S
20241107;151936;694.5;1;2038472610613822824;S
20241107;151936;694.5;1;2038472610613822825;S
20241107;151936;694.5;1;2038472610613822826;S
20241107;151936;694.5;1;2038472610613822827;S
20241107;151936;694.5;1;2038472610613822828;S
20241107;152136;694.6;1;2038472610613822830;S
20241107;152300;694.6;1;2038472610613822831;S
20241107;152406;694.5;20;2038472610613822832;S
20241107;152406;693;9;2038472610613822833;S
20241107;152406;693;1;2038472610613822834;S
20241107;152407;692.9;2;2038472610613822835;S
20241107;152407;692.8;1;2038472610613822836;S
20241107;152407;692.5;1;2038472610613822837;S
20241107;152407;692.4;2;2038472610613822838;S
20241107;152407;692.4;2;2038472610613822839;S
20241107;152407;692.3;2;2038472610613822840;S
20241107;152407;692.3;2;2038472610613822841;S
20241107;152407;692.2;2;2038472610613822842;S
20241107;152500;692.4;3;2038472610613822843;S
20241107;152515;692.4;1;2038472610613822844;S
20241107;152515;692.4;2;2038472610613822845;S
20241107;152515;692.4;1;2038472610613822846;S
20241107;152515;692.4;4;2038472610613822847;S
20241107;152515;692.4;1;2038472610613822848;S
20241107;152515;692.4;1;2038472610613822849;S
20241107;152515;692.4;1;2038472610613822850;S
20241107;152515;692.4;1;2038472610613822851;S
20241107;152515;692;1;2038472610613822852;S
20241107;152515;692;1;2038472610613822853;S
20241107;152515;692;1;2038472610613822854;S
20241107;152515;692;1;2038472610613822855;S
20241107;152515;692;1;2038472610613822856;S
20241107;152515;691.4;1;2038472610613822857;S
20241107;152515;691.4;1;2038472610613822858;S
20241107;152515;691.3;1;2038472610613822859;S
20241107;152515;691.3;1;2038472610613822860;S
20241107;152515;691.3;1;2038472610613822861;S
20241107;152515;691.3;1;2038472610613822862;S
20241107;152515;691.3;1;2038472610613822863;S
20241107;152515;691.3;1;2038472610613822864;S
20241107;152515;691.3;1;2038472610613822865;S
20241107;152515;691.3;1;2038472610613822866;S
20241107;152626;693.3;1;2038472610613822867;B
20241107;152626;693.3;1;2038472610613822868;B
20241107;152759;692.7;1;2038472610613822869;S
20241107;152759;692.7;1;2038472610613822870;S
20241107;152858;694.6;1;2038472610613822871;B
20241107;152909;694.9;1;2038472610613822872;B
20241107;152909;695;2;2038472610613822873;B
20241107;152909;695;2;2038472610613822874;B
20241107;152909;695.1;7;2038472610613822875;B
20241107;153044;695.2;1;2038472610613822876;S
20241107;153044;694.4;1;2038472610613822877;S
20241107;153044;694.3;4;2038472610613822878;S
20241107;153044;695.3;2;2038472610613822879;B
20241107;153527;693.4;1;2038472610613822880;S
20241107;153849;693.4;1;2038472610613822881;B
20241107;153849;693.5;1;2038472610613822882;B
20241107;154038;694.3;1;2038472610613822888;B
20241107;154338;693.7;1;2038472610613822889;S
20241107;154338;693.6;5;2038472610613822890;S
20241107;154338;693.5;5;2038472610613822891;S
20241107;154338;693.4;1;2038472610613822892;S
20241107;154338;693;13;2038472610613822893;S
20241107;154523;693;2;2038472610613822894;S
20241107;154624;694.3;1;2038472610613822895;B
20241107;154624;694.3;1;2038472610613822896;B
20241107;154624;694.4;3;2038472610613822897;B
20241107;154851;694.4;1;2038472610613822898;B
20241107;155200;694.4;10;2038472610613822899;B
20241107;155210;693.6;1;2038472610613822900;S
20241107;155211;693.5;1;2038472610613822901;S
20241107;155226;693.5;1;2038472610613822902;S
20241107;155226;693.5;2;2038472610613822903;S
20241107;155226;693.4;147;2038472610613822904;S
20241107;155241;693.5;10;2038472610613822905;S
20241107;155256;694.4;1;2038472610613822906;B
20241107;155256;694.4;1;2038472610613822907;B
20241107;155256;694.6;10;2038472610613822908;B
20241107;155308;694.8;1;2038472610613822909;S
20241107;155337;694.1;1;2038472610613822910;S
20241107;155343;694.1;1;2038472610613822911;S
20241107;155343;694;1;2038472610613822912;S
20241107;155422;693.5;1;2038472610613822913;S
20241107;155422;693.4;3;2038472610613822914;S
20241107;155431;693.4;3;2038472610613822915;S
20241107;155509;693.3;3;2038472610613822916;S
20241107;155509;693.2;2;2038472610613822917;S
20241107;155519;693.2;2;2038472610613822918;S
20241107;155644;695;1;2038472610613822919;B
20241107;155915;694.7;2;2038472610613822920;B
20241107;160001;694.7;17;2038472610613822921;B
20241107;160001;694.8;2;2038472610613822922;B
20241107;160001;694.8;1;2038472610613822923;B
20241107;160040;697;5;2038472610613822924;B
20241107;160040;697.1;2;2038472610613822925;B
20241107;160040;697.2;5;2038472610613822926;B
20241107;160040;697.4;2;2038472610613822927;B
20241107;160040;697.4;2;2038472610613822928;B
20241107;160107;698;2;2038472610613822929;B
20241107;160107;698;1;2038472610613822930;B
20241107;160107;698.1;5;2038472610613822931;B
20241107;160138;698.5;5;2038472610613822932;B
20241107;160138;698.6;1;2038472610613822933;B
20241107;160138;698.6;2;2038472610613822934;B
20241107;160138;698.6;40;2038472610613822935;B
20241107;160138;698.8;6;2038472610613822936;B
20241107;160138;699;10;2038472610613822937;B
20241107;160138;699;100;2038472610613822938;B
20241107;160138;699;3;2038472610613822939;B
20241107;160138;699;2;2038472610613822940;B
20241107;160138;699;20;2038472610613822941;B
20241107;160146;698.4;1;2038472610613822942;S
20241107;160146;698.3;4;2038472610613822943;S
20241107;160234;699.4;1;2038472610613822944;B
20241107;160234;699.5;1;2038472610613822945;B
20241107;160235;699.8;5;2038472610613822946;B
20241107;160235;700;1;2038472610613822947;B
20241107;160235;700;1;2038472610613822948;B
20241107;160235;700;1;2038472610613822949;B
20241107;160235;700;5;2038472610613822950;B
20241107;160235;700;6;2038472610613822951;B
20241107;160235;700;5;2038472610613822952;B
20241107;160235;700.1;2;2038472610613822953;B
20241107;160235;700.2;20;2038472610613822954;S
20241107;160235;700.2;1;2038472610613822955;S
20241107;160235;701;10;2038472610613822956;B
20241107;160235;701;10;2038472610613822957;B
20241107;160235;700.2;1;2038472610613822958;S
20241107;160236;700.6;1;2038472610613822959;B
20241107;160248;701;5;2038472610613822960;B
20241107;160248;701;5;2038472610613822961;B
20241107;160255;701;43;2038472610613822962;B
20241107;160255;701;1;2038472610613822963;B
20241107;160255;701.3;1;2038472610613822964;B
20241107;160301;702;1;2038472610613822965;B
20241107;160301;702;3;2038472610613822966;B
20241107;160301;702;1;2038472610613822967;B
20241107;160301;702;1;2038472610613822968;B
20241107;160301;702.3;3;2038472610613822969;B
20241107;160301;702.4;3;2038472610613822970;B
20241107;160301;702.5;10;2038472610613822971;B
20241107;160301;702.8;30;2038472610613822972;S
20241107;160302;703;1;2038472610613822973;B
20241107;160302;703;3;2038472610613822974;B
20241107;160302;703.1;2;2038472610613822975;B
20241107;160302;703.9;5;2038472610613822976;B
20241107;160302;704;1;2038472610613822977;B
20241107;160302;704;1;2038472610613822978;B
20241107;160302;704;5;2038472610613822979;B
20241107;160303;704.1;1;2038472610613822980;S
20241107;160303;704.1;1;2038472610613822981;S
20241107;160303;704.2;2;2038472610613822982;B
20241107;160314;704.9;5;2038472610613822983;B
20241107;160315;704.6;2;2038472610613822984;S
20241107;160319;704.9;5;2038472610613822985;B
20241107;160326;704.8;1;2038472610613822986;B
20241107;160326;704.9;4;2038472610613822987;B
20241107;160326;704.9;1;2038472610613822988;B
20241107;160326;705;3;2038472610613822989;B
20241107;160326;705;3;2038472610613822990;B
20241107;160326;705;7;2038472610613822991;B
20241107;160326;705;1;2038472610613822992;B
20241107;160326;705;1;2038472610613822993;B
20241107;160326;705;1;2038472610613822994;B
20241107;160328;703.6;1;2038472610613822995;S
20241107;160328;703.6;1;2038472610613822996;S
20241107;160328;703.5;1;2038472610613822997;S
20241107;160328;703.3;1;2038472610613822998;S
20241107;160343;703.6;3;2038472610613822999;S
20241107;160350;704.4;1;2038472610613823000;B
20241107;160350;704.5;1;2038472610613823001;B
20241107;160356;704.6;1;2038472610613823002;B
20241107;160356;704.7;4;2038472610613823003;B
20241107;160357;704.7;1;2038472610613823004;B
20241107;160357;705;2;2038472610613823005;B
20241107;160357;705;2;2038472610613823006;B
20241107;160403;705;1;2038472610613823007;B
20241107;160403;705;1;2038472610613823008;B
20241107;160405;705;2;2038472610613823009;B
20241107;160405;705;2;2038472610613823010;B
20241107;160406;705;1;2038472610613823011;B
20241107;160406;705;1;2038472610613823012;B
20241107;160410;705;1;2038472610613823013;B
20241107;160411;705.1;1;2038472610613823014;S
20241107;160413;704;1;2038472610613823015;S
20241107;160413;704;1;2038472610613823016;S
20241107;160422;704;1;2038472610613823017;S
20241107;160422;703.9;1;2038472610613823018;S
20241107;160429;704.7;1;2038472610613823019;B
20241107;160435;704.7;45;2038472610613823020;S
20241107;160435;704.7;1;2038472610613823021;B
20241107;160440;704.7;1;2038472610613823022;S
20241107;160442;704.7;50;2038472610613823023;S
20241107;160448;704.7;3;2038472610613823024;S
20241107;160453;704.8;1;2038472610613823025;B
20241107;160453;704.8;4;2038472610613823026;B
20241107;160508;704.4;1;2038472610613823027;S
20241107;160508;704.3;2;2038472610613823028;S
20241107;160514;704.3;3;2038472610613823029;S
20241107;160530;704.3;3;2038472610613823030;S
20241107;160530;704.3;20;2038472610613823031;S
20241107;160540;704.8;1;2038472610613823032;B
20241107;160540;704.8;1;2038472610613823033;B
20241107;160548;704.9;1;2038472610613823034;B
20241107;160548;705.1;1;2038472610613823035;B
20241107;160549;705;1;2038472610613823036;B
20241107;160551;704.8;10;2038472610613823037;S
20241107;160603;704.8;15;2038472610613823038;S
20241107;160621;704.8;1;2038472610613823039;S
20241107;160626;705;11;2038472610613823040;B
20241107;160635;704.9;1;2038472610613823041;S
20241107;160637;704.8;15;2038472610613823042;S
20241107;160642;704.8;10;2038472610613823043;S
20241107;160648;704.9;2;2038472610613823044;B
20241107;160659;704.8;10;2038472610613823045;S
20241107;160659;704.8;5;2038472610613823046;S
20241107;160711;704.8;2;2038472610613823047;S
20241107;160722;704.2;1;2038472610613823048;S
20241107;160722;704.1;6;2038472610613823049;S
20241107;160835;703.8;1;2038472610613823050;S
20241107;160839;704.5;1;2038472610613823051;B
20241107;160839;704.6;51;2038472610613823052;B
20241107;160839;704.6;1;2038472610613823053;B
20241107;160842;704.7;5;2038472610613823054;S
20241107;160843;704.8;3;2038472610613823055;B
20241107;160843;704.9;17;2038472610613823056;B
20241107;160843;704.9;5;2038472610613823057;B
20241107;160843;705;8;2038472610613823058;B
20241107;160843;705;10;2038472610613823059;B
20241107;160843;705;6;2038472610613823060;B
20241107;160843;705;20;2038472610613823061;B
20241107;160843;705;2;2038472610613823062;B
20241107;160843;705.2;20;2038472610613823063;B
20241107;160843;706;3;2038472610613823064;B
20241107;160843;706;1;2038472610613823065;B
20241107;160843;706.1;20;2038472610613823066;B
20241107;160843;706.6;10;2038472610613823067;B
20241107;160843;706.6;5;2038472610613823068;B
20241107;160843;706.6;1;2038472610613823069;B
20241107;160843;706.7;5;2038472610613823070;S
20241107;160843;707;20;2038472610613823071;B
20241107;160843;707;4;2038472610613823072;B
20241107;160843;707;12;2038472610613823073;B
20241107;160843;707.7;10;2038472610613823074;B
20241107;160843;707.9;10;2038472610613823075;B
20241107;160843;708;5;2038472610613823076;B
20241107;160843;708;2;2038472610613823077;B
20241107;160843;708.1;10;2038472610613823078;S
20241107;160843;708.5;20;2038472610613823079;B
20241107;160843;708.1;2;2038472610613823080;S
20241107;160843;708.1;1;2038472610613823081;S
20241107;160843;708.5;2;2038472610613823082;B
20241107;160844;708.5;10;2038472610613823083;B
20241107;160844;708.1;1;2038472610613823084;S
20241107;160853;708.5;4;2038472610613823085;B
20241107;160854;708.5;1;2038472610613823086;B
20241107;160855;708.5;1;2038472610613823087;B
20241107;160856;708.5;1;2038472610613823088;B
20241107;160856;708.5;1;2038472610613823089;B
20241107;160905;708.5;10;2038472610613823090;B
20241107;160905;709.5;1;2038472610613823091;B
20241107;160905;709.6;6;2038472610613823096;B
20241107;160905;709.6;2;2038472610613823097;B
20241107;160905;709.8;1;2038472610613823098;B
20241107;160905;710;5;2038472610613823099;B
20241107;160906;708.3;1;2038472610613823100;S
20241107;160908;707.4;1;2038472610613823101;S
20241107;160919;707.4;4;2038472610613823102;S
20241107;160938;707.4;2;2038472610613823103;S
20241107;160939;707.4;2;2038472610613823104;S
20241107;161005;706.9;4;2038472610613823105;S
20241107;161013;707.2;65;2038472610613823106;S
20241107;161013;707.1;115;2038472610613823107;S
20241107;161034;707.4;1;2038472610613823108;B
20241107;161034;707.5;4;2038472610613823109;B
20241107;161034;707.7;1;2038472610613823110;B
20241107;161034;707.9;2;2038472610613823111;B
20241107;161034;708;20;2038472610613823112;B
20241107;161046;708;3;2038472610613823113;B
20241107;161049;707.9;1;2038472610613823114;S
20241107;161049;707.3;1;2038472610613823115;S
20241107;161049;707;1;2038472610613823116;S
20241107;161049;706.8;1;2038472610613823117;S
20241107;161049;706;2;2038472610613823118;S
20241107;161049;706;2;2038472610613823119;S
20241107;161049;705.7;2;2038472610613823120;S
20241107;161049;705.7;1;2038472610613823121;S
20241107;161111;707.3;1;2038472610613823122;S
20241107;161115;707.4;1;2038472610613823123;B
20241107;161116;707.3;15;2038472610613823124;S
20241107;161123;707.4;1;2038472610613823125;S
20241107;161123;707.4;2;2038472610613823126;S
20241107;161123;707.3;3;2038472610613823127;S
20241107;161126;707.7;2;2038472610613823128;B
20241107;161126;707.8;1;2038472610613823129;B
20241107;161126;707.9;1;2038472610613823130;B
20241107;161126;708;3;2038472610613823131;B
20241107;161126;708;1;2038472610613823132;S
20241107;161131;708.6;9;2038472610613823133;B
20241107;161138;709.1;1;2038472610613823134;S
20241107;161138;708;2;2038472610613823135;S
20241107;161140;709.3;2;2038472610613823136;B
20241107;161140;709.7;2;2038472610613823137;B
20241107;161140;709.7;2;2038472610613823138;B
20241107;161140;709.7;1;2038472610613823139;B
20241107;161140;709.8;10;2038472610613823140;B
20241107;161140;709.8;10;2038472610613823141;B
20241107;161140;709.9;10;2038472610613823142;B
20241107;161140;710;3;2038472610613823143;B
20241107;161151;709;1;2038472610613823144;S
20241107;161152;709;1;2038472610613823145;S
20241107;161152;708.9;2;2038472610613823146;S
20241107;161204;709.3;2;2038472610613823147;S
20241107;161206;709.7;2;2038472610613823148;B
20241107;161207;709.7;2;2038472610613823149;B
20241107;161209;709.7;5;2038472610613823150;B
20241107;161219;708.6;1;2038472610613823154;S
20241107;161222;708.5;11;2038472610613823155;S
20241107;161222;708.3;10;2038472610613823156;S
20241107;161224;708.3;8;2038472610613823157;S
20241107;161233;708.3;2;2038472610613823158;S
20241107;161233;708.2;1;2038472610613823159;S
20241107;161233;707.8;11;2038472610613823160;S
20241107;161233;707.2;5;2038472610613823161;S
20241107;161235;707.2;1;2038472610613823162;S
20241107;161236;707.2;25;2038472610613823163;S
20241107;161239;708.2;1;2038472610613823164;B
20241107;161239;708.3;3;2038472610613823165;B
20241107;161244;708.3;4;2038472610613823166;S
20241107;161251;708.5;1;2038472610613823167;B
20241107;161254;708.3;1;2038472610613823168;S
20241107;161255;708.3;1;2038472610613823169;S
20241107;161256;708.1;1;2038472610613823170;B
20241107;161256;708.7;1;2038472610613823171;B
20241107;161256;708.8;3;2038472610613823172;B
20241107;161305;708.8;5;2038472610613823173;B
20241107;161306;708.6;1;2038472610613823174;S
20241107;161324;708.6;5;2038472610613823175;S
20241107;161333;708.7;1;2038472610613823176;B
20241107;161334;708.7;1;2038472610613823177;B
20241107;161338;708;1;2038472610613823178;S
20241107;161338;708;1;2038472610613823179;S
20241107;161338;708;1;2038472610613823180;B
20241107;161355;708;10;2038472610613823181;B
20241107;161355;708.2;1;2038472610613823182;S
20241107;161402;708.4;5;2038472610613823183;B
20241107;161402;708.4;2;2038472610613823184;B
20241107;161408;708.5;2;2038472610613823185;S
20241107;161411;708.5;1;2038472610613823186;S
20241107;161423;708.6;1;2038472610613823187;S
20241107;161423;708.2;1;2038472610613823188;S
20241107;161434;708.1;1;2038472610613823189;S
20241107;161440;707.9;1;2038472610613823190;S
20241107;161440;707.9;1;2038472610613823191;S
20241107;161440;706.4;2;2038472610613823192;S
20241107;161440;706.4;2;2038472610613823193;S
20241107;161440;706.4;1;2038472610613823194;S
20241107;161440;706.2;2;2038472610613823195;S
20241107;161440;706.1;1;2038472610613823196;S
20241107;161450;706.4;2;2038472610613823197;S
20241107;161450;706;2;2038472610613823198;S
20241107;161450;706;2;2038472610613823199;S
20241107;161450;705.7;1;2038472610613823200;S
20241107;161510;705.2;5;2038472610613823201;S
20241107;161511;705.6;2;2038472610613823202;B
20241107;161512;705.7;5;2038472610613823203;S
20241107;161603;708;1;2038472610613823204;B
20241107;161603;708;1;2038472610613823205;B
20241107;161603;708.1;2;2038472610613823206;B
20241107;161621;708.4;1;2038472610613823207;B
20241107;161621;708.4;5;2038472610613823208;B
20241107;161621;708.4;5;2038472610613823209;B
20241107;161621;708.5;50;2038472610613823210;B
20241107;161621;708.6;9;2038472610613823211;B
20241107;161635;708.3;1;2038472610613823212;S
20241107;161718;708.2;1;2038472610613823213;B
20241107;161729;708.1;1;2038472610613823214;S
20241107;161734;707.5;1;2038472610613823215;S
20241107;161747;707.2;1;2038472610613823216;S
20241107;161755;707.1;1;2038472610613823217;S
20241107;161800;707.1;1;2038472610613823218;B
20241107;161820;706;1;2038472610613823219;S
20241107;161820;706;1;2038472610613823220;S
20241107;161820;705.9;28;2038472610613823221;S
20241107;161821;705.9;49;2038472610613823222;S
20241107;161947;706;1;2038472610613823223;B
20241107;161947;706.5;1;2038472610613823224;B
20241107;161947;706.5;1;2038472610613823225;B
20241107;161947;706.5;1;2038472610613823226;B
20241107;161947;707;1;2038472610613823227;B
20241107;161947;707.1;1;2038472610613823228;B
20241107;161947;707.7;1;2038472610613823229;B
20241107;161947;707.7;1;2038472610613823230;B
20241107;161947;707.7;1;2038472610613823231;B
20241107;161947;707.7;1;2038472610613823232;B
20241107;161947;707.7;1;2038472610613823233;B
20241107;161947;707.7;1;2038472610613823234;B
20241107;161947;707.7;1;2038472610613823235;B
20241107;161947;707.7;1;2038472610613823236;B
20241107;161947;707.7;2;2038472610613823237;B
20241107;161947;708;2;2038472610613823238;B
20241107;161947;708;1;2038472610613823239;B
20241107;161947;708;1;2038472610613823240;B
20241107;161947;708;1;2038472610613823241;B
20241107;161947;708.1;1;2038472610613823242;B
20241107;161947;708.1;1;2038472610613823243;B
20241107;161947;708.1;1;2038472610613823244;B
20241107;161947;708.1;1;2038472610613823245;B
20241107;161947;708.2;1;2038472610613823246;B
20241107;161948;706.2;1;2038472610613823247;S
20241107;162012;707.8;1;2038472610613823248;B
20241107;162039;707.7;1;2038472610613823249;S
20241107;162050;707.1;1;2038472610613823250;S
20241107;162059;707.4;5;2038472610613823251;B
20241107;162103;707.3;2;2038472610613823252;B
20241107;162105;706;1;2038472610613823253;S
20241107;162105;705.9;2;2038472610613823254;S
20241107;162105;705.9;10;2038472610613823255;S
20241107;162105;705.9;2;2038472610613823256;S
20241107;162107;705.9;8;2038472610613823257;S
20241107;162118;706.6;1;2038472610613823258;S
20241107;162118;705.7;1;2038472610613823259;S
20241107;162124;705.7;1;2038472610613823260;S
20241107;162127;706.8;1;2038472610613823261;B
20241107;162127;705.7;1;2038472610613823262;S
20241107;162127;705.7;1;2038472610613823263;S
20241107;162156;706.7;1;2038472610613823267;B
20241107;162156;706.7;1;2038472610613823272;B
20241107;162159;705.7;2;2038472610613823276;S
20241107;162215;705.8;3;2038472610613823277;S
20241107;162215;705.7;5;2038472610613823278;S
20241107;162225;706.7;1;2038472610613823279;S
20241107;162237;705.8;1;2038472610613823280;S
20241107;162237;705.8;1;2038472610613823281;S
20241107;162242;706.7;1;2038472610613823282;B
20241107;162248;705.7;3;2038472610613823283;S
20241107;162312;704.1;25;2038472610613823284;S
20241107;162312;704;5;2038472610613823285;S
20241107;162312;703.6;3;2038472610613823286;S
20241107;162312;703.6;3;2038472610613823287;S
20241107;162312;703.5;4;2038472610613823288;S
20241107;162319;705.2;1;2038472610613823289;S
20241107;162319;703.7;1;2038472610613823290;S
20241107;162319;703.6;8;2038472610613823291;S
20241107;162400;705.4;1;2038472610613823292;B
20241107;162407;704.9;2;2038472610613823293;B
20241107;162411;703.9;1;2038472610613823294;S
20241107;162412;703.8;1;2038472610613823295;S
20241107;162426;704.8;1;2038472610613823296;B
20241107;162512;704.8;1;2038472610613823297;S
20241107;162512;704;1;2038472610613823298;S
20241107;162512;703.8;1;2038472610613823299;S
20241107;162512;703.8;1;2038472610613823300;S
20241107;162523;704.9;1;2038472610613823301;B
20241107;162523;705;1;2038472610613823302;B
20241107;162523;705;1;2038472610613823303;B
20241107;162523;705.5;1;2038472610613823304;B
20241107;162523;705.5;3;2038472610613823305;B
20241107;162523;705.6;8;2038472610613823306;B
20241107;162523;705.6;5;2038472610613823307;B
20241107;162523;705.7;1;2038472610613823308;B
20241107;162536;706.9;1;2038472610613823309;B
20241107;162559;705.2;1;2038472610613823310;S
20241107;162559;705.2;1;2038472610613823311;S
20241107;162559;705.1;8;2038472610613823312;S
20241107;162618;706.9;1;2038472610613823313;B
20241107;162618;706.8;1;2038472610613823314;S
20241107;162631;706.9;1;2038472610613823315;B
20241107;162632;706.8;19;2038472610613823316;S
20241107;162634;706.8;6;2038472610613823317;S
20241107;162819;707.4;1;2038472610613823318;B
20241107;162821;707.4;1;2038472610613823319;B
20241107;162843;707.3;1;2038472610613823320;S
20241107;162843;707.1;1;2038472610613823321;S
20241107;162843;706.9;1;2038472610613823322;S
20241107;162843;706.8;6;2038472610613823323;S
20241107;162849;706.8;1;2038472610613823324;S
20241107;162940;706.9;1;2038472610613823325;S
20241107;162959;706.8;5;2038472610613823326;S
20241107;163015;707.3;10;2038472610613823327;B
20241107;163028;706.9;5;2038472610613823328;S
20241107;163028;706.9;1;2038472610613823329;S
20241107;163028;706.8;142;2038472610613823330;S
20241107;163028;706.6;1;2038472610613823331;S
20241107;163141;705.8;1;2038472610613823333;B
20241107;163141;705.8;1;2038472610613823334;B
20241107;163141;705.9;3;2038472610613823335;B
20241107;163236;705.9;1;2038472610613823336;S
20241107;163236;705.3;1;2038472610613823337;S
20241107;163236;704.8;1;2038472610613823338;S
20241107;163305;705.7;1;2038472610613823339;B
20241107;163316;703.9;1;2038472610613823340;S
20241107;163316;703.8;1;2038472610613823341;S
20241107;163316;703.8;1;2038472610613823342;S
20241107;163317;703.8;1;2038472610613823343;S
20241107;163319;705.8;1;2038472610613823344;S
20241107;163418;704.5;1;2038472610613823347;S
20241107;163458;703.7;1;2038472610613823348;S
20241107;163458;703.6;2;2038472610613823349;S
20241107;163500;702.2;1;2038472610613823350;S
20241107;163501;703;4;2038472610613823351;B
20241107;163514;702.1;1;2038472610613823352;S
20241107;163523;701.9;1;2038472610613823353;S
20241107;163523;701.3;3;2038472610613823354;S
20241107;163530;702;1;2038472610613823355;B
20241107;163536;701.2;2;2038472610613823356;S
20241107;163536;701.1;2;2038472610613823357;S
20241107;163536;700.5;1;2038472610613823358;S
20241107;163550;700.8;1;2038472610613823359;S
20241107;163555;700.9;3;2038472610613823360;S
20241107;163557;701;10;2038472610613823361;S
20241107;163606;701;1;2038472610613823362;S
20241107;163606;701;1;2038472610613823363;S
20241107;163606;701;1;2038472610613823364;S
20241107;163606;701;1;2038472610613823365;S
20241107;163606;701;1;2038472610613823366;S
20241107;163606;701;1;2038472610613823367;S
20241107;163606;701;1;2038472610613823368;S
20241107;163606;701;1;2038472610613823369;S
20241107;163606;701;2;2038472610613823370;S
20241107;163606;701;1;2038472610613823371;S
20241107;163606;701;1;2038472610613823372;S
20241107;163606;701;1;2038472610613823373;S
20241107;163606;701;1;2038472610613823374;S
20241107;163606;701;1;2038472610613823375;S
20241107;163606;701;1;2038472610613823376;S
20241107;163606;701;1;2038472610613823377;S
20241107;163606;701;1;2038472610613823378;S
20241107;163606;701;1;2038472610613823379;S
20241107;163606;701;1;2038472610613823380;S
20241107;163606;701;1;2038472610613823381;S
20241107;163606;701;1;2038472610613823382;S
20241107;163621;702;1;2038472610613823383;B
20241107;163621;702;1;2038472610613823384;B
20241107;163621;702.1;14;2038472610613823385;B
20241107;163652;702.9;4;2038472610613823386;B
20241107;163702;703;9;2038472610613823387;B
20241107;163702;704.1;2;2038472610613823388;B
20241107;163702;704.2;2;2038472610613823389;B
20241107;163702;704.2;2;2038472610613823390;B
20241107;163702;705;4;2038472610613823391;B
20241107;163703;704.8;7;2038472610613823392;B
20241107;163712;702.6;1;2038472610613823393;S
20241107;163824;703.3;2;2038472610613823394;S
20241107;163906;703.3;2;2038472610613823395;S
20241107;163906;703.3;1;2038472610613823396;S
20241107;163906;703.3;1;2038472610613823397;S
20241107;163906;703.3;1;2038472610613823398;S
20241107;163906;703.3;1;2038472610613823399;S
20241107;163906;703.3;1;2038472610613823400;S
20241107;163906;703.3;1;2038472610613823401;S
20241107;163906;702.9;1;2038472610613823402;S
20241107;163906;702.2;2;2038472610613823403;S
20241107;163906;702.2;1;2038472610613823404;S
20241107;163906;702.2;1;2038472610613823405;S
20241107;163906;702.2;1;2038472610613823406;S
20241107;163924;703;2;2038472610613823407;S
20241107;163957;704.3;1;2038472610613823409;B
20241107;163957;704.3;1;2038472610613823410;B
20241107;163959;703.2;1;2038472610613823411;S
20241107;163959;703.1;1;2038472610613823412;S
20241107;163959;703;3;2038472610613823413;S
20241107;164001;703.9;1;2038472610613823414;B
20241107;164009;704.2;1;2038472610613823416;B
20241107;164020;703.8;3;2038472610613823421;B
20241107;164031;702.5;1;2038472610613823422;S
20241107;164036;702.7;1;2038472610613823424;S
20241107;164115;702.1;3;2038472610613823425;S
20241107;164115;702;3;2038472610613823426;S
20241107;164115;701.6;9;2038472610613823427;S
20241107;164226;702;1;2038472610613823428;B
20241107;164248;701.1;1;2038472610613823429;S
20241107;164259;701;2;2038472610613823430;S
20241107;164339;701;1;2038472610613823431;S
20241107;164339;701;5;2038472610613823432;S
20241107;164409;701;1;2038472610613823433;S
20241107;164410;701;1;2038472610613823434;S
20241107;164426;701;1;2038472610613823435;S
20241107;164426;701;5;2038472610613823436;S
20241107;164441;700.9;1;2038472610613823437;S
20241107;164441;700.9;1;2038472610613823438;S
20241107;164442;700.9;1;2038472610613823439;S
20241107;164443;700.9;1;2038472610613823440;S
20241107;164503;700.9;17;2038472610613823441;S
20241107;164503;700.7;1;2038472610613823442;S
20241107;164515;700.6;1;2038472610613823443;B
20241107;164517;700.1;1;2038472610613823444;S
20241107;164517;700.1;1;2038472610613823445;S
20241107;164520;700.1;2;2038472610613823446;S
20241107;164520;700.1;10;2038472610613823447;S
20241107;164520;700.1;5;2038472610613823448;S
20241107;164520;700;1;2038472610613823449;S
20241107;164520;700;1;2038472610613823450;S
20241107;164520;700;1;2038472610613823451;S
20241107;164520;700;3;2038472610613823452;S
20241107;164520;698.7;1;2038472610613823453;S
20241107;164520;698.7;2;2038472610613823454;S
20241107;164526;698.7;10;2038472610613823457;B
20241107;164535;698.7;3;2038472610613823458;S
20241107;164535;698.3;2;2038472610613823459;S
20241107;164535;698.1;2;2038472610613823460;S
20241107;164535;698;2;2038472610613823461;S
20241107;164541;698;1;2038472610613823462;S
20241107;164557;698;1;2038472610613823466;S
20241107;164559;698;1;2038472610613823467;S
20241107;164606;698.9;1;2038472610613823468;B
20241107;164606;698.9;1;2038472610613823469;B
20241107;164606;699;18;2038472610613823470;B
20241107;164615;699;1;2038472610613823471;B
20241107;164627;699;48;2038472610613823472;B
20241107;164637;699;15;2038472610613823473;B
20241107;164640;698.9;1;2038472610613823474;S
20241107;164640;698.5;1;2038472610613823475;S
20241107;164647;698.1;1;2038472610613823476;S
20241107;164647;698;2;2038472610613823477;S
20241107;164647;697.7;2;2038472610613823478;S
20241107;164657;697.7;10;2038472610613823479;S
20241107;164701;698.5;1;2038472610613823480;B
20241107;164701;698.6;2;2038472610613823481;B
20241107;164701;699;27;2038472610613823482;B
20241107;164710;697.7;5;2038472610613823483;S
20241107;164718;697.7;5;2038472610613823485;S
20241107;164718;697.7;1;2038472610613823486;S
20241107;164728;698;7;2038472610613823487;B
20241107;164728;698;2;2038472610613823488;B
20241107;164728;698;1;2038472610613823489;B
20241107;164745;698;2;2038472610613823490;B
20241107;164806;698.4;3;2038472610613823491;B
20241107;164806;698.4;1;2038472610613823492;B
20241107;164806;698.4;26;2038472610613823493;B
20241107;164826;698.8;24;2038472610613823494;B
20241107;164828;698.2;1;2038472610613823495;S
20241107;164855;699;10;2038472610613823496;B
20241107;165125;699.2;1;2038472610613823497;S
20241107;165125;699.1;1;2038472610613823498;S
20241107;165129;699.1;1;2038472610613823499;S
20241107;165129;699;3;2038472610613823500;S
20241107;165129;698.9;1;2038472610613823501;S
20241107;165129;698.2;3;2038472610613823502;S
20241107;165129;698.2;1;2038472610613823503;S
20241107;165143;698.5;4;2038472610613823504;S
20241107;165144;699.5;1;2038472610613823505;B
20241107;165150;699.5;1;2038472610613823506;B
20241107;165207;699.5;1;2038472610613823507;B
20241107;165311;699.4;2;2038472610613823508;B
20241107;165326;699.4;5;2038472610613823509;B
20241107;165406;699.5;2;2038472610613823510;B
20241107;165408;700;1;2038472610613823511;B
20241107;165409;700.1;8;2038472610613823512;B
20241107;165414;699.5;1;2038472610613823513;S
20241107;165440;699.3;1;2038472610613823514;S
20241107;165440;699.2;1;2038472610613823515;S
20241107;165440;699;8;2038472610613823516;S
20241107;165454;699.1;1;2038472610613823517;B
20241107;165519;699;3;2038472610613823518;S
20241107;165639;698.5;12;2038472610613823519;S
20241107;165809;699;1;2038472610613823520;B
20241107;165809;699.1;9;2038472610613823521;B
20241107;165820;699.1;1;2038472610613823522;B
20241107;165820;699.2;1;2038472610613823523;B
20241107;165820;700.3;5;2038472610613823524;B
20241107;165820;701;2;2038472610613823525;B
20241107;165820;701;1;2038472610613823526;B
20241107;165839;700.7;5;2038472610613823527;B
20241107;170055;701.1;1;2038472610613823528;S
20241107;170126;700.8;10;2038472610613823529;S
20241107;170214;701.3;1;2038472610613823530;B
20241107;170241;701;4;2038472610613823531;B
20241107;170305;701;1;2038472610613823532;B
20241107;170326;701;1;2038472610613823533;B
20241107;170414;699.9;1;2038472610613823534;S
20241107;170414;699.9;1;2038472610613823535;S
20241107;170414;699.8;2;2038472610613823536;S
20241107;170455;699;5;2038472610613823537;S
20241107;170632;698.9;3;2038472610613823539;S
20241107;170650;699;5;2038472610613823540;B
20241107;170719;698.9;2;2038472610613823541;S
20241107;170722;699;1;2038472610613823542;B
20241107;170728;698.9;1;2038472610613823543;S
20241107;170742;698.9;4;2038472610613823544;S
20241107;170742;698.9;4;2038472610613823545;S
20241107;170920;699;1;2038472610613823546;B
20241107;171000;698.9;1;2038472610613823547;B
20241107;171044;700.3;1;2038472610613823550;S
20241107;171051;700.4;1;2038472610613823551;B
20241107;171051;700.5;1;2038472610613823552;B
20241107;171121;700.8;6;2038472610613823554;B
20241107;171203;700.9;1;2038472610613823555;B
20241107;171218;702.5;1;2038472610613823556;B
20241107;171318;702.9;1;2038472610613823557;B
20241107;171418;702.5;1;2038472610613823558;B
20241107;171519;702.8;1;2038472610613823559;B
20241107;171544;702.9;10;2038472610613823560;B
20241107;171618;703;1;2038472610613823561;B
20241107;171619;703;2;2038472610613823562;B
20241107;171619;703;6;2038472610613823563;B
20241107;171719;704.3;1;2038472610613823564;B
20241107;171724;704.4;4;2038472610613823565;B
20241107;171724;704.5;10;2038472610613823566;B
20241107;171724;704.9;1;2038472610613823567;B
20241107;171724;705;3;2038472610613823568;B
20241107;171724;705;4;2038472610613823569;B
20241107;171725;704.2;1;2038472610613823570;S
20241107;171739;704.8;4;2038472610613823571;B
20241107;171739;704.9;1;2038472610613823572;B
20241107;171739;705;1;2038472610613823573;B
20241107;171746;705;3;2038472610613823574;B
20241107;171820;705.1;1;2038472610613823575;S
20241107;171833;703.8;1;2038472610613823576;S
20241107;171920;704.2;1;2038472610613823580;B
20241107;171922;704.1;1;2038472610613823581;S
20241107;171932;704.2;4;2038472610613823582;B
20241107;171949;703.5;1;2038472610613823583;S
20241107;172006;703.5;8;2038472610613823584;S
20241107;172006;703.4;1;2038472610613823585;S
20241107;172006;703.2;2;2038472610613823586;S
20241107;172024;703;5;2038472610613823587;S
20241107;172027;703;9;2038472610613823588;S
20241107;172042;703;6;2038472610613823589;S
20241107;172056;703;2;2038472610613823590;S
20241107;172056;703;10;2038472610613823591;S
20241107;172056;703;1;2038472610613823592;S
20241107;172148;702.6;1;2038472610613823593;S
20241107;172234;702.8;1;2038472610613823594;S
20241107;172325;703;1;2038472610613823595;B
20241107;172325;703.1;1;2038472610613823596;B
20241107;172325;703.1;1;2038472610613823597;B
20241107;172419;703.6;1;2038472610613823598;B
20241107;172420;703.5;1;2038472610613823599;S
20241107;172503;703.3;1;2038472610613823600;S
20241107;172503;703.2;1;2038472610613823601;S
20241107;172529;703.4;1;2038472610613823602;S
20241107;172718;703.1;1;2038472610613823603;B
20241107;172819;703.1;1;2038472610613823604;B
20241107;172824;703;1;2038472610613823605;S
20241107;172824;701.9;1;2038472610613823606;S
20241107;172904;702.9;1;2038472610613823607;B
20241107;173021;702.1;1;2038472610613823608;S
20241107;173315;702.9;1;2038472610613823609;B
20241107;173315;702.9;1;2038472610613823610;B
20241107;173315;703.3;1;2038472610613823611;B
20241107;173315;703.4;1;2038472610613823612;B
20241107;173618;702.1;1;2038472610613823613;B
20241107;173628;702;1;2038472610613823614;B
20241107;173628;702.1;2;2038472610613823615;B
20241107;173628;701.9;1;2038472610613823616;S
20241107;173645;701.8;1;2038472610613823617;S
20241107;173645;701.7;1;2038472610613823618;S
20241107;173645;701.6;1;2038472610613823619;S
20241107;173645;701.2;1;2038472610613823620;S
20241107;173645;700.7;1;2038472610613823621;S
20241107;173651;700.8;1;2038472610613823622;S
20241107;173657;700.8;1;2038472610613823623;S
20241107;173754;701.6;1;2038472610613823624;B
20241107;173832;700.9;1;2038472610613823625;S
20241107;173833;700.7;1;2038472610613823626;S
20241107;173849;701.6;1;2038472610613823627;B
20241107;173947;701.8;1;2038472610613823628;B
20241107;174048;701.8;1;2038472610613823629;B
20241107;174155;701.9;3;2038472610613823631;B
20241107;174237;701.9;1;2038472610613823632;B
20241107;174237;701.9;1;2038472610613823633;B
20241107;174238;701.8;1;2038472610613823634;S
20241107;174612;701.8;1;2038472610613823636;B
20241107;174716;701;1;2038472610613823637;S
20241107;174716;701;1;2038472610613823638;S
20241107;174716;700.9;3;2038472610613823639;S
20241107;174723;700.9;25;2038472610613823640;S
20241107;174759;701.4;1;2038472610613823641;B
20241107;174759;701.5;1;2038472610613823642;B
20241107;174759;701.8;9;2038472610613823643;B
20241107;174759;701.9;9;2038472610613823644;B
20241107;174906;700.7;4;2038472610613823645;S
20241107;174906;700.7;1;2038472610613823646;S
20241107;174910;700.1;1;2038472610613823647;S
20241107;174910;700;2;2038472610613823648;S
20241107;174910;700;2;2038472610613823649;S
20241107;174929;700.1;1;2038472610613823650;B
20241107;175013;699.2;1;2038472610613823651;S
20241107;175013;699.1;2;2038472610613823652;S
20241107;175013;698.9;2;2038472610613823653;S
20241107;175018;698.4;3;2038472610613823654;S
20241107;175042;699;1;2038472610613823655;B
20241107;175157;698.5;8;2038472610613823656;S
20241107;175159;698.5;1;2038472610613823657;S
20241107;175200;698.5;1;2038472610613823658;S
20241107;175200;698.4;1;2038472610613823659;S
20241107;175200;698.4;1;2038472610613823660;S
20241107;175200;698;1;2038472610613823661;S
20241107;175200;698;1;2038472610613823662;S
20241107;175200;698;1;2038472610613823663;S
20241107;175200;698;1;2038472610613823664;S
20241107;175200;697.6;1;2038472610613823665;S
20241107;175200;697.6;2;2038472610613823666;S
20241107;175205;697.6;10;2038472610613823667;S
20241107;175207;697.6;10;2038472610613823668;S
20241107;175208;697.6;10;2038472610613823669;S
20241107;175209;697.6;10;2038472610613823670;S
20241107;175210;697.6;8;2038472610613823671;S
20241107;175210;696.7;2;2038472610613823672;S
20241107;175212;698.3;1;2038472610613823673;S
20241107;175212;696.7;9;2038472610613823674;S
20241107;175305;696.7;1;2038472610613823675;S
20241107;175305;696.6;1;2038472610613823676;S
20241107;175305;696.2;3;2038472610613823677;S
20241107;175342;696.4;2;2038472610613823678;S
20241107;175400;696.4;13;2038472610613823679;S
20241107;175400;696.3;41;2038472610613823680;S
20241107;175400;696.3;16;2038472610613823681;B
20241107;175402;696.3;14;2038472610613823682;B
20241107;175408;696.3;1;2038472610613823683;B
20241107;175433;696.3;2;2038472610613823684;B
20241107;175437;696.3;10;2038472610613823685;B
20241107;175515;696.3;3;2038472610613823686;B
20241107;175532;696.1;4;2038472610613823687;S
20241107;175532;696.1;1;2038472610613823688;S
20241107;175857;698.4;1;2038472610613823689;B
20241107;175914;698.1;1;2038472610613823690;B
20241107;175914;698.1;1;2038472610613823691;B
20241107;180214;697.2;1;2038472610613823692;S
20241107;180316;697.2;1;2038472610613823693;S
20241107;180316;697.1;3;2038472610613823694;S
20241107;180316;697;1;2038472610613823695;S
20241107;180352;696.9;4;2038472610613823696;B
20241107;180401;696.9;1;2038472610613823697;B
20241107;180406;696.9;13;2038472610613823698;B
20241107;180437;697;3;2038472610613823699;B
20241107;180523;697.1;9;2038472610613823700;S
20241107;180558;697;1;2038472610613823701;B
20241107;180604;697.2;3;2038472610613823702;S
20241107;180604;697.1;1;2038472610613823703;S
20241107;180752;698.7;1;2038472610613823704;B
20241107;180859;698.7;1;2038472610613823705;B
20241107;180859;698.8;3;2038472610613823706;B
20241107;180859;699;5;2038472610613823707;B
20241107;180926;700.8;9;2038472610613823708;B
20241107;180926;700.9;3;2038472610613823709;B
20241107;180926;701;41;2038472610613823710;B
20241107;180947;701.1;1;2038472610613823712;B
20241107;181005;701;2;2038472610613823713;S
20241107;181215;701.8;4;2038472610613823714;B
20241107;181215;701.8;1;2038472610613823715;B
20241107;181215;702.6;2;2038472610613823716;B
20241107;181458;702.5;2;2038472610613823718;B
20241107;181458;702.6;13;2038472610613823719;B
20241107;181458;702.6;20;2038472610613823720;B
20241107;181708;702.5;1;2038472610613823721;S
20241107;181708;702.4;13;2038472610613823722;S
20241107;181909;702.4;1;2038472610613823723;B
20241107;182054;702.9;4;2038472610613823724;S
20241107;182121;703;1;2038472610613823725;B
20241107;182121;703;1;2038472610613823726;B
20241107;182158;703.1;1;2038472610613823727;B
20241107;182324;703.5;1;2038472610613823728;B
20241107;182324;703.6;4;2038472610613823729;B
20241107;182334;703.6;5;2038472610613823730;B
20241107;182455;703.8;7;2038472610613823731;B
20241107;182455;703.9;1;2038472610613823732;B
20241107;182505;704;1;2038472610613823733;B
20241107;182507;704;1;2038472610613823734;B
20241107;182507;704;1;2038472610613823735;B
20241107;182507;704.5;1;2038472610613823736;B
20241107;182507;704.5;2;2038472610613823737;B
20241107;182518;704.8;9;2038472610613823738;B
20241107;182518;704.8;1;2038472610613823739;B
20241107;182518;705;10;2038472610613823740;B
20241107;182518;705.2;5;2038472610613823741;B
20241107;182518;705.5;1;2038472610613823742;B
20241107;182518;705.5;1;2038472610613823743;B
20241107;182518;705.8;1;2038472610613823744;B
20241107;182518;705.8;1;2038472610613823749;B
20241107;182518;705.8;1;2038472610613823754;B
20241107;182518;705.8;1;2038472610613823759;B
20241107;182518;705.8;6;2038472610613823760;B
20241107;182518;706.5;2;2038472610613823761;B
20241107;182518;706.5;6;2038472610613823762;B
20241107;182518;706.7;1;2038472610613823763;B
20241107;182518;706.8;4;2038472610613823764;B
20241107;182518;707;3;2038472610613823769;B
20241107;182518;707;7;2038472610613823770;B
20241107;182519;705.5;10;2038472610613823771;B
20241107;182519;706;4;2038472610613823772;B
20241107;182519;707;1;2038472610613823773;B
20241107;182536;703.6;1;2038472610613823774;S
20241107;182627;706.6;1;2038472610613823775;B
20241107;182627;706.7;2;2038472610613823776;B
20241107;182627;706.9;2;2038472610613823777;B
20241107;182627;706.9;10;2038472610613823778;B
20241107;182627;706.9;5;2038472610613823779;B
20241107;182627;707;4;2038472610613823780;B
20241107;182627;707;2;2038472610613823781;B
20241107;182627;707;25;2038472610613823782;B
20241107;182648;706.9;1;2038472610613823783;B
20241107;182648;707;20;2038472610613823784;B
20241107;182648;707.6;5;2038472610613823785;B
20241107;182648;707.7;1;2038472610613823786;B
20241107;182648;707.9;1;2038472610613823787;B
20241107;182648;707.9;6;2038472610613823788;B
20241107;182648;708;5;2038472610613823789;B
20241107;182648;708;5;2038472610613823790;B
20241107;182648;708;2;2038472610613823791;B
20241107;182648;708.2;3;2038472610613823792;B
20241107;182648;708.6;1;2038472610613823793;B
20241107;182654;705.6;1;2038472610613823794;S
20241107;182654;705.6;1;2038472610613823795;S
20241107;182736;705.1;2;2038472610613823796;S
20241107;182810;706.7;1;2038472610613823797;B
20241107;182810;706.7;1;2038472610613823798;B
20241107;182810;706.8;1;2038472610613823799;B
20241107;182810;706.8;1;2038472610613823800;B
20241107;182810;706.8;1;2038472610613823801;B
20241107;182810;706.8;1;2038472610613823802;B
20241107;182810;706.7;1;2038472610613823803;B
20241107;182810;706.7;1;2038472610613823804;B
20241107;182810;706.8;1;2038472610613823805;B
20241107;182810;706.8;1;2038472610613823806;B
20241107;182810;707;2;2038472610613823807;B
20241107;182810;707;1;2038472610613823808;B
20241107;182855;706.1;1;2038472610613823809;S
20241107;182855;706;1;2038472610613823810;S
20241107;182936;706;1;2038472610613823811;S
20241107;182936;706;4;2038472610613823812;S
20241107;183018;704.7;1;2038472610613823813;S
20241107;183039;704.9;1;2038472610613823814;B
20241107;183058;705.2;1;2038472610613823815;B
20241107;183058;705.2;1;2038472610613823816;B
20241107;183110;705.4;1;2038472610613823817;S
20241107;183120;706.7;2;2038472610613823818;B
20241107;183128;706.7;1;2038472610613823819;B
20241107;183128;706.8;2;2038472610613823820;B
20241107;183128;706.9;2;2038472610613823821;B
20241107;183135;707;1;2038472610613823822;B
20241107;183135;707;4;2038472610613823823;B
20241107;183141;707;3;2038472610613823824;B
20241107;183151;706.1;1;2038472610613823825;S
20241107;183156;705.1;1;2038472610613823826;S
20241107;183214;704.6;1;2038472610613823827;S
20241107;183216;704.6;1;2038472610613823828;S
20241107;183222;704.5;1;2038472610613823829;S
20241107;183237;704.5;5;2038472610613823830;S
20241107;183315;703.8;2;2038472610613823831;S
20241107;183315;703.7;1;2038472610613823832;S
20241107;183315;702;1;2038472610613823833;S
20241107;183315;703.7;1;2038472610613823834;S
20241107;183315;703.7;3;2038472610613823835;S
20241107;183315;703.7;2;2038472610613823836;S
20241107;183315;703.7;1;2038472610613823837;S
20241107;183315;702;1;2038472610613823838;S
20241107;183315;703.7;1;2038472610613823839;S
20241107;183407;704.3;1;2038472610613823840;B
20241107;183458;704.6;2;2038472610613823841;B
20241107;183458;704.6;1;2038472610613823842;B
20241107;183532;705;4;2038472610613823843;B
20241107;183554;706.1;1;2038472610613823844;B
20241107;183554;706.9;2;2038472610613823845;B
20241107;183554;706.9;2;2038472610613823846;B
20241107;183554;707;5;2038472610613823847;B
20241107;183620;707;1;2038472610613823848;B
20241107;183629;707;1;2038472610613823849;B
20241107;183651;707;1;2038472610613823850;B
20241107;183651;707;5;2038472610613823851;B
20241107;183651;707;1;2038472610613823852;B
20241107;183720;707.6;1;2038472610613823853;B
20241107;183720;707.6;2;2038472610613823854;B
20241107;183720;707.7;7;2038472610613823855;B
20241107;183724;707.7;1;2038472610613823856;B
20241107;183738;707;2;2038472610613823857;S
20241107;183744;707;1;2038472610613823858;S
20241107;183750;707.1;1;2038472610613823859;S
20241107;183823;707;1;2038472610613823861;S
20241107;184248;707;10;2038472610613823869;B
20241107;184310;705.6;1;2038472610613823870;S
20241107;184443;705.6;1;2038472610613823871;S
20241107;184443;705.5;9;2038472610613823872;S
20241107;184515;705.5;2;2038472610613823873;S
20241107;184610;705.5;4;2038472610613823874;S
20241107;184620;705.5;1;2038472610613823875;S
20241107;184704;706;7;2038472610613823876;B
20241107;184704;706.1;1;2038472610613823877;B
20241107;184706;706.7;1;2038472610613823878;B
20241107;184741;706.2;10;2038472610613823879;S
20241107;184851;706.6;1;2038472610613823880;S
20241107;184944;706.9;5;2038472610613823881;B
20241107;184944;707;52;2038472610613823882;B
20241107;184944;707;1;2038472610613823883;B
20241107;184944;707.5;3;2038472610613823884;B
20241107;184944;707.5;10;2038472610613823885;B
20241107;184944;707.6;2;2038472610613823886;B
20241107;184944;707.7;2;2038472610613823887;B
20241107;184944;707.7;1;2038472610613823888;B
20241107;184944;707.7;7;2038472610613823889;B
20241107;184944;707.7;2;2038472610613823890;B
20241107;184944;707.7;1;2038472610613823891;B
20241107;184944;707.7;1;2038472610613823892;B
20241107;184944;708;10;2038472610613823893;B
20241107;184944;708;20;2038472610613823894;B
20241107;184944;708;6;2038472610613823895;B
20241107;184944;708;1;2038472610613823896;B
20241107;184944;708;1;2038472610613823897;B
20241107;184949;708.8;1;2038472610613823898;B
20241107;184949;708.8;1;2038472610613823899;B
20241107;184949;708.8;1;2038472610613823900;B
20241107;190501;708.2;2;2038472614908788737;B
20241107;190501;708.3;1;2038472614908788738;B
20241107;190501;708.9;2;2038472614908788739;B
20241107;190501;709;1;2038472614908788740;B
20241107;190501;709;4;2038472614908788741;B
20241107;190517;709;6;2038472614908788742;B
20241107;190530;708.7;1;2038472614908788743;B
20241107;190530;709;2;2038472614908788744;B
20241107;190530;709;10;2038472614908788745;B
20241107;190530;709;10;2038472614908788746;B
20241107;190530;709;1;2038472614908788747;B
20241107;190530;709.8;10;2038472614908788748;B
20241107;190530;710;14;2038472614908788749;B
20241107;190530;710;2;2038472614908788750;B
20241107;190530;710;8;2038472614908788751;B
20241107;190530;710;1;2038472614908788752;B
20241107;190530;710;6;2038472614908788753;B
20241107;190530;710;1;2038472614908788754;B
20241107;190530;710;4;2038472614908788755;B
20241107;190530;710;50;2038472614908788756;B
20241107;190530;710;2;2038472614908788757;B
20241107;190530;710;1;2038472614908788758;B
20241107;190530;710;5;2038472614908788759;B
20241107;190530;711.3;1;2038472614908788760;S
20241107;190531;710.9;1;2038472614908788761;S
20241107;190531;710.9;2;2038472614908788762;S
20241107;190531;710.9;1;2038472614908788763;S
20241107;190532;711;10;2038472614908788764;B
20241107;190532;711.4;1;2038472614908788765;B
20241107;190551;710.6;1;2038472614908788766;S
20241107;190556;711.4;1;2038472614908788767;B
20241107;190557;711.4;3;2038472614908788768;S
20241107;190601;711.4;7;2038472614908788769;B
20241107;190601;711.5;2;2038472614908788770;B
20241107;190602;711.7;2;2038472614908788771;S
20241107;190603;711.7;1;2038472614908788772;S
20241107;190613;711.7;7;2038472614908788773;S
20241107;190615;712;4;2038472614908788774;B
20241107;190622;711.7;56;2038472614908788775;S
20241107;190754;711.4;100;2038472614908788776;S
20241107;190825;709.5;3;2038472614908788777;S
20241107;190825;709.5;1;2038472614908788778;S
20241107;190825;709.4;1;2038472614908788779;S
20241107;190825;709.2;2;2038472614908788780;S
20241107;190825;709.2;2;2038472614908788781;S
20241107;190825;705.9;2;2038472614908788782;S
20241107;190825;705.7;2;2038472614908788783;S
20241107;190825;705.6;2;2038472614908788784;S
20241107;190825;705.3;2;2038472614908788785;S
20241107;190825;705.3;2;2038472614908788786;S
20241107;190833;710.1;2;2038472614908788787;B
20241107;190837;710;3;2038472614908788788;B
20241107;190844;710;1;2038472614908788789;S
20241107;190847;710;11;2038472614908788790;S
20241107;190900;710;9;2038472614908788791;S
20241107;190904;710;1;2038472614908788792;S
20241107;190918;710;5;2038472614908788793;S
20241107;190924;708.4;5;2038472614908788794;S
20241107;190937;709;2;2038472614908788795;S
20241107;190937;708.9;3;2038472614908788796;S
20241107;190956;709;2;2038472614908788797;S
20241107;191002;708.9;3;2038472614908788798;S
20241107;191016;708.9;100;2038472614908788799;S
20241107;191022;708.9;2;2038472614908788800;S
20241107;191044;708.9;2;2038472614908788801;S
20241107;191047;708.9;1;2038472614908788802;S
20241107;191048;708.9;1;2038472614908788803;S
20241107;191100;709;8;2038472614908788804;B
20241107;191207;709.1;10;2038472614908788805;S
20241107;191207;709.2;20;2038472614908788806;B
20241107;191212;709.2;30;2038472614908788807;B
20241107;191212;709.2;2;2038472614908788808;B
20241107;191212;709.2;2;2038472614908788809;B
20241107;191212;709.5;20;2038472614908788810;B
20241107;191212;709.9;4;2038472614908788811;B
20241107;191212;710;10;2038472614908788812;B
20241107;191251;710.4;4;2038472614908788813;B
20241107;191251;710.5;2;2038472614908788814;B
20241107;191251;711;10;2038472614908788815;B
20241107;191251;711;5;2038472614908788816;B
20241107;191251;711.2;20;2038472614908788817;B
20241107;191251;711.2;2;2038472614908788818;B
20241107;191256;711.2;20;2038472614908788819;S
20241107;191305;711.7;2;2038472614908788820;B
20241107;191308;711.9;1;2038472614908788821;B
20241107;191308;712;1;2038472614908788822;B
20241107;191308;712;1;2038472614908788823;B
20241107;191308;712;5;2038472614908788824;B
20241107;191308;712;50;2038472614908788825;B
20241107;191308;712;10;2038472614908788826;B
20241107;191313;712.1;2;2038472614908788827;B
20241107;191313;712.2;5;2038472614908788828;B
20241107;191359;712;2;2038472614908788829;B
20241107;191359;712.2;5;2038472614908788830;B
20241107;191359;712.2;1;2038472614908788831;B
20241107;191359;712.5;20;2038472614908788832;B
20241107;191359;712.9;37;2038472614908788833;B
20241107;191359;713;5;2038472614908788834;B
20241107;191359;713.2;10;2038472614908788835;B
20241107;191400;713.3;50;2038472614908788836;B
20241107;191404;713.9;42;2038472614908788837;B
20241107;191404;714;1;2038472614908788838;B
20241107;191404;714;5;2038472614908788839;B
20241107;191404;714;50;2038472614908788840;B
20241107;191404;714.3;2;2038472614908788841;B
20241107;191404;714.4;1;2038472614908788842;B
20241107;191404;714.5;3;2038472614908788843;B
20241107;191404;714.3;1;2038472614908788844;S
20241107;191405;714.3;30;2038472614908788845;S
20241107;191405;714.5;7;2038472614908788846;B
20241107;191408;714.8;1;2038472614908788847;B
20241107;191408;714.9;1;2038472614908788848;B
20241107;191408;714.9;1;2038472614908788849;B
20241107;191408;715;3;2038472614908788850;B
20241107;191408;715;1;2038472614908788851;B
20241107;191408;715;1;2038472614908788852;B
20241107;191408;715;5;2038472614908788853;B
20241107;191408;715;80;2038472614908788854;B
20241107;191409;715;20;2038472614908788856;B
20241107;191409;715.3;10;2038472614908788857;B
20241107;191409;715.4;10;2038472614908788858;B
20241107;191409;715.5;45;2038472614908788859;S
20241107;191412;715.5;10;2038472614908788860;S
20241107;191426;714.6;1;2038472614908788861;B
20241107;191430;715.5;2;2038472614908788862;B
20241107;191430;715.5;5;2038472614908788863;B
20241107;191443;715;1;2038472614908788864;S
20241107;191501;715.6;1;2038472614908788865;B
20241107;191501;715.6;1;2038472614908788866;B
20241107;191501;716;2;2038472614908788867;B
20241107;191501;716;10;2038472614908788868;B
20241107;191501;716;50;2038472614908788869;B
20241107;191501;716.3;5;2038472614908788870;S
20241107;191503;716.3;20;2038472614908788871;S
20241107;191518;716.9;1;2038472614908788872;B
20241107;191518;716.9;2;2038472614908788873;B
20241107;191518;717;7;2038472614908788874;B
20241107;191518;717;4;2038472614908788875;B
20241107;191518;717;10;2038472614908788876;B
20241107;191518;717;5;2038472614908788877;B
20241107;191518;717;1;2038472614908788878;B
20241107;191518;717;100;2038472614908788879;B
20241107;191518;717;15;2038472614908788880;B
20241107;191518;717.8;3;2038472614908788881;B
20241107;191518;718;14;2038472614908788882;B
20241107;191536;715.8;1;2038472614908788883;B
20241107;191545;716.8;9;2038472614908788884;B
20241107;191545;716.9;10;2038472614908788885;B
20241107;191545;716.9;5;2038472614908788886;B
20241107;191545;717;2;2038472614908788887;B
20241107;191545;717;1;2038472614908788888;B
20241107;191619;715.8;1;2038472614908788889;S
20241107;191646;715.5;1;2038472614908788890;S
20241107;191646;714.6;1;2038472614908788891;S
20241107;191751;715.8;5;2038472614908788892;B
20241107;191800;715.8;8;2038472614908788893;S
20241107;191820;715.8;1;2038472614908788894;S
20241107;191821;715.8;4;2038472614908788895;S
20241107;191821;715.5;2;2038472614908788896;S
20241107;191821;715.4;4;2038472614908788897;S
20241107;191828;715.4;10;2038472614908788898;S
20241107;191924;715.1;4;2038472614908788899;S
20241107;192153;715.9;1;2038472614908788900;B
20241107;192153;716;5;2038472614908788901;B
20241107;192153;716;1;2038472614908788902;B
20241107;192153;716;2;2038472614908788903;B
20241107;192153;716.5;2;2038472614908788904;B
20241107;192154;716.9;1;2038472614908788905;B
20241107;192154;716.9;2;2038472614908788906;B
20241107;192154;716.9;1;2038472614908788907;B
20241107;192155;717;90;2038472614908788908;B
20241107;192203;717.7;1;2038472614908788909;S
20241107;192251;717.1;1;2038472614908788910;S
20241107;192252;717.2;2;2038472614908788911;B
20241107;192252;717.5;5;2038472614908788912;B
20241107;192252;717.7;2;2038472614908788913;B
20241107;192341;717.4;3;2038472614908788914;S
20241107;192349;717.8;1;2038472614908788915;B
20241107;192349;717.8;6;2038472614908788916;B
20241107;192354;717.8;2;2038472614908788917;S
20241107;192406;717.8;5;2038472614908788918;S
20241107;192409;717.9;1;2038472614908788919;B
20241107;192413;717.9;1;2038472614908788920;B
20241107;192413;717.9;1;2038472614908788921;B
20241107;192413;718;195;2038472614908788922;B
20241107;192413;718;5;2038472614908788923;B
20241107;192413;718;2;2038472614908788924;B
20241107;192413;718;10;2038472614908788925;B
20241107;192413;718;3;2038472614908788926;B
20241107;192425;718.8;1;2038472614908788927;B
20241107;192443;718.9;1;2038472614908788928;S
20241107;192453;719;1;2038472614908788929;B
20241107;192453;718.9;6;2038472614908788930;S
20241107;192453;718.8;1;2038472614908788931;S
20241107;192453;718.8;3;2038472614908788932;S
20241107;192454;718.8;2;2038472614908788933;S
20241107;192508;718.8;5;2038472614908788934;S
20241107;192523;718.8;1;2038472614908788935;S
20241107;192528;718.8;1;2038472614908788936;S
20241107;192529;718;10;2038472614908788937;S
20241107;192630;716;2;2038472614908788938;S
20241107;192630;716;2;2038472614908788939;S
20241107;192630;714.8;16;2038472614908788940;S
20241107;192630;714.5;3;2038472614908788941;S
20241107;192630;714.5;3;2038472614908788942;S
20241107;192630;714.5;8;2038472614908788943;S
20241107;192631;715;2;2038472614908788944;B
20241107;192631;714.5;1;2038472614908788945;S
20241107;192631;715;2;2038472614908788946;B
20241107;192640;714.9;1;2038472614908788947;S
20241107;192647;714.9;3;2038472614908788948;S
20241107;192652;715;1;2038472614908788949;B
20241107;192653;715;5;2038472614908788950;B
20241107;192701;715.5;3;2038472614908788951;B
20241107;192701;715.5;11;2038472614908788952;B
20241107;192701;715.6;3;2038472614908788953;B
20241107;192701;715.7;1;2038472614908788954;B
20241107;192751;715.3;30;2038472614908788955;S
20241107;192817;715.5;5;2038472614908788956;B
20241107;192824;715.6;5;2038472614908788957;B
20241107;192833;715.3;5;2038472614908788958;S
20241107;192844;714.4;3;2038472614908788959;S
20241107;192844;714.4;1;2038472614908788960;S
20241107;192844;714.3;7;2038472614908788961;S
20241107;192932;715.8;1;2038472614908788962;B
20241107;193040;714.2;1;2038472614908788963;S
20241107;193047;713.5;2;2038472614908788964;S
20241107;193048;713.5;1;2038472614908788965;S
20241107;193105;713.6;1;2038472614908788966;S
20241107;193136;713.6;1;2038472614908788967;S
20241107;193138;713.6;4;2038472614908788968;S
20241107;193151;713.9;1;2038472614908788969;B
20241107;193234;713.8;5;2038472614908788970;S
20241107;193238;713.9;2;2038472614908788971;B
20241107;193238;714;15;2038472614908788972;B
20241107;193239;715.7;6;2038472614908788973;B
20241107;193248;715;1;2038472614908788974;B
20241107;193343;714.3;3;2038472614908788975;S
20241107;193419;714.3;6;2038472614908788976;S
20241107;193441;714.3;11;2038472614908788977;S
20241107;193504;714.3;1;2038472614908788978;S
20241107;193512;714.3;4;2038472614908788979;S
20241107;193556;714.8;25;2038472614908788980;B
20241107;193556;714.8;10;2038472614908788981;B
20241107;193556;714.8;2;2038472614908788982;B
20241107;193605;715;5;2038472614908788983;B
20241107;193625;715;14;2038472614908788984;B
20241107;193625;715;5;2038472614908788985;B
20241107;193625;715;1;2038472614908788986;B
20241107;193654;714.7;20;2038472614908788987;S
20241107;193813;715.3;3;2038472614908788988;B
20241107;193813;715.4;1;2038472614908788989;B
20241107;193813;715.5;2;2038472614908788990;B
20241107;193847;715.7;3;2038472614908788991;B
20241107;193847;715.8;1;2038472614908788992;B
20241107;193847;715.8;8;2038472614908788993;B
20241107;193854;716;5;2038472614908788994;B
20241107;193854;716;1;2038472614908788995;B
20241107;193854;716;4;2038472614908788996;B
20241107;193854;716;1;2038472614908788997;B
20241107;193854;716;5;2038472614908788998;B
20241107;193902;716.9;5;2038472614908788999;S
20241107;193920;716.5;5;2038472614908789000;S
20241107;193941;716.5;10;2038472614908789001;S
20241107;193949;716.5;3;2038472614908789002;S
20241107;194021;716.6;3;2038472614908789003;B
20241107;194105;716.5;20;2038472614908789004;S
20241107;194108;716.5;1;2038472614908789005;S
20241107;194108;716.5;4;2038472614908789006;S
20241107;194111;716.5;2;2038472614908789007;S
20241107;194113;716.6;1;2038472614908789008;B
20241107;194129;716.6;6;2038472614908789009;B
20241107;194129;716.9;1;2038472614908789010;B
20241107;194129;717;10;2038472614908789011;B
20241107;194129;717;5;2038472614908789012;B
20241107;194130;717.1;5;2038472614908789013;S
20241107;194135;717.3;5;2038472614908789014;B
20241107;194135;717.3;7;2038472614908789015;B
20241107;194135;717.6;2;2038472614908789016;B
20241107;194135;717.7;10;2038472614908789017;B
20241107;194135;717.7;5;2038472614908789018;B
20241107;194135;717.7;11;2038472614908789019;B
20241107;194146;718;1;2038472614908789020;B
20241107;194151;718;3;2038472614908789021;B
20241107;194218;716.3;1;2038472614908789022;S
20241107;194226;716.7;2;2038472614908789023;S
20241107;194242;716.7;20;2038472614908789024;B
20241107;194257;715.2;2;2038472614908789025;S
20241107;194309;716;10;2038472614908789026;B
20241107;194309;716;5;2038472614908789027;B
20241107;194309;716;3;2038472614908789028;B
20241107;194314;716.1;5;2038472614908789029;S
20241107;194407;714.6;14;2038472614908789030;S
20241107;194407;714.5;31;2038472614908789031;S
20241107;194418;714.3;2;2038472614908789032;S
20241107;194455;714.2;2;2038472614908789033;S
20241107;194456;714.1;1;2038472614908789034;S
20241107;194507;714.1;20;2038472614908789035;S
20241107;194511;714.1;10;2038472614908789036;S
20241107;194607;713.7;10;2038472614908789037;S
20241107;194635;713.2;1;2038472614908789039;S
20241107;194635;713.1;49;2038472614908789040;S
20241107;194728;714.8;1;2038472614908789041;B
20241107;194801;714.8;1;2038472614908789042;B
20241107;194801;714.8;3;2038472614908789043;B
20241107;194801;714.8;2;2038472614908789044;B
20241107;194801;714.8;1;2038472614908789045;B
20241107;194801;714.9;1;2038472614908789046;B
20241107;194801;715;5;2038472614908789047;B
20241107;194821;715.5;1;2038472614908789048;S
20241107;194827;715.7;16;2038472614908789049;B
20241107;194827;715.8;5;2038472614908789050;B
20241107;194827;716;5;2038472614908789051;B
20241107;194827;716;4;2038472614908789052;B
20241107;194831;716;1;2038472614908789053;B
20241107;194834;716.4;5;2038472614908789054;B
20241107;194834;716.5;1;2038472614908789055;B
20241107;194834;716.5;2;2038472614908789056;B
20241107;194834;716.5;10;2038472614908789057;B
20241107;194840;716.8;1;2038472614908789058;B
20241107;194840;716.8;2;2038472614908789059;B
20241107;194840;717;1;2038472614908789060;B
20241107;194840;717;5;2038472614908789061;B
20241107;194840;717;2;2038472614908789062;B
20241107;194840;717;5;2038472614908789063;B
20241107;194848;717.2;2;2038472614908789064;B
20241107;194848;717.2;2;2038472614908789065;B
20241107;194913;715.7;1;2038472614908789066;S
20241107;194939;717.3;6;2038472614908789067;B
20241107;194939;717.4;10;2038472614908789068;B
20241107;194939;717.4;1;2038472614908789069;B
20241107;194951;717.5;2;2038472614908789070;B
20241107;194951;717.5;14;2038472614908789071;B
20241107;194951;717.5;4;2038472614908789072;B
20241107;194951;717.6;6;2038472614908789073;B
20241107;194951;717.6;1;2038472614908789074;B
20241107;194958;717.6;20;2038472614908789075;S
20241107;195000;717.6;2;2038472614908789076;S
20241107;195022;717.7;1;2038472614908789077;B
20241107;195022;717.7;2;2038472614908789078;B
20241107;195022;717.7;10;2038472614908789079;B
20241107;195022;717.8;1;2038472614908789080;B
20241107;195022;717.8;1;2038472614908789081;B
20241107;195022;717.9;1;2038472614908789082;B
20241107;195022;717.9;10;2038472614908789083;B
20241107;195022;717.9;2;2038472614908789084;B
20241107;195022;717.9;2;2038472614908789085;B
20241107;195048;717.9;3;2038472614908789086;B
20241107;195048;717.9;1;2038472614908789087;B
20241107;195048;718;2;2038472614908789088;B
20241107;195048;718;5;2038472614908789089;B
20241107;195048;718;1;2038472614908789090;B
20241107;195048;718;4;2038472614908789091;B
20241107;195048;718;10;2038472614908789092;B
20241107;195048;718;5;2038472614908789093;B
20241107;195048;718;7;2038472614908789094;B
20241107;195048;718;3;2038472614908789095;B
20241107;195048;718;15;2038472614908789096;B
20241107;195048;718;1;2038472614908789097;B
20241107;195101;718.4;30;2038472614908789098;B
20241107;195101;718.4;3;2038472614908789099;B
20241107;195101;718.4;2;2038472614908789100;B
20241107;195101;718.4;2;2038472614908789101;B
20241107;195101;718.6;18;2038472614908789102;B
20241107;195101;718.6;5;2038472614908789103;B
20241107;195108;718.6;30;2038472614908789104;S
20241107;195108;718.6;2;2038472614908789105;B
20241107;195109;718.6;2;2038472614908789106;S
20241107;195122;717.8;1;2038472614908789107;S
20241107;195301;716.8;1;2038472614908789108;S
20241107;195317;715.7;2;2038472614908789109;S
20241107;195330;715.5;1;2038472614908789110;S
20241107;195400;715.2;1;2038472614908789111;S
20241107;195523;714.7;2;2038472614908789112;S
20241107;195549;715.2;1;2038472614908789113;B
20241107;195612;715.2;5;2038472614908789114;B
20241107;195837;715.5;4;2038472614908789115;S
20241107;195937;716.2;4;2038472614908789116;S
20241107;195938;716.3;1;2038472614908789117;B
20241107;200024;716.1;1;2038472614908789118;S
20241107;200100;716.1;1;2038472614908789119;S
20241107;200214;716.1;1;2038472614908789120;S
20241107;200220;716.1;1;2038472614908789121;S
20241107;200246;716.1;1;2038472614908789122;S
20241107;200324;716.2;1;2038472614908789123;B
20241107;200324;717.4;15;2038472614908789124;B
20241107;200324;717.4;1;2038472614908789125;B
20241107;200324;717.6;1;2038472614908789126;B
20241107;200324;717.7;4;2038472614908789127;B
20241107;200324;718;1;2038472614908789128;B
20241107;200324;718;2;2038472614908789129;B
20241107;200357;716.1;1;2038472614908789130;S
20241107;200432;717.2;1;2038472614908789131;B
20241107;200432;717.7;4;2038472614908789132;B
20241107;200514;718;1;2038472614908789133;B
20241107;200515;718;6;2038472614908789134;B
20241107;200515;718;2;2038472614908789135;B
20241107;200515;718;1;2038472614908789136;B
20241107;200515;718.1;1;2038472614908789137;B
20241107;200515;718.6;2;2038472614908789138;B
20241107;200515;718.6;10;2038472614908789139;B
20241107;200515;718.6;10;2038472614908789140;B
20241107;200515;718.6;4;2038472614908789141;B
20241107;200515;718.6;1;2038472614908789142;B
20241107;200515;718.7;3;2038472614908789143;B
20241107;200526;718;2;2038472614908789144;B
20241107;200535;717.8;1;2038472614908789145;S
20241107;200602;717.8;1;2038472614908789146;S
20241107;200607;717.8;3;2038472614908789147;S
20241107;200623;717.8;1;2038472614908789148;S
20241107;200625;717.8;2;2038472614908789149;S
20241107;200635;717.8;1;2038472614908789150;S
20241107;200648;717.8;1;2038472614908789151;S
20241107;200746;717.8;1;2038472614908789153;S
20241107;200819;717.8;3;2038472614908789154;S
20241107;200828;717.8;1;2038472614908789155;S
20241107;200910;717.8;6;2038472614908789156;S
20241107;200910;717.8;4;2038472614908789157;S
20241107;200922;716.7;4;2038472614908789158;S
20241107;200922;716.6;4;2038472614908789159;S
20241107;200922;715.5;3;2038472614908789160;S
20241107;200922;715.5;3;2038472614908789161;S
20241107;200922;715.5;1;2038472614908789162;S
20241107;200922;715.5;3;2038472614908789163;S
20241107;200922;715.5;1;2038472614908789164;S
20241107;200922;715.4;15;2038472614908789165;S
20241107;200923;718.1;4;2038472614908789166;B
20241107;200923;718.2;1;2038472614908789167;B
20241107;201054;716.5;5;2038472614908789168;B
20241107;201108;716.5;1;2038472614908789169;B
20241107;201138;714.9;6;2038472614908789170;S
20241107;201138;714.8;65;2038472614908789171;S
20241107;201138;714.7;3;2038472614908789172;S
20241107;201138;714.7;9;2038472614908789173;S
20241107;201138;714.2;1;2038472614908789174;S
20241107;201138;713.9;2;2038472614908789175;S
20241107;201138;713.8;1;2038472614908789176;S
20241107;201138;713.7;12;2038472614908789177;S
20241107;201215;713.9;1;2038472614908789178;S
20241107;201215;713.9;5;2038472614908789179;S
20241107;201215;713.8;14;2038472614908789180;S
20241107;201230;713.8;1;2038472614908789181;S
20241107;201259;714.6;2;2038472614908789182;S
20241107;201259;714.5;4;2038472614908789183;S
20241107;201308;715.4;1;2038472614908789184;B
20241107;201340;714.6;1;2038472614908789185;S
20241107;201851;714.6;1;2038472614908789186;S
20241107;201851;714.4;2;2038472614908789187;S
20241107;201851;713.9;8;2038472614908789188;S
20241107;201911;715.1;1;2038472614908789189;B
20241107;201930;715.1;1;2038472614908789190;B
20241107;202003;715.1;1;2038472614908789191;B
20241107;202017;715.1;2;2038472614908789192;B
20241107;202247;714;2;2038472614908789193;S
20241107;202336;714.8;1;2038472614908789194;B
20241107;202504;714.1;1;2038472614908789195;S
20241107;202504;714;1;2038472614908789196;S
20241107;202514;714;4;2038472614908789197;S
20241107;202657;714;1;2038472614908789198;S
20241107;202933;713.7;1;2038472614908789209;S
20241107;203009;713.7;7;2038472614908789210;S
20241107;203027;714.8;3;2038472614908789211;B
20241107;203031;714.9;3;2038472614908789212;B
20241107;203031;714.9;3;2038472614908789213;B
20241107;203031;714.9;3;2038472614908789214;B
20241107;203031;714.9;1;2038472614908789215;B
20241107;203031;714.9;1;2038472614908789216;B
20241107;203031;715;1;2038472614908789217;B
20241107;203031;715.1;2;2038472614908789218;B
20241107;203118;716.2;9;2038472614908789219;B
20241107;203118;716.3;1;2038472614908789220;B
20241107;203118;716.3;1;2038472614908789221;B
20241107;203118;716.4;1;2038472614908789222;B
20241107;203118;716.5;1;2038472614908789223;B
20241107;203118;716.6;1;2038472614908789224;B
20241107;203118;716.6;1;2038472614908789225;B
20241107;203234;715.4;1;2038472614908789226;S
20241107;203256;715.4;8;2038472614908789227;S
20241107;203324;715.3;6;2038472614908789228;S
20241107;203328;715.1;4;2038472614908789229;S
20241107;203328;714.9;1;2038472614908789230;S
20241107;203435;714.9;3;2038472614908789231;S
20241107;203603;714.9;3;2038472614908789232;S
20241107;203635;714.8;14;2038472614908789233;S
20241107;203635;714.8;14;2038472614908789234;S
20241107;203644;715;1;2038472614908789235;B
20241107;203747;714.8;7;2038472614908789237;S
20241107;203947;715;4;2038472614908789238;B
20241107;203947;716.3;1;2038472614908789239;B
20241107;204114;714.9;12;2038472614908789240;S
20241107;204114;714.8;5;2038472614908789241;S
20241107;204116;716.2;10;2038472614908789242;S
20241107;204153;714.8;6;2038472614908789243;S
20241107;204153;713.7;4;2038472614908789244;S
20241107;204548;713.9;4;2038472614908789245;S
20241107;204910;713.8;1;2038472614908789246;S
20241107;204952;713.8;1;2038472614908789247;S
20241107;204952;713.7;5;2038472614908789248;S
20241107;205220;715.4;1;2038472614908789249;B
20241107;205448;714.2;9;2038472614908789250;S
20241107;205448;714.1;5;2038472614908789251;S
20241107;205448;713.9;3;2038472614908789252;S
20241107;205859;713.9;1;2038472614908789254;S
20241107;210409;713.9;12;2038472614908789255;S
20241107;210439;713.8;5;2038472614908789257;S
20241107;210540;713.8;10;2038472614908789258;S
20241107;210540;713.7;1;2038472614908789259;S
20241107;210610;713.6;7;2038472614908789260;S
20241107;210616;713.5;8;2038472614908789261;S
20241107;210626;713.5;4;2038472614908789262;S
20241107;210907;713.5;5;2038472614908789263;S
20241107;210947;713.5;5;2038472614908789264;S
20241107;211015;713.5;3;2038472614908789265;S
20241107;211031;713.5;5;2038472614908789266;S
20241107;211104;713.5;1;2038472614908789267;S
20241107;211343;713.2;1;2038472614908789268;S
20241107;212251;713.8;2;2038472614908789269;B
20241107;212322;713.2;1;2038472614908789270;S
20241107;212322;713.2;1;2038472614908789271;S
20241107;212346;713.2;1;2038472614908789272;S
20241107;212423;713.2;1;2038472614908789273;S
20241107;212426;713.2;1;2038472614908789274;S
