<DATE>;<TIME>;<LAST>;<VOL>;<ID>;<OPER>
20241029;100001;583.5;1;2016517532365621223;B
20241029;100014;583.27;2;2016517532365621224;S
20241029;100044;583.59;1;2016517532365621225;B
20241029;100108;583.6;1;2016517532365621226;B
20241029;100108;583.63;1;2016517532365621227;B
20241029;100110;583.6;1;2016517532365621228;B
20241029;100116;583.61;1;2016517532365621229;B
20241029;100116;583.61;4;2016517532365621230;B
20241029;100122;583.6;3;2016517532365621231;B
20241029;100125;583.6;3;2016517532365621232;B
20241029;100125;583.61;1;2016517532365621233;B
20241029;100127;583.62;2;2016517532365621234;B
20241029;100127;583.62;1;2016517532365621235;B
20241029;100208;583.63;1;2016517532365621236;S
20241029;100213;583.63;1;2016517532365621237;S
20241029;100216;583.64;2;2016517532365621238;B
20241029;100218;583.68;1;2016517532365621239;B
20241029;100219;583.68;1;2016517532365621241;B
20241029;100236;583.75;1;2016517532365621246;B
20241029;100236;583.77;1;2016517532365621247;B
20241029;100239;583.77;1;2016517532365621249;B
20241029;100247;583.78;1;2016517532365621253;B
20241029;100247;583.84;1;2016517532365621254;B
20241029;100300;583.88;2;2016517532365621255;B
20241029;100300;583.88;4;2016517532365621256;B
20241029;100300;583.89;1;2016517532365621257;B
20241029;100300;583.89;2;2016517532365621258;B
20241029;100300;583.9;2;2016517532365621259;B
20241029;100300;583.9;2;2016517532365621260;B
20241029;100306;583.9;2;2016517532365621261;B
20241029;100314;583.91;15;2016517532365621264;B
20241029;100331;583.91;1;2016517532365621265;B
20241029;100335;583.91;3;2016517532365621266;B
20241029;100337;583.91;6;2016517532365621267;B
20241029;100347;583.94;21;2016517532365621268;B
20241029;100347;583.93;1;2016517532365621269;S
20241029;100407;583.93;1;2016517532365621270;S
20241029;100409;583.94;4;2016517532365621271;B
20241029;100415;583.94;5;2016517532365621272;B
20241029;100417;583.93;1;2016517532365621273;S
20241029;100451;583.94;4;2016517532365621274;B
20241029;100457;583.94;1;2016517532365621275;B
20241029;100516;583.94;3;2016517532365621276;B
20241029;100530;583.93;1;2016517532365621277;S
20241029;100530;583.93;1;2016517532365621278;S
20241029;100530;583.93;1;2016517532365621279;S
20241029;100530;583.94;1;2016517532365621280;B
20241029;100531;583.94;11;2016517532365621281;B
20241029;100531;583.94;2;2016517532365621282;B
20241029;100531;583.94;1;2016517532365621283;B
20241029;100531;583.94;9;2016517532365621284;B
20241029;100611;583.94;1;2016517532365621285;B
20241029;100658;583.93;1;2016517532365621286;S
20241029;100658;583.93;2;2016517532365621287;S
20241029;100658;583.93;2;2016517532365621288;S
20241029;100658;583.93;2;2016517532365621289;S
20241029;100658;583.93;2;2016517532365621290;S
20241029;100658;583.93;2;2016517532365621291;S
20241029;100735;583.93;1;2016517532365621292;S
20241029;100746;583.93;1;2016517532365621293;S
20241029;100746;583.93;2;2016517532365621294;S
20241029;100746;583.93;1;2016517532365621295;S
20241029;100753;583.93;1;2016517532365621296;S
20241029;100753;583.93;1;2016517532365621297;S
20241029;100753;583.93;1;2016517532365621298;S
20241029;100753;583.93;1;2016517532365621299;S
20241029;100753;583.93;1;2016517532365621300;S
20241029;100753;583.92;1;2016517532365621301;S
20241029;100753;583.92;2;2016517532365621302;S
20241029;100753;583.91;1;2016517532365621303;S
20241029;100805;583.92;1;2016517532365621305;B
20241029;100808;583.93;1;2016517532365621310;B
20241029;100808;583.93;1;2016517532365621315;B
20241029;100808;583.93;1;2016517532365621320;B
20241029;100808;583.93;1;2016517532365621325;B
20241029;100808;583.93;1;2016517532365621330;B
20241029;100832;583.9;18;2016517532365621334;S
20241029;100832;583.9;2;2016517532365621335;S
20241029;100832;583.89;2;2016517532365621336;S
20241029;100832;583.88;2;2016517532365621337;S
20241029;100843;583.87;1;2016517532365621338;S
20241029;100856;583.87;1;2016517532365621339;S
20241029;101003;583.86;2;2016517532365621340;S
20241029;101144;583.87;2;2016517532365621341;B
20241029;101146;583.87;1;2016517532365621342;B
20241029;101248;583.83;1;2016517532365621343;S
20241029;101300;583.82;2;2016517532365621344;S
20241029;101300;583.81;2;2016517532365621345;S
20241029;101300;583.8;2;2016517532365621346;S
20241029;101300;583.79;2;2016517532365621347;S
20241029;101300;583.78;2;2016517532365621348;S
20241029;101309;583.79;1;2016517532365621349;B
20241029;101333;583.77;2;2016517532365621350;S
20241029;101333;583.76;7;2016517532365621351;S
20241029;101333;583.76;2;2016517532365621352;S
20241029;101333;583.76;2;2016517532365621353;S
20241029;101333;583.75;12;2016517532365621354;S
20241029;101407;583.79;1;2016517532365621355;B
20241029;101407;583.79;1;2016517532365621356;B
20241029;101446;583.76;2;2016517532365621357;S
20241029;101446;583.75;17;2016517532365621358;S
20241029;101446;583.75;2;2016517532365621359;S
20241029;101446;583.75;2;2016517532365621360;S
20241029;101446;583.74;2;2016517532365621361;S
20241029;101446;583.74;2;2016517532365621362;S
20241029;101446;583.74;1;2016517532365621363;S
20241029;101446;583.73;2;2016517532365621364;S
20241029;101446;583.73;2;2016517532365621365;S
20241029;101446;583.73;1;2016517532365621366;S
20241029;101446;583.73;1;2016517532365621367;S
20241029;101446;583.72;1;2016517532365621368;S
20241029;101446;583.72;2;2016517532365621369;S
20241029;101446;583.72;2;2016517532365621370;S
20241029;101446;583.72;1;2016517532365621371;S
20241029;101446;583.72;1;2016517532365621372;S
20241029;101446;583.71;2;2016517532365621373;S
20241029;101446;583.71;2;2016517532365621374;S
20241029;101446;583.71;1;2016517532365621375;S
20241029;101446;583.71;1;2016517532365621376;S
20241029;101446;583.7;23;2016517532365621377;S
20241029;101607;583.75;2;2016517532365621378;B
20241029;101607;583.8;23;2016517532365621379;B
20241029;101724;583.79;2;2016517532365621380;B
20241029;101738;583.79;1;2016517532365621381;B
20241029;102051;583.8;3;2016517532365621383;B
20241029;102208;583.81;1;2016517532365621386;S
20241029;102330;583.89;1;2016517532365621387;B
20241029;102330;583.89;2;2016517532365621392;B
20241029;102356;583.92;1;2016517532365621398;B
20241029;102406;583.92;1;2016517532365621399;B
20241029;102430;583.91;1;2016517532365621400;S
20241029;102430;583.9;3;2016517532365621401;S
20241029;102537;583.88;1;2016517532365621402;S
20241029;102537;583.87;2;2016517532365621403;S
20241029;102544;583.88;2;2016517532365621404;B
20241029;102544;583.88;1;2016517532365621405;B
20241029;102552;583.88;1;2016517532365621406;B
20241029;102552;583.89;2;2016517532365621407;B
20241029;102604;583.88;1;2016517532365621408;B
20241029;102604;583.88;2;2016517532365621409;B
20241029;102604;583.89;2;2016517532365621410;B
20241029;102604;583.89;15;2016517532365621411;B
20241029;102728;583.87;1;2016517532365621413;S
20241029;102752;583.86;1;2016517532365621417;S
20241029;102812;583.89;3;2016517532365621418;B
20241029;102841;583.89;4;2016517532365621419;B
20241029;102929;583.85;3;2016517532365621420;S
20241029;102931;583.89;1;2016517532365621422;B
20241029;103030;583.89;1;2016517532365621426;B
20241029;103150;583.92;1;2016517532365621427;S
20241029;103153;583.96;1;2016517532365621428;B
20241029;103335;583.97;1;2016517532365621431;B
20241029;103335;583.97;1;2016517532365621432;B
20241029;103548;583.96;1;2016517532365621434;S
20241029;103554;583.96;1;2016517532365621435;S
20241029;103554;583.9;2;2016517532365621436;S
20241029;103554;583.9;2;2016517532365621437;S
20241029;103554;583.9;2;2016517532365621438;S
20241029;103554;583.9;1;2016517532365621439;S
20241029;103554;583.9;2;2016517532365621440;S
20241029;103554;583.9;3;2016517532365621441;S
20241029;103554;583.9;4;2016517532365621442;S
20241029;103554;583.9;4;2016517532365621443;S
20241029;103554;583.9;2;2016517532365621444;S
20241029;103554;583.9;1;2016517532365621445;S
20241029;103554;583.87;1;2016517532365621446;S
20241029;103600;583.82;2;2016517532365621447;S
20241029;103600;583.82;1;2016517532365621448;S
20241029;103600;583.82;2;2016517532365621449;S
20241029;103635;583.88;1;2016517532365621450;B
20241029;103737;583.9;2;2016517532365621451;B
20241029;103737;583.91;1;2016517532365621452;B
20241029;103737;583.92;2;2016517532365621453;B
20241029;103737;583.93;2;2016517532365621454;B
20241029;103737;583.94;2;2016517532365621455;B
20241029;103737;583.95;1;2016517532365621456;B
20241029;103906;583.94;2;2016517532365621457;B
20241029;103906;583.94;1;2016517532365621458;B
20241029;103906;583.94;2;2016517532365621459;B
20241029;104324;583.89;1;2016517532365621460;B
20241029;104324;583.89;2;2016517532365621461;B
20241029;104324;583.89;1;2016517532365621462;B
20241029;104324;583.9;1;2016517532365621463;B
20241029;104324;583.9;2;2016517532365621464;B
20241029;104324;583.9;1;2016517532365621465;B
20241029;104324;583.9;2;2016517532365621466;B
20241029;104324;583.85;1;2016517532365621467;S
20241029;104332;583.86;1;2016517532365621468;S
20241029;104339;583.85;1;2016517532365621469;S
20241029;104405;583.85;1;2016517532365621470;B
20241029;104526;583.83;2;2016517532365621471;S
20241029;104537;583.84;1;2016517532365621472;B
20241029;104658;583.81;2;2016517532365621473;B
20241029;104658;583.81;1;2016517532365621474;B
20241029;104658;583.82;4;2016517532365621475;B
20241029;104902;583.82;16;2016517532365621476;B
20241029;105142;583.89;1;2016517532365621477;B
20241029;105152;583.84;2;2016517532365621478;S
20241029;105152;583.84;2;2016517532365621479;S
20241029;105204;583.84;1;2016517532365621480;B
20241029;105204;583.94;1;2016517532365621481;B
20241029;105227;583.83;1;2016517532365621482;S
20241029;105348;583.71;1;2016517532365621484;S
20241029;105430;583.78;3;2016517532365621488;B
20241029;105507;583.77;1;2016517532365621489;B
20241029;105510;583.77;1;2016517532365621490;S
20241029;105510;583.78;20;2016517532365621491;B
20241029;105510;583.78;2;2016517532365621492;B
20241029;105510;583.79;1;2016517532365621493;B
20241029;105510;583.79;2;2016517532365621494;B
20241029;105510;583.79;1;2016517532365621495;B
20241029;105510;583.8;2;2016517532365621496;B
20241029;105510;583.8;1;2016517532365621497;B
20241029;105510;583.81;2;2016517532365621498;B
20241029;105510;583.81;1;2016517532365621499;B
20241029;105510;583.82;1;2016517532365621500;B
20241029;105539;583.77;1;2016517532365621502;S
20241029;105613;583.78;2;2016517532365621506;B
20241029;105613;583.78;1;2016517532365621507;B
20241029;105613;583.78;1;2016517532365621508;B
20241029;105614;583.86;2;2016517532365621509;B
20241029;105614;583.86;2;2016517532365621510;B
20241029;105614;583.86;1;2016517532365621511;B
20241029;105638;583.79;1;2016517532365621512;S
20241029;105706;583.78;26;2016517532365621513;S
20241029;105706;583.77;6;2016517532365621514;S
20241029;105712;583.78;1;2016517532365621515;B
20241029;105712;583.78;2;2016517532365621516;B
20241029;105712;583.78;34;2016517532365621517;B
20241029;105712;583.78;25;2016517532365621518;B
20241029;105712;583.78;10;2016517532365621519;B
20241029;105712;583.79;25;2016517532365621520;B
20241029;105712;583.79;2;2016517532365621521;B
20241029;105712;583.79;1;2016517532365621522;B
20241029;105712;583.79;1;2016517532365621523;B
20241029;105712;583.79;25;2016517532365621524;B
20241029;105712;583.8;2;2016517532365621525;B
20241029;105712;583.8;1;2016517532365621526;B
20241029;105712;583.8;24;2016517532365621527;B
20241029;105745;583.75;1;2016517532365621528;S
20241029;105801;583.75;4;2016517532365621529;S
20241029;105802;583.7;1;2016517532365621530;S
20241029;105810;583.7;1;2016517532365621531;S
20241029;105842;583.7;1;2016517532365621532;S
20241029;105846;583.7;74;2016517532365621533;S
20241029;105846;583.7;1;2016517532365621534;S
20241029;105940;583.71;1;2016517532365621535;B
20241029;105947;583.74;20;2016517532365621536;B
20241029;105955;583.71;5;2016517532365621537;S
20241029;110016;583.75;2;2016517532365621538;B
20241029;110106;583.73;6;2016517532365621539;S
20241029;110107;583.73;20;2016517532365621540;B
20241029;110107;583.73;2;2016517532365621541;B
20241029;110107;583.73;2;2016517532365621542;B
20241029;110107;583.73;1;2016517532365621543;B
20241029;110111;583.72;4;2016517532365621544;S
20241029;110111;583.71;4;2016517532365621545;S
20241029;110113;583.67;20;2016517532365621546;B
20241029;110113;583.67;5;2016517532365621547;B
20241029;110120;583.67;20;2016517532365621548;B
20241029;110133;583.67;5;2016517532365621549;S
20241029;110150;583.67;20;2016517532365621550;B
20241029;110201;583.67;8;2016517532365621551;S
20241029;110212;583.65;1;2016517532365621552;S
20241029;110225;583.64;25;2016517532365621553;S
20241029;110301;583.65;4;2016517532365621554;B
20241029;110308;583.65;16;2016517532365621555;B
20241029;110332;583.69;2;2016517532365621556;B
20241029;110332;583.7;1;2016517532365621557;B
20241029;110332;583.7;1;2016517532365621558;B
20241029;110332;583.75;1;2016517532365621559;B
20241029;110335;583.75;100;2016517532365621560;S
20241029;110337;583.75;95;2016517532365621561;S
20241029;110410;583.64;65;2016517532365621562;S
20241029;110410;583.64;1;2016517532365621563;S
20241029;110410;583.6;6;2016517532365621564;S
20241029;110410;583.57;1;2016517532365621565;S
20241029;110538;583.52;1;2016517532365621570;S
20241029;110706;583.52;3;2016517532365621571;B
20241029;110716;583.51;1;2016517532365621572;S
20241029;110716;583.51;2;2016517532365621573;S
20241029;110758;583.43;1;2016517532365621574;B
20241029;110801;583.51;2;2016517532365621575;S
20241029;110859;583.38;1;2016517532365621576;S
20241029;110859;583.36;2;2016517532365621577;S
20241029;110908;583.33;2;2016517532365621578;S
20241029;110908;583.32;1;2016517532365621579;S
20241029;110919;583.24;1;2016517532365621584;S
20241029;111103;583.34;2;2016517532365621585;B
20241029;111103;583.34;1;2016517532365621586;B
20241029;111103;583.34;1;2016517532365621587;B
20241029;111113;583.36;12;2016517532365621588;B
20241029;111118;583.36;13;2016517532365621589;B
20241029;111131;583.5;1;2016517532365621591;S
20241029;111131;583.46;2;2016517532365621592;S
20241029;111131;583.45;1;2016517532365621593;S
20241029;111131;583.45;1;2016517532365621594;S
20241029;111200;583.31;2;2016517532365621595;S
20241029;111200;583.31;1;2016517532365621596;S
20241029;111200;583.31;2;2016517532365621597;S
20241029;111205;583.45;2;2016517532365621598;B
20241029;111205;583.45;2;2016517532365621599;B
20241029;111205;583.45;1;2016517532365621600;B
20241029;111222;583.45;1;2016517532365621602;B
20241029;111243;583.37;1;2016517532365621606;S
20241029;111252;583.37;1;2016517532365621607;S
20241029;111252;583.37;3;2016517532365621608;S
20241029;111312;583.43;1;2016517532365621609;S
20241029;111326;583.51;1;2016517532365621610;B
20241029;111508;583.45;1;2016517532365621611;S
20241029;111532;583.38;2;2016517532365621616;S
20241029;111532;583.38;2;2016517532365621617;S
20241029;111532;583.37;2;2016517532365621618;S
20241029;111532;583.37;1;2016517532365621619;S
20241029;111532;583.36;2;2016517532365621620;S
20241029;111532;583.36;1;2016517532365621621;S
20241029;111532;583.35;2;2016517532365621622;S
20241029;111532;583.35;2;2016517532365621623;S
20241029;111532;583.35;1;2016517532365621624;S
20241029;111532;583.34;1;2016517532365621625;S
20241029;111532;583.34;1;2016517532365621626;S
20241029;111532;583.34;2;2016517532365621627;S
20241029;111532;583.34;1;2016517532365621628;S
20241029;111610;583.3;1;2016517532365621629;S
20241029;111619;583.3;1;2016517532365621630;B
20241029;111633;583.21;2;2016517532365621631;B
20241029;111647;583.16;2;2016517532365621632;S
20241029;111647;583.15;5;2016517532365621633;S
20241029;111647;583.13;1;2016517532365621634;S
20241029;111647;583.13;2;2016517532365621635;S
20241029;111647;583.12;2;2016517532365621636;S
20241029;111647;583.11;2;2016517532365621637;S
20241029;111647;583.11;3;2016517532365621638;S
20241029;111647;583.11;2;2016517532365621639;S
20241029;111647;583.1;1;2016517532365621640;S
20241029;111647;583.1;2;2016517532365621641;S
20241029;111647;583.09;2;2016517532365621642;S
20241029;111647;583.09;1;2016517532365621643;S
20241029;111647;583.09;2;2016517532365621644;S
20241029;111647;583.09;1;2016517532365621645;S
20241029;111647;583.08;2;2016517532365621646;S
20241029;111650;583.09;2;2016517532365621647;S
20241029;111650;583.09;2;2016517532365621648;S
20241029;111650;583.09;1;2016517532365621649;S
20241029;111650;583.08;20;2016517532365621650;S
20241029;111650;583.08;2;2016517532365621651;S
20241029;111650;583.08;2;2016517532365621652;S
20241029;111650;583.08;1;2016517532365621653;S
20241029;111654;583.01;1;2016517532365621654;S
20241029;111654;583.01;2;2016517532365621655;S
20241029;111659;583;2;2016517532365621656;S
20241029;111659;583;1;2016517532365621657;S
20241029;111659;583;20;2016517532365621658;S
20241029;111659;583;2;2016517532365621659;S
20241029;111659;583;1;2016517532365621660;S
20241029;111659;583;2;2016517532365621661;S
20241029;111659;583;1;2016517532365621662;S
20241029;111705;583.01;7;2016517532365621663;B
20241029;111705;583.01;1;2016517532365621664;B
20241029;111717;583.07;1;2016517532365621665;S
20241029;111717;583.07;1;2016517532365621666;S
20241029;111718;583.07;1;2016517532365621667;S
20241029;111720;583.07;1;2016517532365621668;S
20241029;111755;583.15;1;2016517532365621669;B
20241029;111755;583.15;1;2016517532365621670;S
20241029;111818;583.15;4;2016517532365621671;S
20241029;111818;583.15;19;2016517532365621672;S
20241029;111838;583.12;1;2016517532365621673;B
20241029;111839;583.07;20;2016517532365621674;S
20241029;111839;583.07;50;2016517532365621675;S
20241029;111839;583.07;30;2016517532365621676;S
20241029;111857;583;1;2016517532365621677;S
20241029;111857;583;1;2016517532365621678;S
20241029;111900;582.96;1;2016517532365621679;S
20241029;111918;582.85;2;2016517532365621680;S
20241029;111918;582.85;1;2016517532365621681;S
20241029;111918;582.84;1;2016517532365621682;S
20241029;111948;582.89;25;2016517532365621683;S
20241029;111951;582.84;1;2016517532365621684;S
20241029;111952;582.9;1;2016517532365621685;B
20241029;111952;582.9;1;2016517532365621686;B
20241029;111952;582.9;2;2016517532365621687;B
20241029;111952;582.9;2;2016517532365621688;B
20241029;112017;582.91;1;2016517532365621689;S
20241029;112021;582.9;8;2016517532365621690;S
20241029;112053;582.91;1;2016517532365621691;B
20241029;112053;582.91;2;2016517532365621692;B
20241029;112053;582.91;2;2016517532365621693;B
20241029;112053;582.91;1;2016517532365621694;B
20241029;112053;582.91;1;2016517532365621695;B
20241029;112109;582.9;4;2016517532365621696;S
20241029;112112;582.85;1;2016517532365621697;B
20241029;112112;582.85;1;2016517532365621698;B
20241029;112151;582.84;2;2016517532365621699;S
20241029;112151;582.83;2;2016517532365621700;S
20241029;112152;582.83;6;2016517532365621701;S
20241029;112152;582.82;1;2016517532365621702;S
20241029;112154;582.8;1;2016517532365621703;S
20241029;112206;582.78;10;2016517532365621704;S
20241029;112210;582.74;1;2016517532365621705;S
20241029;112210;582.71;1;2016517532365621706;S
20241029;112211;582.7;1;2016517532365621708;S
20241029;112211;582.7;1;2016517532365621713;S
20241029;112246;582.71;2;2016517532365621717;S
20241029;112253;582.72;1;2016517532365621718;S
20241029;112259;582.73;1;2016517532365621719;S
20241029;112311;582.78;10;2016517532365621720;B
20241029;112334;582.91;1;2016517532365621721;B
20241029;112348;582.84;1;2016517532365621722;S
20241029;112348;582.84;1;2016517532365621723;S
20241029;112424;583.04;25;2016517532365621724;B
20241029;112427;583.07;2;2016517532365621725;B
20241029;112427;583.07;2;2016517532365621726;B
20241029;112427;583.07;1;2016517532365621727;B
20241029;112427;583.07;20;2016517532365621728;B
20241029;112427;583.08;1;2016517532365621729;B
20241029;112427;583.08;2;2016517532365621730;B
20241029;112427;583.08;2;2016517532365621731;B
20241029;112427;583.08;1;2016517532365621732;B
20241029;112616;583;2;2016517532365621733;B
20241029;112622;583.04;1;2016517532365621734;S
20241029;112639;583.11;1;2016517532365621735;B
20241029;112643;583.13;2;2016517532365621736;B
20241029;112643;583.14;25;2016517532365621737;B
20241029;112643;583.14;2;2016517532365621738;B
20241029;112650;583.18;2;2016517532365621740;B
20241029;112650;583.19;1;2016517532365621745;B
20241029;112723;583.2;2;2016517532365621750;B
20241029;112723;583.2;1;2016517532365621755;B
20241029;112723;583.21;1;2016517532365621760;B
20241029;112723;583.21;1;2016517532365621765;B
20241029;112723;583.21;2;2016517532365621770;B
20241029;112723;583.21;2;2016517532365621775;B
20241029;112723;583.21;1;2016517532365621780;B
20241029;112734;583.2;1;2016517532365621784;B
20241029;112743;583.2;1;2016517532365621785;B
20241029;112743;583.2;1;2016517532365621786;B
20241029;112755;583.16;2;2016517532365621787;S
20241029;112755;583.16;1;2016517532365621788;S
20241029;112755;583.16;1;2016517532365621789;S
20241029;112755;583.15;1;2016517532365621790;S
20241029;112937;583.28;2;2016517532365621791;B
20241029;112945;583.33;1;2016517532365621792;B
20241029;112946;583.33;1;2016517532365621794;S
20241029;113000;583.47;1;2016517532365621798;B
20241029;113006;583.55;2;2016517532365621799;B
20241029;113006;583.55;1;2016517532365621800;B
20241029;113006;583.61;1;2016517532365621801;B
20241029;113006;583.62;1;2016517532365621802;B
20241029;113006;583.66;8;2016517532365621803;B
20241029;113006;583.66;4;2016517532365621804;B
20241029;113007;583.7;1;2016517532365621805;B
20241029;113007;583.75;1;2016517532365621806;B
20241029;113007;583.8;1;2016517532365621807;B
20241029;113007;583.8;1;2016517532365621808;B
20241029;113011;583.8;1;2016517532365621809;B
20241029;113019;583.62;2;2016517532365621810;B
20241029;113019;583.62;1;2016517532365621811;B
20241029;113019;583.62;20;2016517532365621812;B
20241029;113019;583.62;2;2016517532365621813;B
20241029;113019;583.62;2;2016517532365621814;B
20241029;113019;583.63;2;2016517532365621815;B
20241029;113019;583.63;2;2016517532365621816;B
20241029;113019;583.63;1;2016517532365621817;B
20241029;113019;583.64;1;2016517532365621818;B
20241029;113023;583.6;1;2016517532365621819;S
20241029;113023;583.59;1;2016517532365621820;S
20241029;113025;583.59;1;2016517532365621821;S
20241029;113039;583.58;1;2016517532365621822;S
20241029;113057;583.42;1;2016517532365621823;S
20241029;113057;583.4;1;2016517532365621824;S
20241029;113057;583.4;1;2016517532365621825;S
20241029;113057;583.39;2;2016517532365621826;S
20241029;113115;583.43;1;2016517532365621827;S
20241029;113115;583.43;1;2016517532365621828;S
20241029;113235;583.56;2;2016517532365621829;B
20241029;113240;583.56;1;2016517532365621830;B
20241029;113257;583.56;2;2016517532365621831;B
20241029;113257;583.56;2;2016517532365621832;B
20241029;113307;583.54;1;2016517532365621833;B
20241029;113308;583.52;1;2016517532365621834;B
20241029;113309;583.52;1;2016517532365621835;B
20241029;113310;583.49;1;2016517532365621836;B
20241029;113311;583.49;1;2016517532365621837;B
20241029;113313;583.49;1;2016517532365621838;B
20241029;113346;583.57;1;2016517532365621840;B
20241029;113346;583.63;1;2016517532365621845;B
20241029;113406;583.64;2;2016517532365621850;B
20241029;113417;583.63;1;2016517532365621854;S
20241029;113426;583.7;1;2016517532365621855;B
20241029;113426;583.7;2;2016517532365621856;B
20241029;113426;583.7;2;2016517532365621857;B
20241029;113426;583.7;20;2016517532365621858;B
20241029;113456;583.57;1;2016517532365621859;S
20241029;113717;583.58;2;2016517532365621860;S
20241029;113717;583.58;1;2016517532365621861;S
20241029;113717;583.58;7;2016517532365621862;S
20241029;113722;583.58;2;2016517532365621863;S
20241029;113722;583.58;1;2016517532365621864;S
20241029;113722;583.58;2;2016517532365621865;S
20241029;113722;583.58;3;2016517532365621866;S
20241029;113722;583.58;2;2016517532365621867;S
20241029;113733;583.59;1;2016517532365621868;B
20241029;113738;583.59;9;2016517532365621869;B
20241029;113741;583.61;10;2016517532365621870;B
20241029;113741;583.61;1;2016517532365621871;B
20241029;113756;583.67;1;2016517532365621872;S
20241029;113756;583.67;2;2016517532365621873;S
20241029;113756;583.67;2;2016517532365621874;S
20241029;113803;583.67;1;2016517532365621875;S
20241029;113805;583.67;1;2016517532365621876;S
20241029;113809;583.68;20;2016517532365621877;B
20241029;113821;583.68;5;2016517532365621878;B
20241029;113822;583.75;1;2016517532365621879;B
20241029;113823;583.78;1;2016517532365621880;B
20241029;113823;583.82;1;2016517532365621881;B
20241029;113823;583.88;2;2016517532365621882;B
20241029;113823;583.89;1;2016517532365621883;B
20241029;113824;583.93;5;2016517532365621884;B
20241029;113846;583.92;2;2016517532365621885;B
20241029;113846;583.92;1;2016517532365621886;B
20241029;113846;583.92;7;2016517532365621887;B
20241029;113848;583.89;1;2016517532365621888;B
20241029;113848;583.89;2;2016517532365621889;B
20241029;113848;583.89;2;2016517532365621890;B
20241029;113848;583.9;2;2016517532365621891;B
20241029;113848;583.9;3;2016517532365621892;B
20241029;113902;583.87;1;2016517532365621893;S
20241029;113909;583.86;1;2016517532365621894;S
20241029;114055;583.87;1;2016517532365621895;B
20241029;114209;583.86;2;2016517532365621896;B
20241029;114209;583.87;8;2016517532365621897;B
20241029;114209;583.87;2;2016517532365621898;B
20241029;114209;583.88;2;2016517532365621899;B
20241029;114209;583.89;2;2016517532365621900;B
20241029;114209;583.89;1;2016517532365621901;B
20241029;114209;583.9;2;2016517532365621902;B
20241029;114209;583.9;1;2016517532365621903;B
20241029;114209;583.91;2;2016517532365621904;B
20241029;114209;583.91;1;2016517532365621905;B
20241029;114209;583.92;20;2016517532365621906;B
20241029;114209;583.92;2;2016517532365621907;B
20241029;114209;583.92;1;2016517532365621908;B
20241029;114209;583.93;15;2016517532365621909;B
20241029;114209;583.93;2;2016517532365621910;B
20241029;114209;583.93;1;2016517532365621911;B
20241029;114209;583.94;1;2016517532365621912;B
20241029;114209;583.94;2;2016517532365621913;B
20241029;114209;583.94;2;2016517532365621914;B
20241029;114209;583.94;1;2016517532365621915;B
20241029;114209;583.95;2;2016517532365621916;B
20241029;114209;583.95;1;2016517532365621917;B
20241029;114209;583.95;2;2016517532365621918;B
20241029;114209;583.95;2;2016517532365621919;B
20241029;114209;583.96;1;2016517532365621920;B
20241029;114209;583.96;2;2016517532365621921;B
20241029;114209;583.96;1;2016517532365621926;B
20241029;114209;583.96;2;2016517532365621927;B
20241029;114209;583.96;1;2016517532365621928;B
20241029;114209;583.97;16;2016517532365621929;B
20241029;114211;583.95;2;2016517532365621930;B
20241029;114409;583.96;1;2016517532365621931;B
20241029;114409;583.97;1;2016517532365621932;B
20241029;114409;583.98;1;2016517532365621933;B
20241029;114409;583.98;1;2016517532365621934;B
20241029;114409;583.98;8;2016517532365621939;B
20241029;114409;583.98;2;2016517532365621940;B
20241029;114410;583.98;1;2016517532365621941;B
20241029;114424;583.98;14;2016517532365621942;B
20241029;114439;583.98;5;2016517532365621943;S
20241029;114535;583.99;1;2016517532365621944;B
20241029;114535;583.99;1;2016517532365621945;B
20241029;114535;583.99;14;2016517532365621946;B
20241029;114553;583.98;1;2016517532365621947;S
20241029;114553;583.97;3;2016517532365621948;S
20241029;114625;583.98;2;2016517532365621949;S
20241029;114625;583.98;2;2016517532365621950;S
20241029;114625;583.98;1;2016517532365621951;S
20241029;114659;584;1;2016517532365621952;B
20241029;114659;584;1;2016517532365621953;B
20241029;114659;584;3;2016517532365621958;B
20241029;114659;584;10;2016517532365621959;B
20241029;114705;584;8;2016517532365621960;B
20241029;114731;583.97;5;2016517532365621961;S
20241029;114854;583.99;1;2016517532365621962;B
20241029;114915;583.94;1;2016517532365621963;S
20241029;114922;583.98;1;2016517532365621966;S
20241029;114922;583.98;2;2016517532365621967;S
20241029;115001;583.98;1;2016517532365621968;S
20241029;115002;583.99;1;2016517532365621969;B
20241029;115027;583.97;1;2016517532365621970;S
20241029;115032;583.99;1;2016517532365621971;B
20241029;115130;583.97;1;2016517532365621972;S
20241029;115130;583.97;2;2016517532365621973;S
20241029;115146;583.97;2;2016517532365621974;S
20241029;115146;583.97;1;2016517532365621975;S
20241029;115216;583.99;2;2016517532365621976;B
20241029;115216;583.99;1;2016517532365621977;B
20241029;115216;584;8;2016517532365621978;B
20241029;115216;584;12;2016517532365621979;B
20241029;115232;583.99;2;2016517532365621980;S
20241029;115357;583.99;1;2016517532365621981;S
20241029;115453;583.96;2;2016517532365621982;S
20241029;115503;583.97;5;2016517532365621983;B
20241029;115503;583.97;5;2016517532365621984;B
20241029;115513;583.98;1;2016517532365621985;B
20241029;115513;583.99;1;2016517532365621986;B
20241029;115513;583.99;1;2016517532365621987;B
20241029;115513;583.99;1;2016517532365621988;B
20241029;115513;583.99;1;2016517532365621989;B
20241029;115513;583.99;20;2016517532365621990;B
20241029;115513;584;3;2016517532365621991;B
20241029;115513;584;1;2016517532365621992;B
20241029;115513;584;1;2016517532365621993;B
20241029;115519;583.96;1;2016517532365621994;S
20241029;115537;583.96;9;2016517532365621995;S
20241029;115734;583.52;1;2016517532365621996;S
20241029;115827;583.45;1;2016517532365621997;B
20241029;115827;583.45;2;2016517532365621998;B
20241029;115827;583.47;1;2016517532365621999;B
20241029;115850;583.54;2;2016517532365622000;S
20241029;115850;583.54;1;2016517532365622001;S
20241029;115850;583.54;1;2016517532365622002;S
20241029;115850;583.54;2;2016517532365622003;S
20241029;115850;583.54;19;2016517532365622004;S
20241029;115940;583.64;1;2016517532365622005;S
20241029;115940;583.64;2;2016517532365622006;S
20241029;115940;583.64;2;2016517532365622007;S
20241029;115940;583.64;6;2016517532365622008;S
20241029;120136;583.48;1;2016517532365622009;B
20241029;120136;583.49;1;2016517532365622010;B
20241029;120136;583.49;2;2016517532365622011;B
20241029;120148;583.45;1;2016517532365622012;S
20241029;120208;583.44;2;2016517532365622013;S
20241029;120249;583.38;1;2016517532365622014;S
20241029;120249;583.3;1;2016517532365622015;S
20241029;120400;583.38;1;2016517532365622016;S
20241029;120406;583.35;1;2016517532365622018;S
20241029;120515;583.29;1;2016517532365622022;B
20241029;120515;583.3;2;2016517532365622023;B
20241029;120515;583.33;1;2016517532365622024;B
20241029;120557;583.37;2;2016517532365622025;S
20241029;120557;583.37;1;2016517532365622026;S
20241029;120557;583.37;2;2016517532365622027;S
20241029;120557;583.38;2;2016517532365622028;B
20241029;120600;583.39;2;2016517532365622033;B
20241029;120600;583.39;2;2016517532365622038;B
20241029;120601;583.39;2;2016517532365622043;B
20241029;120601;583.39;2;2016517532365622048;B
20241029;120601;583.39;2;2016517532365622053;B
20241029;120602;583.39;2;2016517532365622058;B
20241029;120612;583.39;6;2016517532365622063;B
20241029;120612;583.4;2;2016517532365622068;B
20241029;120648;583.42;1;2016517532365622069;B
20241029;120828;583.63;2;2016517532365622070;B
20241029;120828;583.63;1;2016517532365622071;B
20241029;120828;583.63;2;2016517532365622072;B
20241029;120828;583.63;3;2016517532365622073;S
20241029;120852;583.52;1;2016517532365622075;S
20241029;120921;583.63;1;2016517532365622079;B
20241029;120938;583.63;1;2016517532365622081;B
20241029;120940;583.56;1;2016517532365622085;S
20241029;121105;583.52;1;2016517532365622086;B
20241029;121119;583.47;2;2016517532365622087;S
20241029;121119;583.47;1;2016517532365622088;S
20241029;121119;583.46;1;2016517532365622089;S
20241029;121119;583.46;1;2016517532365622094;S
20241029;121159;583.52;1;2016517532365622100;B
20241029;121159;583.52;1;2016517532365622105;B
20241029;121159;583.52;1;2016517532365622110;B
20241029;121240;583.42;1;2016517532365622114;B
20241029;121240;583.42;2;2016517532365622115;B
20241029;121240;583.42;2;2016517532365622116;B
20241029;121240;583.43;2;2016517532365622117;B
20241029;121240;583.43;2;2016517532365622118;B
20241029;121240;583.43;1;2016517532365622119;B
20241029;121240;583.43;20;2016517532365622120;B
20241029;121240;583.44;1;2016517532365622121;B
20241029;121240;583.44;2;2016517532365622122;B
20241029;121240;583.44;2;2016517532365622123;B
20241029;121240;583.44;1;2016517532365622124;B
20241029;121240;583.45;2;2016517532365622125;B
20241029;121240;583.45;2;2016517532365622126;B
20241029;121240;583.45;1;2016517532365622127;B
20241029;121240;583.45;1;2016517532365622128;B
20241029;121240;583.45;28;2016517532365622129;S
20241029;121242;583.44;2;2016517532365622130;B
20241029;121242;583.44;2;2016517532365622131;B
20241029;121312;583.4;7;2016517532365622132;S
20241029;121332;583.32;2;2016517532365622133;B
20241029;121353;583.24;1;2016517532365622134;S
20241029;121358;583.22;1;2016517532365622135;B
20241029;121502;583.21;2;2016517532365622136;S
20241029;121536;583.23;1;2016517532365622137;S
20241029;121631;583.21;1;2016517532365622138;S
20241029;121631;583.2;1;2016517532365622139;S
20241029;121631;583.16;1;2016517532365622140;S
20241029;121645;583.16;1;2016517532365622142;S
20241029;121645;583.14;1;2016517532365622147;S
20241029;121645;583.14;1;2016517532365622152;S
20241029;121659;583.16;2;2016517532365622156;S
20241029;121713;583.19;2;2016517532365622157;B
20241029;121713;583.19;2;2016517532365622158;B
20241029;121713;583.2;2;2016517532365622159;B
20241029;121713;583.2;2;2016517532365622160;B
20241029;121713;583.2;18;2016517532365622161;B
20241029;121725;583.2;1;2016517532365622162;B
20241029;121725;583.21;1;2016517532365622167;B
20241029;121725;583.23;13;2016517532365622172;B
20241029;121727;583.18;2;2016517532365622173;S
20241029;121727;583.18;1;2016517532365622174;S
20241029;121736;583.18;1;2016517532365622175;S
20241029;121736;583.18;2;2016517532365622176;S
20241029;121736;583.18;2;2016517532365622177;S
20241029;121736;583.18;1;2016517532365622178;S
20241029;121756;583.33;2;2016517532365622179;B
20241029;121756;583.33;1;2016517532365622180;B
20241029;121756;583.34;2;2016517532365622181;B
20241029;121756;583.34;2;2016517532365622182;B
20241029;121756;583.34;2;2016517532365622183;B
20241029;121756;583.35;2;2016517532365622184;B
20241029;121756;583.35;2;2016517532365622185;B
20241029;121756;583.36;2;2016517532365622186;B
20241029;121756;583.36;1;2016517532365622187;B
20241029;121844;583.34;6;2016517532365622188;B
20241029;121910;583.27;1;2016517532365622189;S
20241029;121910;583.25;1;2016517532365622190;S
20241029;121927;583.18;1;2016517532365622191;S
20241029;122059;583.2;1;2016517532365622192;S
20241029;122151;583.27;1;2016517532365622193;B
20241029;122153;583.27;1;2016517532365622199;S
20241029;122222;583.29;2;2016517532365622203;S
20241029;122222;583.29;2;2016517532365622204;S
20241029;122222;583.29;1;2016517532365622205;S
20241029;122222;583.28;1;2016517532365622206;S
20241029;122222;583.28;2;2016517532365622207;S
20241029;122222;583.28;1;2016517532365622208;S
20241029;122222;583.28;1;2016517532365622209;S
20241029;122227;583.28;1;2016517532365622210;S
20241029;122227;583.28;2;2016517532365622211;S
20241029;122227;583.28;2;2016517532365622212;S
20241029;122227;583.27;5;2016517532365622213;S
20241029;122232;583.35;2;2016517532365622214;S
20241029;122232;583.35;1;2016517532365622215;S
20241029;122232;583.35;2;2016517532365622216;S
20241029;122232;583.34;5;2016517532365622217;S
20241029;122237;583.32;2;2016517532365622218;S
20241029;122237;583.32;1;2016517532365622219;S
20241029;122237;583.32;2;2016517532365622220;S
20241029;122237;583.32;1;2016517532365622221;S
20241029;122237;583.31;4;2016517532365622222;S
20241029;122241;583.34;1;2016517532365622223;S
20241029;122241;583.34;2;2016517532365622224;S
20241029;122241;583.34;2;2016517532365622225;S
20241029;122241;583.33;5;2016517532365622226;S
20241029;122329;583.43;1;2016517532365622227;B
20241029;122538;583.6;1;2016517532365622228;B
20241029;122538;583.61;1;2016517532365622229;B
20241029;122538;583.63;1;2016517532365622230;B
20241029;122538;583.64;3;2016517532365622231;B
20241029;122559;583.62;2;2016517532365622232;B
20241029;122610;583.64;1;2016517532365622233;B
20241029;122640;583.62;3;2016517532365622234;S
20241029;122741;583.54;1;2016517532365622236;B
20241029;122905;583.61;1;2016517532365622240;B
20241029;123200;583.5;6;2016517532365622241;S
20241029;123406;583.55;1;2016517532365622242;S
20241029;123425;583.59;1;2016517532365622243;B
20241029;123425;583.59;2;2016517532365622244;B
20241029;123425;583.59;2;2016517532365622245;B
20241029;123425;583.59;1;2016517532365622246;B
20241029;123425;583.6;2;2016517532365622247;B
20241029;123425;583.6;1;2016517532365622248;B
20241029;123425;583.6;2;2016517532365622249;B
20241029;123425;583.6;4;2016517532365622250;B
20241029;123510;583.52;1;2016517532365622252;S
20241029;123631;583.53;1;2016517532365622253;B
20241029;123648;583.52;1;2016517532365622254;B
20241029;123648;583.52;2;2016517532365622255;B
20241029;123648;583.53;12;2016517532365622256;B
20241029;123714;583.47;1;2016517532365622257;S
20241029;123721;583.46;1;2016517532365622258;B
20241029;123857;583.51;1;2016517532365622260;S
20241029;123857;583.51;1;2016517532365622265;S
20241029;123915;583.53;1;2016517532365622269;B
20241029;123923;583.53;5;2016517532365622270;B
20241029;124011;583.53;1;2016517532365622271;B
20241029;124046;583.51;7;2016517532365622272;S
20241029;124254;583.45;2;2016517532365622273;S
20241029;124254;583.45;1;2016517532365622274;S
20241029;124254;583.45;1;2016517532365622275;S
20241029;124254;583.44;1;2016517532365622276;S
20241029;124332;583.51;1;2016517532365622277;B
20241029;124352;583.47;1;2016517532365622278;S
20241029;124435;583.51;1;2016517532365622279;B
20241029;124435;583.57;1;2016517532365622280;B
20241029;124435;583.57;1;2016517532365622285;B
20241029;124435;583.57;1;2016517532365622290;B
20241029;124541;583.64;5;2016517532365622295;B
20241029;125033;583.54;2;2016517532365622296;B
20241029;125033;583.54;1;2016517532365622297;B
20241029;125100;583.52;2;2016517532365622298;B
20241029;125100;583.52;1;2016517532365622299;B
20241029;125100;583.52;2;2016517532365622300;B
20241029;125100;583.52;20;2016517532365622301;B
20241029;125100;583.52;10;2016517532365622302;B
20241029;125100;583.53;1;2016517532365622303;B
20241029;125100;583.53;2;2016517532365622304;B
20241029;125100;583.53;2;2016517532365622305;B
20241029;125100;583.53;15;2016517532365622306;B
20241029;125123;583.49;4;2016517532365622307;S
20241029;125653;583.42;7;2016517532365622308;B
20241029;125806;583.4;1;2016517532365622309;B
20241029;130013;583.45;1;2016517532365622310;S
20241029;130048;583.5;11;2016517532365622311;B
20241029;130301;583.49;2;2016517532365622312;B
20241029;130302;583.49;2;2016517532365622313;B
20241029;130327;583.49;6;2016517532365622314;B
20241029;130334;583.49;1;2016517532365622315;B
20241029;130508;583.33;1;2016517532365622317;B
20241029;130508;583.33;1;2016517532365622322;B
20241029;130508;583.33;1;2016517532365622327;B
20241029;130508;583.34;1;2016517532365622332;B
20241029;130508;583.34;1;2016517532365622337;B
20241029;130524;583.31;1;2016517532365622341;S
20241029;130635;583.26;1;2016517532365622346;S
20241029;130637;583.24;1;2016517532365622347;S
20241029;130637;583.21;1;2016517532365622348;S
20241029;130637;583.21;1;2016517532365622349;S
20241029;130637;583.21;1;2016517532365622354;S
20241029;130637;583.21;1;2016517532365622359;S
20241029;130637;583.21;1;2016517532365622364;S
20241029;130637;583.21;1;2016517532365622369;S
20241029;130637;583.2;1;2016517532365622374;S
20241029;130637;583.2;3;2016517532365622379;S
20241029;130638;583.18;1;2016517532365622384;S
20241029;130638;583.18;1;2016517532365622385;S
20241029;130638;583.18;1;2016517532365622390;S
20241029;130859;583.17;1;2016517532365622395;B
20241029;130859;583.18;25;2016517532365622396;B
20241029;130859;583.19;20;2016517532365622397;B
20241029;130859;583.2;2;2016517532365622398;B
20241029;130859;583.2;53;2016517532365622399;B
20241029;131153;583.23;1;2016517532365622400;B
20241029;131153;583.25;1;2016517532365622405;B
20241029;131153;583.26;21;2016517532365622406;B
20241029;131158;583.26;4;2016517532365622407;B
20241029;131335;583.31;1;2016517532365622408;S
20241029;131448;583.35;2;2016517532365622409;B
20241029;131507;583.25;1;2016517532365622410;S
20241029;131527;583.25;2;2016517532365622411;S
20241029;131703;583.17;10;2016517532365622412;B
20241029;131734;583.16;1;2016517532365622413;B
20241029;131822;583.17;30;2016517532365622414;B
20241029;132011;583.13;1;2016517532365622415;S
20241029;132012;583.13;1;2016517532365622416;S
20241029;132012;583.13;1;2016517532365622421;S
20241029;132012;583.13;1;2016517532365622426;S
20241029;132012;583.13;1;2016517532365622431;S
20241029;132012;583.13;1;2016517532365622436;S
20241029;132012;583.13;1;2016517532365622437;S
20241029;132022;583.12;2;2016517532365622442;S
20241029;132022;583.12;1;2016517532365622447;S
20241029;132022;583.12;1;2016517532365622452;S
20241029;132022;583.12;1;2016517532365622457;S
20241029;132022;583.12;1;2016517532365622462;S
20241029;132022;583.12;1;2016517532365622467;S
20241029;132022;583.12;25;2016517532365622472;S
20241029;132022;583.11;2;2016517532365622473;S
20241029;132022;583.11;1;2016517532365622474;S
20241029;132022;583.11;2;2016517532365622475;S
20241029;132022;583.11;1;2016517532365622480;S
20241029;132022;583.11;1;2016517532365622485;S
20241029;132022;583.1;1;2016517532365622490;S
20241029;132022;583.1;1;2016517532365622491;S
20241029;132022;583.1;2;2016517532365622492;S
20241029;132022;583.1;1;2016517532365622497;S
20241029;132022;583.1;1;2016517532365622502;S
20241029;132022;583.1;1;2016517532365622507;S
20241029;132022;583.09;2;2016517532365622512;S
20241029;132022;583.09;1;2016517532365622517;S
20241029;132022;583.09;1;2016517532365622522;S
20241029;132022;583.08;2;2016517532365622527;S
20241029;132022;583.08;1;2016517532365622532;S
20241029;132022;583.07;2;2016517532365622537;S
20241029;132022;583.07;1;2016517532365622542;S
20241029;132022;583.06;2;2016517532365622547;S
20241029;132022;583.06;1;2016517532365622552;S
20241029;132022;583.06;1;2016517532365622557;S
20241029;132022;583.05;20;2016517532365622562;S
20241029;132022;583.05;20;2016517532365622563;S
20241029;132022;583.05;2;2016517532365622564;S
20241029;132022;583.05;1;2016517532365622569;S
20241029;132023;583.05;1;2016517532365622575;B
20241029;132023;583.05;1;2016517532365622580;B
20241029;132201;583.05;4;2016517532365622581;S
20241029;132201;583.05;1;2016517532365622586;S
20241029;132201;583.05;1;2016517532365622587;S
20241029;132201;583.04;5;2016517532365622588;S
20241029;132202;583.02;1;2016517532365622589;S
20241029;132202;583.01;1;2016517532365622590;S
20241029;132202;583.01;1;2016517532365622591;S
20241029;132202;583;47;2016517532365622592;S
20241029;132220;583;100;2016517532365622593;S
20241029;132226;583;53;2016517532365622594;S
20241029;132226;583;3;2016517532365622595;S
20241029;132226;583;44;2016517532365622596;S
20241029;132226;583;6;2016517532365622597;S
20241029;132430;583.01;1;2016517532365622598;S
20241029;132440;583.01;1;2016517532365622599;S
20241029;132440;583;1;2016517532365622600;S
20241029;132448;583;49;2016517532365622601;S
20241029;132520;582.96;1;2016517532365622602;S
20241029;132534;582.9;10;2016517532365622603;S
20241029;132553;582.95;1;2016517532365622605;B
20241029;132715;582.87;2;2016517532365622609;S
20241029;132759;583.05;2;2016517532365622610;B
20241029;132905;583.05;23;2016517532365622611;B
20241029;132951;583.11;1;2016517532365622612;B
20241029;132951;583.12;1;2016517532365622613;B
20241029;133027;583.13;21;2016517532365622614;B
20241029;133037;583.13;3;2016517532365622615;B
20241029;133056;583.13;6;2016517532365622616;B
20241029;133106;583.12;1;2016517532365622617;S
20241029;133106;583.12;2;2016517532365622618;S
20241029;133106;583.12;2;2016517532365622619;S
20241029;133106;583.12;4;2016517532365622620;S
20241029;133106;583.12;7;2016517532365622621;S
20241029;133114;583.13;1;2016517532365622622;B
20241029;133134;583.13;20;2016517532365622623;B
20241029;133140;583.13;20;2016517532365622624;B
20241029;133431;583.13;5;2016517532365622634;B
20241029;133454;583.07;2;2016517532365622636;S
20241029;133540;583.07;2;2016517532365622640;S
20241029;133959;583.12;1;2016517532365622641;B
20241029;133959;583.07;1;2016517532365622642;S
20241029;134009;583.07;10;2016517532365622643;S
20241029;134012;582.93;1;2016517532365622644;S
20241029;134030;582.92;1;2016517532365622645;S
20241029;134030;582.92;2;2016517532365622646;S
20241029;134030;582.92;2;2016517532365622647;S
20241029;134031;582.9;2;2016517532365622648;S
20241029;134031;582.9;2;2016517532365622649;S
20241029;134031;582.9;1;2016517532365622650;S
20241029;134202;582.94;1;2016517532365622651;S
20241029;134346;583;1;2016517532365622652;S
20241029;134754;583.13;20;2016517532365622654;B
20241029;134757;583.13;78;2016517532365622655;B
20241029;134757;583.13;3;2016517532365622656;B
20241029;134910;583.33;1;2016517532365622657;B
20241029;134910;583.38;1;2016517532365622658;B
20241029;134910;583.38;2;2016517532365622659;B
20241029;134910;583.39;2;2016517532365622660;B
20241029;134910;583.4;2;2016517532365622661;B
20241029;134910;583.41;2;2016517532365622662;B
20241029;134910;583.41;2;2016517532365622663;B
20241029;134910;583.42;2;2016517532365622664;B
20241029;134910;583.42;2;2016517532365622665;B
20241029;135000;583.32;1;2016517532365622666;B
20241029;135044;583.29;1;2016517532365622672;B
20241029;135203;583.22;1;2016517532365622677;S
20241029;135219;583.26;1;2016517532365622678;B
20241029;135219;583.26;1;2016517532365622683;B
20241029;135219;583.38;2;2016517532365622684;B
20241029;135219;583.39;1;2016517532365622685;B
20241029;135846;583.29;1;2016517532365622687;B
20241029;135859;583.27;1;2016517532365622694;B
20241029;135916;583.25;10;2016517532365622695;S
20241029;135916;583.22;2;2016517532365622696;S
20241029;135916;583.21;2;2016517532365622697;S
20241029;135916;583.21;1;2016517532365622698;S
20241029;135945;583.21;1;2016517532365622699;S
20241029;140508;583.07;1;2016517532365622700;B
20241029;140508;583.01;2;2016517532365622701;S
20241029;140508;583.01;1;2016517532365622702;S
20241029;140508;583.01;2;2016517532365622703;S
20241029;140508;583;2;2016517532365622704;S
20241029;140508;583;1;2016517532365622705;S
20241029;140508;583;2;2016517532365622706;S
20241029;140508;583;1;2016517532365622707;S
20241029;140508;582.99;2;2016517532365622708;S
20241029;140508;582.99;1;2016517532365622709;S
20241029;140508;582.99;2;2016517532365622710;S
20241029;140508;582.99;4;2016517532365622711;S
20241029;140530;582.96;1;2016517532365622712;S
20241029;140607;582.92;1;2016517532365622713;B
20241029;140607;582.92;1;2016517532365622714;B
20241029;140627;582.99;1;2016517532365622715;B
20241029;140627;583;2;2016517532365622716;B
20241029;140627;583;20;2016517532365622717;B
20241029;140640;583.05;1;2016517532365622718;S
20241029;140640;583.02;2;2016517532365622719;S
20241029;140640;583.01;2;2016517532365622720;S
20241029;140640;583.01;2;2016517532365622721;S
20241029;140640;583.01;4;2016517532365622722;B
20241029;140703;583.08;2;2016517532365622723;B
20241029;140703;583.09;20;2016517532365622724;B
20241029;140703;583.09;2;2016517532365622725;B
20241029;140704;583.09;1;2016517532365622726;S
20241029;140704;583.01;8;2016517532365622727;S
20241029;140704;583.01;1;2016517532365622728;B
20241029;140802;583.01;2;2016517532365622729;S
20241029;140815;583;1;2016517532365622730;S
20241029;140820;583;1;2016517532365622731;S
20241029;140820;583;25;2016517532365622732;S
20241029;140845;582.91;1;2016517532365622733;B
20241029;140915;582.87;2;2016517532365622734;B
20241029;140915;582.87;1;2016517532365622735;B
20241029;140915;582.87;20;2016517532365622736;B
20241029;140915;582.87;2;2016517532365622737;B
20241029;140916;582.87;1;2016517532365622738;B
20241029;140936;582.86;1;2016517532365622739;S
20241029;140936;582.84;1;2016517532365622740;S
20241029;140936;582.82;1;2016517532365622741;S
20241029;140936;582.82;1;2016517532365622742;S
20241029;140937;582.81;20;2016517532365622743;S
20241029;140937;582.8;5;2016517532365622744;S
20241029;140937;582.77;2;2016517532365622745;B
20241029;140937;582.77;1;2016517532365622746;B
20241029;140937;582.78;4;2016517532365622747;B
20241029;140944;582.77;1;2016517532365622748;B
20241029;140957;582.76;3;2016517532365622749;S
20241029;141008;582.72;1;2016517532365622750;S
20241029;141008;582.72;4;2016517532365622751;S
20241029;141008;582.71;1;2016517532365622752;S
20241029;141008;582.7;1;2016517532365622753;S
20241029;141009;582.68;1;2016517532365622754;S
20241029;141009;582.67;2;2016517532365622755;S
20241029;141009;582.66;12;2016517532365622756;S
20241029;141025;582.7;4;2016517532365622757;B
20241029;141026;582.75;1;2016517532365622758;S
20241029;141032;582.84;1;2016517532365622759;B
20241029;141032;582.86;2;2016517532365622760;B
20241029;141032;582.87;1;2016517532365622761;B
20241029;141032;582.87;2;2016517532365622762;B
20241029;141032;582.88;2;2016517532365622763;B
20241029;141032;582.89;2;2016517532365622764;B
20241029;141032;582.9;2;2016517532365622765;B
20241029;141032;582.91;25;2016517532365622766;B
20241029;141032;582.91;2;2016517532365622767;B
20241029;141032;582.92;2;2016517532365622768;B
20241029;141032;582.92;1;2016517532365622769;B
20241029;141032;582.92;1;2016517532365622770;B
20241029;141032;582.93;2;2016517532365622771;B
20241029;141032;582.93;1;2016517532365622772;B
20241029;141032;582.93;1;2016517532365622773;B
20241029;141032;582.94;2;2016517532365622774;B
20241029;141032;582.94;1;2016517532365622775;B
20241029;141032;582.95;1;2016517532365622776;B
20241029;141032;582.95;2;2016517532365622777;B
20241029;141032;582.96;1;2016517532365622778;B
20241029;141032;582.97;1;2016517532365622779;B
20241029;141032;582.98;1;2016517532365622780;B
20241029;141032;582.99;1;2016517532365622781;B
20241029;141032;583;25;2016517532365622782;B
20241029;141032;583;1;2016517532365622783;B
20241029;141032;583.01;25;2016517532365622784;B
20241029;141032;583.01;1;2016517532365622785;B
20241029;141032;583.01;17;2016517532365622786;B
20241029;141032;583.02;25;2016517532365622787;B
20241029;141032;583.03;19;2016517532365622788;B
20241029;141040;582.88;1;2016517532365622789;B
20241029;141053;582.87;1;2016517532365622790;S
20241029;141053;582.86;1;2016517532365622791;S
20241029;141053;582.86;1;2016517532365622792;S
20241029;141053;582.85;1;2016517532365622793;S
20241029;141053;582.84;1;2016517532365622794;S
20241029;141053;582.84;1;2016517532365622795;S
20241029;141053;582.84;25;2016517532365622796;S
20241029;141053;582.84;2;2016517532365622797;S
20241029;141053;582.83;1;2016517532365622798;S
20241029;141053;582.83;2;2016517532365622799;S
20241029;141053;582.83;6;2016517532365622800;S
20241029;141151;582.77;1;2016517532365622801;S
20241029;141246;582.8;2;2016517532365622802;B
20241029;141335;582.89;1;2016517532365622803;B
20241029;141409;582.83;1;2016517532365622804;S
20241029;141417;582.83;1;2016517532365622805;S
20241029;141529;582.87;20;2016517532365622808;S
20241029;141529;582.86;1;2016517532365622809;S
20241029;141529;582.86;25;2016517532365622810;S
20241029;141529;582.85;25;2016517532365622811;S
20241029;141538;582.85;6;2016517532365622812;B
20241029;141548;582.87;7;2016517532365622813;B
20241029;141559;582.87;8;2016517532365622814;B
20241029;141657;582.95;1;2016517532365622817;S
20241029;141701;583;2;2016517532365622818;B
20241029;141828;582.83;1;2016517532365622819;B
20241029;141828;582.83;1;2016517532365622820;B
20241029;141832;582.82;1;2016517532365622821;S
20241029;141832;582.8;1;2016517532365622822;S
20241029;141839;582.77;1;2016517532365622823;S
20241029;141841;582.77;5;2016517532365622824;S
20241029;141858;582.77;2;2016517532365622825;S
20241029;141906;582.77;5;2016517532365622826;S
20241029;141908;582.77;1;2016517532365622827;S
20241029;141913;582.81;1;2016517532365622828;B
20241029;141915;582.77;5;2016517532365622829;S
20241029;142002;582.78;1;2016517532365622830;S
20241029;142002;582.77;2;2016517532365622831;S
20241029;142129;582.78;2;2016517532365622832;S
20241029;142129;582.78;1;2016517532365622833;S
20241029;142129;582.78;1;2016517532365622834;S
20241029;142129;582.77;4;2016517532365622835;S
20241029;142129;582.77;2;2016517532365622836;S
20241029;142140;582.85;1;2016517532365622837;B
20241029;142140;582.86;4;2016517532365622838;B
20241029;142206;582.86;1;2016517532365622839;B
20241029;142225;582.8;1;2016517532365622840;S
20241029;142318;582.77;1;2016517532365622841;S
20241029;142400;582.85;1;2016517532365622842;B
20241029;142400;582.85;1;2016517532365622843;B
20241029;142451;582.77;2;2016517532365622844;S
20241029;142458;582.86;2;2016517532365622845;B
20241029;142458;582.95;2;2016517532365622846;B
20241029;142458;582.96;1;2016517532365622847;B
20241029;142458;582.96;2;2016517532365622848;B
20241029;142458;582.97;2;2016517532365622849;B
20241029;142458;582.98;1;2016517532365622850;B
20241029;142551;582.87;1;2016517532365622851;B
20241029;142552;582.87;1;2016517532365622852;B
20241029;142552;582.87;1;2016517532365622853;B
20241029;142552;582.87;9;2016517532365622854;B
20241029;142732;582.81;1;2016517532365622855;S
20241029;142732;582.8;4;2016517532365622856;S
20241029;142732;582.8;1;2016517532365622857;S
20241029;142732;582.8;10;2016517532365622858;S
20241029;142732;582.76;1;2016517532365622859;S
20241029;142741;582.7;1;2016517532365622861;S
20241029;142741;582.7;1;2016517532365622866;S
20241029;142754;582.7;5;2016517532365622870;S
20241029;142754;582.68;1;2016517532365622871;S
20241029;142754;582.67;2;2016517532365622872;S
20241029;142754;582.66;38;2016517532365622873;S
20241029;142754;582.66;2;2016517532365622874;S
20241029;142754;582.65;1;2016517532365622875;S
20241029;142754;582.65;2;2016517532365622876;S
20241029;142754;582.64;5;2016517532365622877;S
20241029;142754;582.64;2;2016517532365622878;S
20241029;142754;582.64;2;2016517532365622879;S
20241029;142754;582.64;1;2016517532365622880;S
20241029;142754;582.63;2;2016517532365622881;S
20241029;142754;582.63;2;2016517532365622882;S
20241029;142754;582.62;2;2016517532365622883;S
20241029;142754;582.62;2;2016517532365622884;S
20241029;142754;582.61;2;2016517532365622885;S
20241029;142754;582.61;2;2016517532365622886;S
20241029;142754;582.6;1;2016517532365622887;S
20241029;142754;582.6;2;2016517532365622888;S
20241029;142754;582.6;2;2016517532365622889;S
20241029;142754;582.59;2;2016517532365622890;S
20241029;142754;582.59;2;2016517532365622891;S
20241029;142754;582.59;1;2016517532365622892;S
20241029;142754;582.58;1;2016517532365622893;S
20241029;142754;582.58;1;2016517532365622894;S
20241029;142754;582.58;2;2016517532365622895;S
20241029;142754;582.58;25;2016517532365622896;S
20241029;142754;582.58;2;2016517532365622897;S
20241029;142754;582.57;1;2016517532365622898;S
20241029;142754;582.57;1;2016517532365622899;S
20241029;142754;582.57;25;2016517532365622900;S
20241029;142754;582.57;2;2016517532365622901;S
20241029;142754;582.56;7;2016517532365622902;S
20241029;142754;582.59;2;2016517532365622903;S
20241029;142754;582.59;2;2016517532365622904;S
20241029;142754;582.59;1;2016517532365622905;S
20241029;142754;582.59;1;2016517532365622906;S
20241029;142754;582.58;20;2016517532365622907;S
20241029;142754;582.58;2;2016517532365622908;S
20241029;142754;582.58;2;2016517532365622909;S
20241029;142754;582.58;1;2016517532365622910;S
20241029;142754;582.57;2;2016517532365622911;S
20241029;142754;582.57;2;2016517532365622912;S
20241029;142754;582.57;1;2016517532365622913;S
20241029;142754;582.57;1;2016517532365622914;S
20241029;142754;582.56;2;2016517532365622915;S
20241029;142754;582.56;1;2016517532365622916;S
20241029;142754;582.56;2;2016517532365622917;S
20241029;142754;582.56;1;2016517532365622918;S
20241029;142754;582.55;1;2016517532365622919;S
20241029;142754;582.55;2;2016517532365622920;S
20241029;142754;582.55;48;2016517532365622921;S
20241029;142754;582.56;2;2016517532365622922;S
20241029;142755;582.57;2;2016517532365622923;S
20241029;142755;582.56;2;2016517532365622924;S
20241029;142755;582.56;2;2016517532365622925;S
20241029;142755;582.56;1;2016517532365622926;S
20241029;142755;582.55;2;2016517532365622927;S
20241029;142755;582.55;1;2016517532365622928;S
20241029;142755;582.55;1;2016517532365622929;S
20241029;142755;582.55;2;2016517532365622930;S
20241029;142755;582.54;1;2016517532365622931;S
20241029;142755;582.54;2;2016517532365622932;S
20241029;142755;582.54;1;2016517532365622933;S
20241029;142755;582.54;2;2016517532365622934;S
20241029;142755;582.54;2;2016517532365622935;S
20241029;142755;582.54;1;2016517532365622936;S
20241029;142755;582.53;1;2016517532365622937;S
20241029;142755;582.53;2;2016517532365622938;S
20241029;142755;582.53;2;2016517532365622939;S
20241029;142755;582.53;1;2016517532365622940;S
20241029;142755;582.52;1;2016517532365622941;S
20241029;142755;582.52;1;2016517532365622942;S
20241029;142755;582.52;2;2016517532365622943;S
20241029;142755;582.52;2;2016517532365622944;S
20241029;142755;582.52;1;2016517532365622945;S
20241029;142755;582.51;5;2016517532365622946;S
20241029;142755;582.51;5;2016517532365622947;S
20241029;142755;582.68;2;2016517532365622948;B
20241029;142755;582.51;10;2016517532365622949;S
20241029;142755;582.51;5;2016517532365622950;S
20241029;142755;582.51;1;2016517532365622951;S
20241029;142755;582.51;2;2016517532365622952;S
20241029;142755;582.51;8;2016517532365622953;S
20241029;142755;582.55;1;2016517532365622954;B
20241029;142755;582.51;2;2016517532365622955;S
20241029;142755;582.51;1;2016517532365622956;S
20241029;142755;582.51;1;2016517532365622957;S
20241029;142755;582.5;1;2016517532365622958;S
20241029;142755;582.5;1;2016517532365622959;S
20241029;142755;582.5;9;2016517532365622960;S
20241029;142755;582.52;1;2016517532365622961;S
20241029;142756;582.53;1;2016517532365622962;S
20241029;142756;582.53;5;2016517532365622963;S
20241029;142807;582.53;1;2016517532365622964;S
20241029;142807;582.53;2;2016517532365622965;S
20241029;142807;582.53;4;2016517532365622966;S
20241029;142807;582.53;1;2016517532365622967;S
20241029;142807;582.53;12;2016517532365622968;S
20241029;142813;582.54;2;2016517532365622969;S
20241029;142813;582.54;3;2016517532365622970;S
20241029;142817;582.57;1;2016517532365622972;B
20241029;142832;582.58;1;2016517532365622976;B
20241029;142844;582.54;2;2016517532365622977;S
20241029;142844;582.54;8;2016517532365622978;S
20241029;142856;582.58;2;2016517532365622979;B
20241029;142856;582.66;1;2016517532365622980;B
20241029;142856;582.67;2;2016517532365622981;B
20241029;142856;582.68;2;2016517532365622982;B
20241029;142856;582.69;2;2016517532365622983;B
20241029;142856;582.7;1;2016517532365622984;B
20241029;142951;582.69;2;2016517532365622985;B
20241029;142951;582.69;1;2016517532365622986;B
20241029;142951;582.69;2;2016517532365622987;B
20241029;142951;582.7;2;2016517532365622988;B
20241029;142951;582.7;1;2016517532365622989;B
20241029;142951;582.7;1;2016517532365622990;B
20241029;143123;582.72;1;2016517532365622991;B
20241029;143155;582.73;1;2016517532365622992;S
20241029;143155;582.72;1;2016517532365622993;S
20241029;143155;582.72;1;2016517532365622994;S
20241029;143155;582.71;1;2016517532365622995;S
20241029;143155;582.71;25;2016517532365622996;S
20241029;143155;582.7;1;2016517532365622997;S
20241029;143228;582.7;1;2016517532365622999;B
20241029;143243;582.69;2;2016517532365623003;B
20241029;143243;582.69;1;2016517532365623004;B
20241029;143252;582.74;1;2016517532365623005;B
20241029;143305;582.71;1;2016517532365623008;B
20241029;143350;582.69;2;2016517532365623013;B
20241029;143350;582.7;13;2016517532365623014;B
20241029;143639;582.62;1;2016517532365623015;S
20241029;143639;582.6;4;2016517532365623016;S
20241029;143639;582.6;25;2016517532365623017;S
20241029;143652;582.61;2;2016517532365623018;S
20241029;143652;582.61;1;2016517532365623019;S
20241029;143652;582.61;1;2016517532365623020;S
20241029;143652;582.6;1;2016517532365623021;S
20241029;143652;582.6;1;2016517532365623022;S
20241029;143652;582.6;10;2016517532365623023;S
20241029;143652;582.6;2;2016517532365623024;S
20241029;143652;582.6;1;2016517532365623025;S
20241029;143652;582.59;2;2016517532365623026;S
20241029;143652;582.59;1;2016517532365623027;S
20241029;143652;582.59;1;2016517532365623028;S
20241029;143652;582.58;1;2016517532365623029;S
20241029;143652;582.58;2;2016517532365623030;S
20241029;143652;582.58;1;2016517532365623031;S
20241029;143652;582.57;2;2016517532365623032;S
20241029;143652;582.57;1;2016517532365623033;S
20241029;143652;582.57;1;2016517532365623034;S
20241029;143652;582.57;2;2016517532365623035;S
20241029;143652;582.56;1;2016517532365623036;S
20241029;143652;582.56;2;2016517532365623037;S
20241029;143652;582.56;1;2016517532365623038;S
20241029;143652;582.56;2;2016517532365623039;S
20241029;143652;582.55;1;2016517532365623040;S
20241029;143652;582.55;1;2016517532365623041;S
20241029;143652;582.55;2;2016517532365623042;S
20241029;143652;582.55;1;2016517532365623043;S
20241029;143652;582.55;2;2016517532365623044;S
20241029;143652;582.55;24;2016517532365623045;S
20241029;143756;582.58;1;2016517532365623046;S
20241029;143823;582.62;1;2016517532365623047;S
20241029;143823;582.62;1;2016517532365623048;S
20241029;143831;582.63;1;2016517532365623049;B
20241029;143831;582.63;2;2016517532365623050;B
20241029;143831;582.63;1;2016517532365623051;B
20241029;143904;582.63;1;2016517532365623052;S
20241029;143911;582.63;1;2016517532365623053;S
20241029;143925;582.63;1;2016517532365623054;S
20241029;144015;582.72;1;2016517532365623056;B
20241029;144020;582.63;3;2016517532365623060;S
20241029;144020;582.63;1;2016517532365623061;S
20241029;144020;582.6;2;2016517532365623062;S
20241029;144020;582.58;1;2016517532365623063;S
20241029;144020;582.58;1;2016517532365623064;S
20241029;144020;582.58;2;2016517532365623065;S
20241029;144020;582.57;1;2016517532365623066;S
20241029;144115;582.64;1;2016517532365623067;S
20241029;144144;582.81;1;2016517532365623069;S
20241029;144212;582.84;25;2016517532365623073;S
20241029;144212;582.84;10;2016517532365623074;S
20241029;144212;582.83;2;2016517532365623075;S
20241029;144212;582.83;25;2016517532365623076;S
20241029;144212;582.83;20;2016517532365623077;S
20241029;144212;582.82;2;2016517532365623078;S
20241029;144212;582.82;2;2016517532365623079;S
20241029;144212;582.82;25;2016517532365623080;S
20241029;144212;582.81;2;2016517532365623081;S
20241029;144212;582.81;17;2016517532365623082;S
20241029;144218;582.91;1;2016517532365623083;B
20241029;144218;582.91;3;2016517532365623084;B
20241029;144358;582.99;16;2016517532365623085;S
20241029;144701;583.03;1;2016517532365623086;B
20241029;144730;583.03;1;2016517532365623087;B
20241029;144730;583.03;1;2016517532365623088;B
20241029;144730;583.03;1;2016517532365623089;B
20241029;144735;583.01;1;2016517532365623090;S
20241029;144735;583.01;1;2016517532365623091;S
20241029;144735;583.01;2;2016517532365623092;S
20241029;144735;583.01;1;2016517532365623093;S
20241029;144750;582.94;3;2016517532365623094;S
20241029;144843;582.94;7;2016517532365623095;S
20241029;144858;582.91;1;2016517532365623096;S
20241029;144907;582.9;40;2016517532365623097;S
20241029;145042;582.77;1;2016517532365623099;S
20241029;145212;582.78;1;2016517532365623103;B
20241029;145419;582.55;1;2016517532365623104;S
20241029;145628;582.59;1;2016517532365623106;S
20241029;145632;582.58;2;2016517532365623107;B
20241029;145632;582.58;1;2016517532365623108;B
20241029;145632;582.58;1;2016517532365623109;B
20241029;145632;582.59;1;2016517532365623110;B
20241029;145632;582.59;2;2016517532365623111;B
20241029;145632;582.59;1;2016517532365623112;B
20241029;145632;582.59;2;2016517532365623113;B
20241029;145632;582.6;1;2016517532365623114;B
20241029;145632;582.6;2;2016517532365623115;B
20241029;145632;582.6;2;2016517532365623116;B
20241029;150005;582.54;2;2016517532365623117;S
20241029;150005;582.54;4;2016517532365623118;S
20241029;150031;582.5;1;2016517532365623119;S
20241029;150034;582.5;3;2016517532365623120;S
20241029;150034;582.5;1;2016517532365623121;S
20241029;150038;582.4;1;2016517532365623122;S
20241029;150038;582.4;1;2016517532365623123;S
20241029;150038;582.4;2;2016517532365623124;S
20241029;150038;582.4;3;2016517532365623125;S
20241029;150039;582.4;2;2016517532365623126;S
20241029;150039;582.38;1;2016517532365623127;S
20241029;150039;582.36;1;2016517532365623128;S
20241029;150039;582.35;2;2016517532365623129;S
20241029;150039;582.31;1;2016517532365623130;S
20241029;150039;582.31;1;2016517532365623131;S
20241029;150039;582.3;7;2016517532365623132;S
20241029;150039;582.3;1;2016517532365623134;S
20241029;150042;582.33;1;2016517532365623135;S
20241029;150042;582.3;5;2016517532365623136;S
20241029;150051;582.33;1;2016517532365623137;S
20241029;150118;582.3;1;2016517532365623138;S
20241029;150127;582.32;1;2016517532365623139;B
20241029;150127;582.32;24;2016517532365623140;B
20241029;150127;582.32;2;2016517532365623141;B
20241029;150127;582.33;1;2016517532365623142;B
20241029;150127;582.33;1;2016517532365623143;B
20241029;150127;582.33;1;2016517532365623144;B
20241029;150127;582.33;2;2016517532365623145;B
20241029;150127;582.34;2;2016517532365623146;B
20241029;150127;582.34;1;2016517532365623147;B
20241029;150127;582.34;23;2016517532365623148;B
20241029;150127;582.35;2;2016517532365623149;B
20241029;150237;582.3;6;2016517532365623150;S
20241029;150237;582.3;1;2016517532365623151;S
20241029;150252;582.26;1;2016517532365623152;S
20241029;150315;582.26;4;2016517532365623153;B
20241029;150315;582.31;19;2016517532365623154;B
20241029;150315;582.31;1;2016517532365623155;B
20241029;150315;582.31;25;2016517532365623156;B
20241029;150315;582.32;1;2016517532365623157;B
20241029;150315;582.32;25;2016517532365623158;B
20241029;150315;582.33;1;2016517532365623159;B
20241029;150315;582.33;25;2016517532365623160;B
20241029;150315;582.34;2;2016517532365623161;B
20241029;150315;582.34;1;2016517532365623162;B
20241029;150315;582.34;25;2016517532365623163;B
20241029;150315;582.35;2;2016517532365623164;B
20241029;150315;582.35;25;2016517532365623165;B
20241029;150315;582.35;1;2016517532365623166;B
20241029;150315;582.36;2;2016517532365623167;B
20241029;150315;582.36;25;2016517532365623168;B
20241029;150315;582.36;1;2016517532365623169;B
20241029;150315;582.37;1;2016517532365623170;B
20241029;150315;582.37;24;2016517532365623171;B
20241029;150330;582.39;2;2016517532365623172;B
20241029;150330;582.39;2;2016517532365623173;B
20241029;150330;582.39;1;2016517532365623174;B
20241029;150341;582.33;1;2016517532365623175;S
20241029;150341;582.33;2;2016517532365623176;S
20241029;150341;582.33;7;2016517532365623177;B
20241029;150344;582.32;1;2016517532365623178;S
20241029;150344;582.32;1;2016517532365623179;S
20241029;150345;582.39;2;2016517532365623180;B
20241029;150345;582.4;1;2016517532365623181;B
20241029;150345;582.4;2;2016517532365623182;B
20241029;150426;582.42;1;2016517532365623183;S
20241029;150553;582.42;2;2016517532365623184;S
20241029;150553;582.42;1;2016517532365623185;S
20241029;150553;582.42;7;2016517532365623186;S
20241029;150555;582.47;1;2016517532365623187;B
20241029;150618;582.51;1;2016517532365623188;B
20241029;150618;582.51;2;2016517532365623189;B
20241029;150618;582.52;1;2016517532365623190;B
20241029;150618;582.47;2;2016517532365623191;S
20241029;150621;582.47;2;2016517532365623192;B
20241029;150857;582.51;1;2016517532365623193;B
20241029;150942;582.49;3;2016517532365623194;S
20241029;150942;582.49;17;2016517532365623195;S
20241029;151002;582.49;20;2016517532365623196;S
20241029;151004;582.49;6;2016517532365623197;S
20241029;151004;582.49;3;2016517532365623198;S
20241029;151004;582.49;1;2016517532365623199;S
20241029;151004;582.47;20;2016517532365623200;S
20241029;151004;582.47;5;2016517532365623201;S
20241029;151004;582.47;3;2016517532365623202;S
20241029;151004;582.47;2;2016517532365623203;S
20241029;151004;582.46;1;2016517532365623204;S
20241029;151004;582.45;10;2016517532365623205;S
20241029;151013;582.22;1;2016517532365623206;S
20241029;151013;582.21;1;2016517532365623207;B
20241029;151016;582.2;1;2016517532365623208;S
20241029;151018;582.21;9;2016517532365623209;B
20241029;151102;582.23;2;2016517532365623210;S
20241029;151102;582.23;25;2016517532365623211;S
20241029;151102;582.23;1;2016517532365623212;S
20241029;151102;582.21;4;2016517532365623213;S
20241029;151102;582.2;2;2016517532365623214;S
20241029;151102;582.2;50;2016517532365623215;S
20241029;151103;582.17;1;2016517532365623216;B
20241029;151121;582.13;7;2016517532365623217;S
20241029;151121;582.13;13;2016517532365623218;S
20241029;151129;582.13;10;2016517532365623219;S
20241029;151139;582.14;24;2016517532365623220;B
20241029;151139;582.14;1;2016517532365623221;B
20241029;151143;582.15;1;2016517532365623222;S
20241029;151143;582.15;2;2016517532365623223;S
20241029;151143;582.15;2;2016517532365623224;S
20241029;151216;582.25;2;2016517532365623225;S
20241029;151216;582.25;1;2016517532365623226;S
20241029;151216;582.25;1;2016517532365623227;S
20241029;151216;582.25;10;2016517532365623228;S
20241029;151220;582.34;1;2016517532365623229;B
20241029;151222;582.35;1;2016517532365623230;B
20241029;151235;582.34;5;2016517532365623231;S
20241029;151240;582.38;1;2016517532365623232;B
20241029;151250;582.38;1;2016517532365623233;B
20241029;151250;582.34;5;2016517532365623234;S
20241029;151327;582.34;4;2016517532365623235;S
20241029;151327;582.32;1;2016517532365623236;S
20241029;151327;582.32;1;2016517532365623237;S
20241029;151327;582.31;2;2016517532365623238;S
20241029;151327;582.31;16;2016517532365623239;S
20241029;151342;582.35;1;2016517532365623240;B
20241029;151455;582.41;1;2016517532365623241;S
20241029;151504;582.49;1;2016517532365623242;B
20241029;151504;582.49;1;2016517532365623243;B
20241029;151525;582.45;2;2016517532365623244;S
20241029;151525;582.45;2;2016517532365623245;S
20241029;151525;582.45;1;2016517532365623246;S
20241029;151525;582.44;2;2016517532365623247;S
20241029;151525;582.44;1;2016517532365623248;S
20241029;151525;582.44;2;2016517532365623249;S
20241029;151526;582.45;1;2016517532365623250;S
20241029;151547;582.52;1;2016517532365623251;B
20241029;151656;582.57;1;2016517532365623256;S
20241029;151702;582.59;1;2016517532365623258;B
20241029;151714;582.6;1;2016517532365623263;B
20241029;151716;582.63;1;2016517532365623267;B
20241029;151716;582.65;2;2016517532365623268;B
20241029;151716;582.66;2;2016517532365623269;B
20241029;151716;582.67;2;2016517532365623270;B
20241029;151716;582.68;2;2016517532365623271;B
20241029;151716;582.68;1;2016517532365623272;B
20241029;151736;582.7;2;2016517532365623273;B
20241029;151736;582.7;1;2016517532365623274;B
20241029;151736;582.71;1;2016517532365623275;B
20241029;151752;582.73;2;2016517532365623276;B
20241029;151752;582.73;2;2016517532365623277;B
20241029;151752;582.73;1;2016517532365623278;B
20241029;151752;582.74;1;2016517532365623279;B
20241029;151752;582.74;2;2016517532365623280;B
20241029;151900;582.69;1;2016517532365623281;S
20241029;151900;582.68;4;2016517532365623282;S
20241029;152006;582.53;1;2016517532365623283;S
20241029;152026;582.35;2;2016517532365623284;S
20241029;152026;582.35;1;2016517532365623285;S
20241029;152026;582.35;1;2016517532365623286;S
20241029;152026;582.34;3;2016517532365623287;S
20241029;152210;582.35;1;2016517532365623288;B
20241029;152210;582.35;1;2016517532365623289;B
20241029;152242;582.25;12;2016517532365623290;B
20241029;152312;582.21;1;2016517532365623291;S
20241029;152318;582.21;1;2016517532365623292;S
20241029;152322;582.16;2;2016517532365623293;S
20241029;152322;582.16;1;2016517532365623294;S
20241029;152348;582.21;2;2016517532365623295;B
20241029;152349;582.24;1;2016517532365623296;S
20241029;152353;582.25;3;2016517532365623297;B
20241029;152400;582.27;1;2016517532365623298;S
20241029;152405;582.3;3;2016517532365623299;S
20241029;152408;582.29;2;2016517532365623300;B
20241029;152438;582.29;2;2016517532365623301;B
20241029;152438;582.29;1;2016517532365623302;B
20241029;152438;582.3;1;2016517532365623303;B
20241029;152441;582.23;1;2016517532365623304;S
20241029;152720;582.33;1;2016517532365623306;S
20241029;152731;582.38;4;2016517532365623307;B
20241029;152731;582.38;8;2016517532365623308;B
20241029;152731;582.41;1;2016517532365623309;B
20241029;152738;582.38;38;2016517532365623310;S
20241029;152809;582.47;1;2016517532365623313;B
20241029;152809;582.47;1;2016517532365623314;B
20241029;152823;582.53;1;2016517532365623315;S
20241029;152823;582.5;2;2016517532365623316;S
20241029;152823;582.49;2;2016517532365623317;S
20241029;152936;582.54;1;2016517532365623318;B
20241029;153026;582.54;1;2016517532365623319;B
20241029;153026;582.54;1;2016517532365623320;B
20241029;153029;582.54;2;2016517532365623321;S
20241029;153108;582.49;4;2016517532365623322;S
20241029;153108;582.48;23;2016517532365623323;S
20241029;153301;582.41;1;2016517532365623325;B
20241029;153301;582.32;1;2016517532365623330;S
20241029;153301;582.32;1;2016517532365623335;S
20241029;153301;582.32;1;2016517532365623340;S
20241029;153301;582.32;1;2016517532365623345;S
20241029;153506;582.42;1;2016517532365623350;B
20241029;153506;582.42;1;2016517532365623355;B
20241029;153506;582.42;1;2016517532365623360;B
20241029;153519;582.39;1;2016517532365623365;B
20241029;153526;582.38;2;2016517532365623369;B
20241029;153526;582.39;1;2016517532365623370;B
20241029;153532;582.38;1;2016517532365623371;B
20241029;153543;582.38;1;2016517532365623372;B
20241029;153623;582.38;1;2016517532365623373;S
20241029;153641;582.39;1;2016517532365623374;B
20241029;153718;582.39;3;2016517532365623375;B
20241029;153746;582.38;5;2016517532365623376;S
20241029;153746;582.38;5;2016517532365623377;S
20241029;153824;582.39;1;2016517532365623378;B
20241029;153827;582.38;2;2016517532365623379;S
20241029;153827;582.38;1;2016517532365623380;S
20241029;153827;582.38;1;2016517532365623381;S
20241029;153906;582.36;2;2016517532365623382;S
20241029;153906;582.36;6;2016517532365623383;S
20241029;154026;582.38;25;2016517532365623384;S
20241029;154026;582.38;10;2016517532365623385;S
20241029;154026;582.27;2;2016517532365623386;S
20241029;154026;582.26;2;2016517532365623387;S
20241029;154026;582.26;1;2016517532365623388;S
20241029;154026;582.25;1;2016517532365623389;S
20241029;154026;582.25;2;2016517532365623390;S
20241029;154026;582.25;1;2016517532365623391;S
20241029;154026;582.25;1;2016517532365623392;S
20241029;154026;582.25;5;2016517532365623393;S
20241029;154026;582.26;2;2016517532365623394;S
20241029;154026;582.26;1;2016517532365623395;S
20241029;154026;582.25;15;2016517532365623396;S
20241029;154026;582.25;2;2016517532365623397;S
20241029;154026;582.24;2;2016517532365623398;S
20241029;154026;582.24;1;2016517532365623399;S
20241029;154026;582.23;2;2016517532365623400;S
20241029;154026;582.23;1;2016517532365623401;S
20241029;154026;582.23;5;2016517532365623402;S
20241029;154401;582.26;1;2016517532365623403;B
20241029;154401;582.26;1;2016517532365623404;B
20241029;154541;582.33;1;2016517532365623405;B
20241029;154541;582.33;2;2016517532365623406;B
20241029;154633;582.3;2;2016517532365623407;B
20241029;154633;582.3;6;2016517532365623408;B
20241029;154633;582.3;1;2016517532365623409;B
20241029;154633;582.3;2;2016517532365623410;B
20241029;154633;582.31;8;2016517532365623411;B
20241029;154638;582.3;2;2016517532365623412;B
20241029;154638;582.3;2;2016517532365623413;B
20241029;154638;582.3;2;2016517532365623414;B
20241029;154638;582.3;1;2016517532365623415;B
20241029;154638;582.31;13;2016517532365623416;B
20241029;154657;582.34;2;2016517532365623417;B
20241029;154821;582.38;1;2016517532365623418;B
20241029;154947;582.23;1;2016517532365623419;S
20241029;155251;582.25;20;2016517532365623420;B
20241029;155253;582.25;20;2016517532365623421;B
20241029;155253;582.25;2;2016517532365623422;B
20241029;155413;582.28;2;2016517532365623423;S
20241029;155413;582.28;2;2016517532365623424;S
20241029;155422;582.31;1;2016517532365623425;S
20241029;155631;582.26;2;2016517532365623427;S
20241029;155631;582.25;1;2016517532365623428;S
20241029;155751;582.26;8;2016517532365623429;B
20241029;155810;582.25;1;2016517532365623430;S
20241029;155821;582.25;5;2016517532365623431;S
20241029;155821;582.21;1;2016517532365623432;S
20241029;155835;582.21;3;2016517532365623433;S
20241029;160101;582.21;3;2016517532365623434;S
20241029;160104;582.21;1;2016517532365623435;S
20241029;160106;582.21;1;2016517532365623436;S
20241029;160106;582.21;2;2016517532365623437;S
20241029;160152;582.18;1;2016517532365623438;S
20241029;160152;582.16;1;2016517532365623444;S
20241029;160152;582.16;1;2016517532365623449;S
20241029;160152;582.16;1;2016517532365623454;S
20241029;160152;582.15;1;2016517532365623459;S
20241029;160201;582.16;1;2016517532365623463;S
20241029;160243;582.16;1;2016517532365623465;B
20241029;160254;582.16;3;2016517532365623466;B
20241029;160254;582.16;6;2016517532365623467;B
20241029;160301;582.16;2;2016517532365623468;B
20241029;160308;582.17;2;2016517532365623469;S
20241029;160308;582.17;1;2016517532365623470;S
20241029;160308;582.16;48;2016517532365623471;S
20241029;160308;582.16;2;2016517532365623472;S
20241029;160308;582.16;1;2016517532365623473;S
20241029;160308;582.15;49;2016517532365623474;S
20241029;160308;582.15;2;2016517532365623475;S
20241029;160308;582.15;1;2016517532365623476;S
20241029;160308;582.14;1;2016517532365623477;S
20241029;160308;582.14;2;2016517532365623478;S
20241029;160308;582.13;31;2016517532365623479;S
20241029;160308;582.13;21;2016517532365623480;S
20241029;160308;582.13;2;2016517532365623481;S
20241029;160308;582.13;1;2016517532365623482;S
20241029;160308;582.12;3;2016517532365623483;S
20241029;160308;582.12;1;2016517532365623484;S
20241029;160308;582.12;2;2016517532365623485;S
20241029;160308;582.12;1;2016517532365623486;S
20241029;160308;582.12;10;2016517532365623487;S
20241029;160308;582.11;1;2016517532365623488;S
20241029;160308;582.11;1;2016517532365623489;S
20241029;160308;582.11;2;2016517532365623490;S
20241029;160308;582.11;2;2016517532365623491;S
20241029;160308;582.11;1;2016517532365623492;S
20241029;160308;582.1;1;2016517532365623493;S
20241029;160308;582.1;1;2016517532365623494;S
20241029;160308;582.1;2;2016517532365623495;S
20241029;160308;582.1;2;2016517532365623496;S
20241029;160308;582.1;1;2016517532365623497;S
20241029;160308;582.09;1;2016517532365623498;S
20241029;160308;582.09;2;2016517532365623499;S
20241029;160308;582.09;1;2016517532365623500;S
20241029;160308;582.09;2;2016517532365623501;S
20241029;160308;582.08;1;2016517532365623502;S
20241029;160308;582.08;2;2016517532365623503;S
20241029;160308;582.08;1;2016517532365623504;S
20241029;160308;582.08;2;2016517532365623505;S
20241029;160308;582.07;1;2016517532365623506;S
20241029;160308;582.07;2;2016517532365623507;S
20241029;160308;582.07;1;2016517532365623508;S
20241029;160308;582.07;1;2016517532365623509;S
20241029;160308;582.06;1;2016517532365623510;S
20241029;160308;582.06;2;2016517532365623511;S
20241029;160308;582.06;1;2016517532365623512;S
20241029;160308;582.05;2;2016517532365623513;S
20241029;160308;582.04;1;2016517532365623514;S
20241029;160308;582.04;25;2016517532365623515;S
20241029;160308;582.04;2;2016517532365623516;S
20241029;160308;582.03;25;2016517532365623517;S
20241029;160308;582.03;2;2016517532365623518;S
20241029;160308;582.03;27;2016517532365623519;S
20241029;160324;582.15;1;2016517532365623520;S
20241029;160324;582.1;2;2016517532365623521;S
20241029;160324;582.09;2;2016517532365623522;S
20241029;160324;582.08;2;2016517532365623523;S
20241029;160324;582.07;2;2016517532365623524;S
20241029;160324;582.06;2;2016517532365623525;S
20241029;160324;582.06;1;2016517532365623526;S
20241029;160324;582.05;2;2016517532365623527;S
20241029;160324;582.05;6;2016517532365623528;S
20241029;160333;582.1;2;2016517532365623529;S
20241029;160333;582.1;9;2016517532365623530;S
20241029;160523;582.08;1;2016517532365623531;B
20241029;160523;582.08;1;2016517532365623532;B
20241029;160523;582.08;2;2016517532365623533;B
20241029;160523;582.1;1;2016517532365623534;B
20241029;160523;582.1;1;2016517532365623535;B
20241029;160523;582.11;1;2016517532365623540;B
20241029;160523;582.12;2;2016517532365623541;B
20241029;160523;582.13;1;2016517532365623542;B
20241029;160539;582.06;1;2016517532365623544;S
20241029;160548;582.1;1;2016517532365623548;B
20241029;160548;582.16;1;2016517532365623549;B
20241029;160548;582.16;2;2016517532365623550;B
20241029;160642;582.18;3;2016517532365623551;B
20241029;160645;582.18;1;2016517532365623552;B
20241029;160645;582.18;4;2016517532365623553;B
20241029;160645;582.18;1;2016517532365623554;B
20241029;160645;582.21;1;2016517532365623555;B
20241029;160645;582.25;1;2016517532365623556;B
20241029;160654;582.26;1;2016517532365623557;B
20241029;160703;582.34;2;2016517532365623558;B
20241029;160703;582.34;1;2016517532365623559;B
20241029;160703;582.34;1;2016517532365623560;B
20241029;160712;582.34;1;2016517532365623561;B
20241029;160712;582.34;2;2016517532365623562;B
20241029;160712;582.34;2;2016517532365623563;B
20241029;160712;582.34;2;2016517532365623564;B
20241029;160712;582.33;1;2016517532365623565;B
20241029;160712;582.33;2;2016517532365623566;B
20241029;160712;582.33;2;2016517532365623567;B
20241029;160712;582.33;5;2016517532365623568;B
20241029;160745;582.29;1;2016517532365623569;B
20241029;160745;582.29;19;2016517532365623570;B
20241029;160749;582.21;1;2016517532365623571;S
20241029;160749;582.2;2;2016517532365623572;S
20241029;160749;582.2;2;2016517532365623573;S
20241029;160751;582.2;2;2016517532365623574;S
20241029;160751;582.2;1;2016517532365623575;S
20241029;160751;582.19;2;2016517532365623576;S
20241029;160753;582.19;5;2016517532365623577;S
20241029;160756;582.19;5;2016517532365623578;S
20241029;160809;582.27;2;2016517532365623579;B
20241029;160809;582.27;2;2016517532365623580;B
20241029;160809;582.27;1;2016517532365623581;B
20241029;160809;582.28;2;2016517532365623582;B
20241029;160809;582.28;1;2016517532365623583;B
20241029;160809;582.28;1;2016517532365623584;B
20241029;160809;582.28;1;2016517532365623585;B
20241029;160815;582.27;1;2016517532365623586;B
20241029;160815;582.27;1;2016517532365623587;B
20241029;160836;582.26;3;2016517532365623588;B
20241029;160900;582.26;1;2016517532365623589;B
20241029;160900;582.28;4;2016517532365623590;B
20241029;160910;582.28;19;2016517532365623591;B
20241029;161011;582.15;2;2016517532365623592;S
20241029;161022;582.27;1;2016517532365623593;B
20241029;161022;582.27;2;2016517532365623594;B
20241029;161022;582.27;1;2016517532365623595;B
20241029;161022;582.27;11;2016517532365623596;B
20241029;161028;582.17;2;2016517532365623597;S
20241029;161028;582.17;2;2016517532365623598;S
20241029;161028;582.16;3;2016517532365623599;S
20241029;161036;582.26;2;2016517532365623600;B
20241029;161036;582.26;1;2016517532365623601;B
20241029;161036;582.26;1;2016517532365623602;B
20241029;161036;582.26;1;2016517532365623603;B
20241029;161036;582.26;13;2016517532365623604;B
20241029;161036;582.27;1;2016517532365623605;B
20241029;161036;582.27;1;2016517532365623606;B
20241029;161104;582.25;2;2016517532365623607;B
20241029;161104;582.25;3;2016517532365623608;B
20241029;161104;582.25;1;2016517532365623609;B
20241029;161104;582.25;2;2016517532365623610;B
20241029;161104;582.25;1;2016517532365623611;B
20241029;161104;582.26;1;2016517532365623612;B
20241029;161106;582.2;2;2016517532365623617;B
20241029;161106;582.2;2;2016517532365623618;B
20241029;161106;582.2;1;2016517532365623619;B
20241029;161112;582.2;2;2016517532365623620;B
20241029;161112;582.2;2;2016517532365623621;B
20241029;161112;582.2;1;2016517532365623622;B
20241029;161112;582.21;5;2016517532365623623;B
20241029;161121;582.18;2;2016517532365623624;B
20241029;161121;582.18;1;2016517532365623625;B
20241029;161121;582.19;2;2016517532365623626;B
20241029;161121;582.19;5;2016517532365623627;B
20241029;161126;582.18;2;2016517532365623628;B
20241029;161126;582.19;3;2016517532365623629;B
20241029;161128;582.18;2;2016517532365623630;B
20241029;161128;582.19;10;2016517532365623631;B
20241029;161140;582.15;2;2016517532365623632;B
20241029;161140;582.15;2;2016517532365623633;B
20241029;161140;582.15;1;2016517532365623634;B
20241029;161143;582.15;19;2016517532365623635;B
20241029;161143;582.15;1;2016517532365623636;B
20241029;161153;582.16;2;2016517532365623637;B
20241029;161153;582.16;2;2016517532365623638;B
20241029;161153;582.16;2;2016517532365623639;B
20241029;161153;582.17;2;2016517532365623640;B
20241029;161153;582.17;2;2016517532365623641;B
20241029;161201;582.16;2;2016517532365623642;B
20241029;161201;582.17;8;2016517532365623643;B
20241029;161204;582.17;1;2016517532365623644;B
20241029;161212;582.16;2;2016517532365623645;B
20241029;161212;582.17;8;2016517532365623646;B
20241029;161219;582.17;6;2016517532365623647;B
20241029;161219;582.21;1;2016517532365623648;B
20241029;161219;582.21;3;2016517532365623649;B
20241029;161226;582.19;2;2016517532365623650;B
20241029;161226;582.19;8;2016517532365623651;B
20241029;161226;582.19;5;2016517532365623652;B
20241029;161231;582.19;5;2016517532365623653;B
20241029;161231;582.19;10;2016517532365623654;B
20241029;161233;582.17;1;2016517532365623655;S
20241029;161236;582.24;1;2016517532365623657;B
20241029;161236;582.24;1;2016517532365623662;B
20241029;161247;582.22;1;2016517532365623667;B
20241029;161249;582.2;5;2016517532365623671;B
20241029;161249;582.15;1;2016517532365623672;S
20241029;161249;582.15;2;2016517532365623673;S
20241029;161249;582.15;7;2016517532365623674;S
20241029;161333;582.18;1;2016517532365623676;B
20241029;161408;582.15;1;2016517532365623680;B
20241029;161416;582.2;1;2016517532365623681;B
20241029;161425;582.18;1;2016517532365623682;B
20241029;161425;582.18;2;2016517532365623683;B
20241029;161425;582.18;2;2016517532365623684;B
20241029;161438;582.2;1;2016517532365623685;B
20241029;161438;582.2;1;2016517532365623686;B
20241029;161438;582.2;3;2016517532365623687;B
20241029;161445;582.19;5;2016517532365623688;B
20241029;161456;582.19;1;2016517532365623689;B
20241029;161456;582.19;4;2016517532365623690;B
20241029;161504;582.19;2;2016517532365623691;B
20241029;161504;582.19;1;2016517532365623692;B
20241029;161504;582.19;2;2016517532365623693;B
20241029;161508;582.19;2;2016517532365623694;B
20241029;161508;582.19;3;2016517532365623695;B
20241029;161512;582.18;2;2016517532365623696;B
20241029;161532;582.19;1;2016517532365623697;B
20241029;161549;582.15;16;2016517532365623698;S
20241029;161549;582.15;2;2016517532365623699;S
20241029;161558;582.15;2;2016517532365623700;S
20241029;161558;582.14;1;2016517532365623701;S
20241029;161558;582.14;2;2016517532365623702;S
20241029;161706;582.21;2;2016517532365623703;B
20241029;161706;582.21;1;2016517532365623704;B
20241029;161706;582.21;7;2016517532365623705;B
20241029;161843;582.17;2;2016517532365623706;B
20241029;161922;582.2;2;2016517532365623707;B
20241029;161922;582.2;8;2016517532365623708;B
20241029;162156;582.17;1;2016517532365623710;B
20241029;162247;582.17;1;2016517532365623714;B
20241029;162304;582.17;1;2016517532365623715;S
20241029;162347;582.18;2;2016517532365623716;B
20241029;162352;582.17;2;2016517532365623717;S
20241029;162352;582.17;1;2016517532365623718;S
20241029;162539;582.18;3;2016517532365623719;B
20241029;162539;582.18;1;2016517532365623720;B
20241029;162539;582.19;1;2016517532365623721;B
20241029;162539;582.2;1;2016517532365623722;B
20241029;162539;582.2;1;2016517532365623727;B
20241029;162539;582.2;1;2016517532365623732;B
20241029;162539;582.2;1;2016517532365623737;B
20241029;162539;582.2;1;2016517532365623742;B
20241029;162539;582.21;2;2016517532365623747;B
20241029;162539;582.21;31;2016517532365623748;B
20241029;162541;582.18;1;2016517532365623753;S
20241029;162801;582.2;1;2016517532365623754;B
20241029;162801;582.21;4;2016517532365623759;B
20241029;162808;582.3;2;2016517532365623764;S
20241029;162808;582.3;2;2016517532365623765;S
20241029;162808;582.3;1;2016517532365623766;S
20241029;162808;582.3;1;2016517532365623767;S
20241029;162826;582.35;1;2016517532365623768;B
20241029;162826;582.45;1;2016517532365623769;B
20241029;162826;582.49;1;2016517532365623770;B
20241029;162826;582.49;8;2016517532365623771;B
20241029;162836;582.45;1;2016517532365623772;B
20241029;162909;582.45;1;2016517532365623773;B
20241029;162910;582.46;1;2016517532365623774;B
20241029;162914;582.44;1;2016517532365623775;S
20241029;163021;582.26;1;2016517532365623776;B
20241029;163021;582.27;7;2016517532365623777;B
20241029;163027;582.27;1;2016517532365623778;B
20241029;163030;582.25;1;2016517532365623779;S
20241029;163039;582.24;1;2016517532365623780;S
20241029;163044;582.21;1;2016517532365623781;B
20241029;163045;582.17;2;2016517532365623782;S
20241029;163046;582.18;1;2016517532365623783;B
20241029;163046;582.18;2;2016517532365623784;B
20241029;163046;582.18;1;2016517532365623785;B
20241029;163046;582.15;5;2016517532365623786;S
20241029;163046;582.15;1;2016517532365623787;S
20241029;163107;582.12;1;2016517532365623788;S
20241029;163107;582.12;1;2016517532365623789;S
20241029;163107;582.11;100;2016517532365623790;S
20241029;163107;582.11;1;2016517532365623791;S
20241029;163107;582.1;1;2016517532365623792;S
20241029;163108;582.06;1;2016517532365623793;S
20241029;163108;582.05;1;2016517532365623794;S
20241029;163111;582.02;1;2016517532365623795;S
20241029;163111;582.02;4;2016517532365623796;S
20241029;163111;582.02;1;2016517532365623797;S
20241029;163111;582.01;1;2016517532365623798;S
20241029;163111;582.01;1;2016517532365623799;S
20241029;163111;582;10;2016517532365623800;S
20241029;163111;582;1;2016517532365623801;S
20241029;163111;582;3;2016517532365623802;S
20241029;163111;582;1;2016517532365623803;S
20241029;163111;582;1;2016517532365623804;S
20241029;163111;582;4;2016517532365623805;S
20241029;163112;582;4;2016517532365623806;S
20241029;163112;582;2;2016517532365623807;S
20241029;163112;582;1;2016517532365623808;S
20241029;163112;582;2;2016517532365623809;S
20241029;163112;582;1;2016517532365623810;S
20241029;163112;582;1;2016517532365623811;S
20241029;163112;582;3;2016517532365623812;S
20241029;163112;582;1;2016517532365623813;S
20241029;163112;582;16;2016517532365623814;S
20241029;163112;581.98;5;2016517532365623815;S
20241029;163112;581.98;1;2016517532365623816;S
20241029;163113;581.91;1;2016517532365623817;B
20241029;163118;581.88;2;2016517532365623818;S
20241029;163118;581.85;20;2016517532365623819;S
20241029;163118;581.85;10;2016517532365623820;S
20241029;163122;581.84;5;2016517532365623821;S
20241029;163122;581.84;1;2016517532365623822;S
20241029;163129;581.78;1;2016517532365623823;B
20241029;163130;581.78;1;2016517532365623824;B
20241029;163206;581.77;2;2016517532365623825;S
20241029;163213;581.72;2;2016517532365623826;S
20241029;163213;581.72;2;2016517532365623827;S
20241029;163213;581.72;1;2016517532365623828;S
20241029;163213;581.72;5;2016517532365623829;S
20241029;163214;581.74;2;2016517532365623830;S
20241029;163214;581.74;2;2016517532365623831;S
20241029;163218;581.75;2;2016517532365623832;B
20241029;163218;581.75;13;2016517532365623833;B
20241029;163218;581.77;5;2016517532365623834;B
20241029;163219;581.78;1;2016517532365623835;B
20241029;163219;581.77;10;2016517532365623836;S
20241029;163226;581.78;4;2016517532365623837;B
20241029;163238;581.77;1;2016517532365623838;S
20241029;163248;581.77;1;2016517532365623839;S
20241029;163249;581.78;1;2016517532365623841;B
20241029;163249;581.78;1;2016517532365623846;B
20241029;163304;581.78;17;2016517532365623850;B
20241029;163314;581.77;20;2016517532365623851;S
20241029;163314;581.77;1;2016517532365623852;S
20241029;163314;581.77;1;2016517532365623857;S
20241029;163314;581.77;1;2016517532365623862;S
20241029;163314;581.75;4;2016517532365623867;S
20241029;163320;581.71;1;2016517532365623868;S
20241029;163320;581.7;10;2016517532365623869;S
20241029;163320;581.7;10;2016517532365623870;S
20241029;163320;581.7;40;2016517532365623871;S
20241029;163320;581.7;4;2016517532365623872;S
20241029;163320;581.7;1;2016517532365623873;S
20241029;163320;581.69;2;2016517532365623874;S
20241029;163327;581.61;1;2016517532365623876;S
20241029;163327;581.6;3;2016517532365623877;S
20241029;163327;581.6;5;2016517532365623878;S
20241029;163327;581.6;1;2016517532365623879;S
20241029;163327;581.6;9;2016517532365623880;S
20241029;163327;581.56;1;2016517532365623881;S
20241029;163328;581.54;2;2016517532365623882;B
20241029;163335;581.53;1;2016517532365623883;B
20241029;163337;581.51;1;2016517532365623884;S
20241029;163337;581.5;1;2016517532365623885;S
20241029;163337;581.5;8;2016517532365623886;S
20241029;163337;581.5;22;2016517532365623887;S
20241029;163337;581.5;10;2016517532365623888;S
20241029;163337;581.46;2;2016517532365623889;S
20241029;163337;581.45;2;2016517532365623890;S
20241029;163337;581.44;1;2016517532365623891;S
20241029;163337;581.44;1;2016517532365623892;S
20241029;163337;581.44;2;2016517532365623893;S
20241029;163337;581.43;1;2016517532365623894;S
20241029;163337;581.43;2;2016517532365623895;S
20241029;163337;581.42;1;2016517532365623896;S
20241029;163337;581.42;2;2016517532365623897;S
20241029;163337;581.41;2;2016517532365623898;S
20241029;163337;581.41;1;2016517532365623899;S
20241029;163337;581.4;8;2016517532365623900;S
20241029;163337;581.4;2;2016517532365623901;S
20241029;163337;581.4;4;2016517532365623902;S
20241029;163337;581.4;1;2016517532365623903;S
20241029;163337;581.39;1;2016517532365623904;S
20241029;163337;581.39;2;2016517532365623905;S
20241029;163337;581.38;1;2016517532365623906;S
20241029;163337;581.38;2;2016517532365623907;S
20241029;163337;581.37;1;2016517532365623908;S
20241029;163337;581.37;2;2016517532365623909;S
20241029;163337;581.37;2;2016517532365623910;S
20241029;163337;581.36;1;2016517532365623911;S
20241029;163337;581.36;2;2016517532365623912;S
20241029;163337;581.36;21;2016517532365623913;S
20241029;163338;581.49;2;2016517532365623914;B
20241029;163339;581.49;1;2016517532365623915;B
20241029;163339;581.49;1;2016517532365623916;B
20241029;163339;581.47;3;2016517532365623917;B
20241029;163339;581.45;4;2016517532365623918;S
20241029;163339;581.4;2;2016517532365623919;S
20241029;163339;581.37;2;2016517532365623920;S
20241029;163339;581.37;1;2016517532365623921;S
20241029;163339;581.36;2;2016517532365623922;S
20241029;163339;581.36;2;2016517532365623923;S
20241029;163339;581.35;1;2016517532365623924;S
20241029;163339;581.35;2;2016517532365623925;S
20241029;163339;581.35;2;2016517532365623926;S
20241029;163339;581.35;1;2016517532365623927;S
20241029;163339;581.34;1;2016517532365623928;S
20241029;163339;581.34;2;2016517532365623929;S
20241029;163339;581.34;2;2016517532365623930;S
20241029;163339;581.34;1;2016517532365623931;S
20241029;163339;581.34;75;2016517532365623932;S
20241029;163343;581.33;2;2016517532365623933;S
20241029;163343;581.32;5;2016517532365623934;S
20241029;163343;581.32;1;2016517532365623935;S
20241029;163343;581.29;2;2016517532365623936;S
20241029;163348;581.33;2;2016517532365623937;B
20241029;163348;581.33;1;2016517532365623938;B
20241029;163348;581.33;20;2016517532365623939;B
20241029;163348;581.33;2;2016517532365623940;B
20241029;163348;581.33;2;2016517532365623941;B
20241029;163348;581.33;2;2016517532365623942;B
20241029;163348;581.33;1;2016517532365623943;B
20241029;163348;581.33;1;2016517532365623944;B
20241029;163348;581.34;2;2016517532365623945;B
20241029;163348;581.34;1;2016517532365623946;B
20241029;163348;581.35;2;2016517532365623947;B
20241029;163348;581.35;1;2016517532365623948;B
20241029;163348;581.36;2;2016517532365623949;B
20241029;163348;581.36;1;2016517532365623950;B
20241029;163348;581.37;2;2016517532365623951;B
20241029;163348;581.37;1;2016517532365623952;B
20241029;163348;581.39;2;2016517532365623953;B
20241029;163348;581.39;1;2016517532365623954;B
20241029;163348;581.4;2;2016517532365623955;B
20241029;163348;581.4;1;2016517532365623956;B
20241029;163348;581.4;1;2016517532365623957;B
20241029;163348;581.41;2;2016517532365623958;B
20241029;163348;581.41;1;2016517532365623959;B
20241029;163348;581.42;1;2016517532365623960;B
20241029;163348;581.42;2;2016517532365623961;B
20241029;163412;581.41;1;2016517532365623962;B
20241029;163416;581.34;1;2016517532365623963;S
20241029;163416;581.34;1;2016517532365623964;S
20241029;163416;581.28;2;2016517532365623965;S
20241029;163416;581.28;1;2016517532365623966;S
20241029;163416;581.28;1;2016517532365623967;S
20241029;163416;581.24;1;2016517532365623968;S
20241029;163416;581.24;1;2016517532365623969;S
20241029;163416;581.21;2;2016517532365623970;S
20241029;163419;581.4;1;2016517532365623971;B
20241029;163419;581.41;2;2016517532365623972;B
20241029;163427;581.32;4;2016517532365623973;B
20241029;163427;581.22;1;2016517532365623974;S
20241029;163427;581.22;1;2016517532365623975;S
20241029;163427;581.21;1;2016517532365623976;S
20241029;163427;581.21;1;2016517532365623977;S
20241029;163427;581.2;4;2016517532365623978;S
20241029;163427;581.2;1;2016517532365623979;S
20241029;163427;581.2;1;2016517532365623980;S
20241029;163438;581.26;2;2016517532365623981;B
20241029;163439;581.24;1;2016517532365623982;S
20241029;163439;581.23;9;2016517532365623983;S
20241029;163446;581.23;1;2016517532365623984;S
20241029;163449;581.32;1;2016517532365623985;B
20241029;163452;581.23;10;2016517532365623986;S
20241029;163453;581.37;5;2016517532365623987;B
20241029;163455;581.23;28;2016517532365623988;S
20241029;163455;581.23;2;2016517532365623989;S
20241029;163502;581.3;15;2016517532365623990;S
20241029;163505;581.25;1;2016517532365623991;B
20241029;163510;581.22;20;2016517532365623992;S
20241029;163510;581.22;4;2016517532365623993;S
20241029;163529;581.22;3;2016517532365623994;S
20241029;163531;581.22;1;2016517532365623995;S
20241029;163533;581.22;1;2016517532365623996;S
20241029;163549;581.3;1;2016517532365623997;B
20241029;163556;581.27;1;2016517532365623999;B
20241029;163556;581.27;1;2016517532365624004;B
20241029;163556;581.27;1;2016517532365624009;B
20241029;163558;581.23;1;2016517532365624013;S
20241029;163624;581.38;1;2016517532365624014;B
20241029;163624;581.4;2;2016517532365624019;B
20241029;163624;581.41;2;2016517532365624020;B
20241029;163624;581.42;2;2016517532365624021;B
20241029;163624;581.43;2;2016517532365624022;B
20241029;163624;581.44;2;2016517532365624023;B
20241029;163625;581.45;1;2016517532365624025;B
20241029;163625;581.45;1;2016517532365624029;B
20241029;163625;581.46;2;2016517532365624030;B
20241029;163626;581.45;2;2016517532365624031;S
20241029;163626;581.45;1;2016517532365624032;S
