<DATE>;<TIME>;<LAST>;<VOL>;<ID>;<OPER>
20241029;100002;848.5;7;2016799007342330723;B
20241029;100002;848.5;7;2016799007342330724;B
20241029;100006;849;1;2016799007342330725;B
20241029;100006;849;10;2016799007342330726;B
20241029;100006;849;1;2016799007342330727;B
20241029;100006;849;10;2016799007342330728;B
20241029;100006;849;1;2016799007342330729;B
20241029;100006;849;1;2016799007342330730;B
20241029;100006;849;1;2016799007342330731;B
20241029;100006;849;1;2016799007342330732;B
20241029;100010;849.5;9;2016799007342330733;B
20241029;100010;849.5;1;2016799007342330734;B
20241029;100010;849.5;1;2016799007342330735;B
20241029;100010;849.5;1;2016799007342330736;B
20241029;100010;849.5;1;2016799007342330737;B
20241029;100010;849.5;2;2016799007342330738;B
20241029;100010;849.5;2;2016799007342330739;B
20241029;100010;849.5;1;2016799007342330740;B
20241029;100010;849.5;1;2016799007342330741;B
20241029;100010;849.5;2;2016799007342330742;B
20241029;100010;849.5;2;2016799007342330743;B
20241029;100010;849.5;2;2016799007342330744;B
20241029;100010;849.5;5;2016799007342330745;B
20241029;100014;850;10;2016799007342330746;B
20241029;100014;850;1;2016799007342330747;B
20241029;100014;850;1;2016799007342330748;B
20241029;100014;850;7;2016799007342330749;B
20241029;100014;850;1;2016799007342330750;B
20241029;100014;850;1;2016799007342330751;B
20241029;100014;850;1;2016799007342330752;B
20241029;100014;850;10;2016799007342330753;B
20241029;100014;850;1;2016799007342330754;B
20241029;100014;850;1;2016799007342330755;B
20241029;100014;850;1;2016799007342330756;B
20241029;100015;850;1;2016799007342330757;B
20241029;100023;849.5;1;2016799007342330758;S
20241029;100023;849.5;2;2016799007342330759;S
20241029;100026;849.5;1;2016799007342330760;S
20241029;100027;850.5;1;2016799007342330761;B
20241029;100027;850.5;1;2016799007342330762;B
20241029;100027;850.5;1;2016799007342330763;B
20241029;100027;850.5;1;2016799007342330764;B
20241029;100027;850.5;3;2016799007342330765;B
20241029;100027;850.5;5;2016799007342330766;B
20241029;100027;850.5;2;2016799007342330767;B
20241029;100028;850;3;2016799007342330768;B
20241029;100029;851;1;2016799007342330769;B
20241029;100029;851;1;2016799007342330770;B
20241029;100029;851;2;2016799007342330771;B
20241029;100029;851;2;2016799007342330772;B
20241029;100030;851;1;2016799007342330773;B
20241029;100031;851;1;2016799007342330774;B
20241029;100035;851;17;2016799007342330775;B
20241029;100035;851;2;2016799007342330776;B
20241029;100038;851;12;2016799007342330777;B
20241029;100041;850;1;2016799007342330778;S
20241029;100041;850;4;2016799007342330779;S
20241029;100041;849.5;1;2016799007342330780;S
20241029;100045;849.5;21;2016799007342330781;B
20241029;100046;850;2;2016799007342330782;B
20241029;100050;849;1;2016799007342330783;S
20241029;100050;849;1;2016799007342330784;S
20241029;100050;849;9;2016799007342330785;S
20241029;100050;849;5;2016799007342330786;S
20241029;100050;849;4;2016799007342330787;S
20241029;100050;849;2;2016799007342330788;S
20241029;100053;849.5;4;2016799007342330789;B
20241029;100056;848.5;1;2016799007342330790;S
20241029;100101;849;12;2016799007342330791;B
20241029;100102;848.5;1;2016799007342330792;S
20241029;100103;850;8;2016799007342330793;B
20241029;100103;850;6;2016799007342330794;B
20241029;100105;850;1;2016799007342330795;B
20241029;100109;849;5;2016799007342330796;S
20241029;100113;850;1;2016799007342330797;B
20241029;100114;849.5;5;2016799007342330798;B
20241029;100114;849.5;1;2016799007342330799;B
20241029;100114;849.5;3;2016799007342330800;B
20241029;100117;850;123;2016799007342330801;B
20241029;100117;850.5;43;2016799007342330802;B
20241029;100117;849.5;6;2016799007342330803;B
20241029;100121;849.5;1;2016799007342330804;B
20241029;100139;850.5;21;2016799007342330805;B
20241029;100140;849;1;2016799007342330806;S
20241029;100141;850.5;1;2016799007342330807;B
20241029;100146;850.5;30;2016799007342330808;B
20241029;100153;850.5;10;2016799007342330809;B
20241029;100210;851;5;2016799007342330810;B
20241029;100211;851;1;2016799007342330811;B
20241029;100214;851;10;2016799007342330812;B
20241029;100214;851;1;2016799007342330813;B
20241029;100214;851;1;2016799007342330814;B
20241029;100214;851;1;2016799007342330815;B
20241029;100214;851;5;2016799007342330816;B
20241029;100214;851;5;2016799007342330817;B
20241029;100214;851;1;2016799007342330818;B
20241029;100214;851;1;2016799007342330819;B
20241029;100214;851;1;2016799007342330820;B
20241029;100214;851;2;2016799007342330821;B
20241029;100214;851;10;2016799007342330822;B
20241029;100214;851;5;2016799007342330823;B
20241029;100214;851;7;2016799007342330824;B
20241029;100214;851;3;2016799007342330825;B
20241029;100214;851;1;2016799007342330826;B
20241029;100220;851.5;1;2016799007342330827;B
20241029;100220;851.5;1;2016799007342330828;B
20241029;100220;851.5;4;2016799007342330829;B
20241029;100220;851.5;1;2016799007342330830;B
20241029;100220;851.5;1;2016799007342330831;B
20241029;100220;851;1;2016799007342330832;B
20241029;100220;851.5;3;2016799007342330833;B
20241029;100233;851.5;2;2016799007342330834;B
20241029;100236;851.5;3;2016799007342330835;B
20241029;100236;851.5;2;2016799007342330836;B
20241029;100236;851.5;3;2016799007342330837;B
20241029;100236;851.5;1;2016799007342330838;B
20241029;100236;851.5;1;2016799007342330839;B
20241029;100236;851.5;2;2016799007342330840;S
20241029;100236;851.5;2;2016799007342330841;S
20241029;100238;851.5;2;2016799007342330842;B
20241029;100244;852;1;2016799007342330843;B
20241029;100244;852;1;2016799007342330844;B
20241029;100244;852;1;2016799007342330845;B
20241029;100244;852;1;2016799007342330846;B
20241029;100244;852;1;2016799007342330847;B
20241029;100244;852;1;2016799007342330848;B
20241029;100245;852;3;2016799007342330849;B
20241029;100246;852;2;2016799007342330850;B
20241029;100258;851.5;1;2016799007342330851;S
20241029;100305;852;1;2016799007342330852;B
20241029;100313;851;1;2016799007342330853;S
20241029;100314;851.5;1;2016799007342330854;B
20241029;100317;851.5;5;2016799007342330855;B
20241029;100318;851.5;6;2016799007342330856;B
20241029;100320;851.5;3;2016799007342330857;B
20241029;100330;851.5;2;2016799007342330858;B
20241029;100332;851.5;1;2016799007342330859;S
20241029;100334;851.5;1;2016799007342330860;S
20241029;100336;851.5;1;2016799007342330861;S
20241029;100342;852;1;2016799007342330862;B
20241029;100353;852;1;2016799007342330863;B
20241029;100359;852;3;2016799007342330864;B
20241029;100411;852;6;2016799007342330865;B
20241029;100411;852;1;2016799007342330866;B
20241029;100411;852;1;2016799007342330867;B
20241029;100411;852;1;2016799007342330868;B
20241029;100411;852;3;2016799007342330869;B
20241029;100411;852;6;2016799007342330870;B
20241029;100411;852;1;2016799007342330871;B
20241029;100411;852;1;2016799007342330872;B
20241029;100412;852;1;2016799007342330873;B
20241029;100412;852;1;2016799007342330874;B
20241029;100412;852;1;2016799007342330875;B
20241029;100412;852;1;2016799007342330876;B
20241029;100412;852;1;2016799007342330881;B
20241029;100412;852;2;2016799007342330886;B
20241029;100412;852;1;2016799007342330887;B
20241029;100415;852;1;2016799007342330888;B
20241029;100415;852;2;2016799007342330889;B
20241029;100416;852;1;2016799007342330890;B
20241029;100418;852;1;2016799007342330891;B
20241029;100418;852;1;2016799007342330892;B
20241029;100418;852;4;2016799007342330893;B
20241029;100421;851.5;1;2016799007342330894;S
20241029;100422;852.5;1;2016799007342330895;B
20241029;100423;852.5;1;2016799007342330896;B
20241029;100423;852.5;4;2016799007342330897;B
20241029;100423;852.5;2;2016799007342330898;B
20241029;100423;852.5;15;2016799007342330899;B
20241029;100429;851.5;1;2016799007342330900;S
20241029;100432;852.5;3;2016799007342330901;B
20241029;100437;852.5;1;2016799007342330902;B
20241029;100448;851.5;1;2016799007342330903;S
20241029;100448;851.5;1;2016799007342330904;S
20241029;100448;851.5;1;2016799007342330905;S
20241029;100448;851.5;1;2016799007342330906;S
20241029;100448;851.5;1;2016799007342330911;S
20241029;100453;852;25;2016799007342330912;B
20241029;100457;851;1;2016799007342330913;S
20241029;100457;851;17;2016799007342330914;S
20241029;100457;852;1;2016799007342330915;B
20241029;100459;851;1;2016799007342330916;S
20241029;100506;851;1;2016799007342330917;S
20241029;100507;851.5;2;2016799007342330918;B
20241029;100508;851.5;14;2016799007342330919;B
20241029;100511;851.5;5;2016799007342330920;B
20241029;100514;851.5;4;2016799007342330921;B
20241029;100514;851.5;8;2016799007342330922;B
20241029;100517;852;1;2016799007342330923;B
20241029;100528;851.5;1;2016799007342330924;B
20241029;100540;851;1;2016799007342330925;S
20241029;100540;851;4;2016799007342330926;S
20241029;100540;851;1;2016799007342330927;S
20241029;100541;851.5;1;2016799007342330928;B
20241029;100551;851;1;2016799007342330929;B
20241029;100553;851;1;2016799007342330930;B
20241029;100604;850.5;3;2016799007342330931;S
20241029;100605;851;2;2016799007342330932;B
20241029;100605;850.5;3;2016799007342330933;S
20241029;100608;851;1;2016799007342330934;B
20241029;100611;850.5;2;2016799007342330935;S
20241029;100621;851;1;2016799007342330936;B
20241029;100622;850.5;1;2016799007342330937;S
20241029;100634;851;1;2016799007342330938;B
20241029;100634;851;2;2016799007342330939;B
20241029;100639;851.5;2;2016799007342330940;B
20241029;100644;850.5;3;2016799007342330941;S
20241029;100647;851.5;1;2016799007342330942;B
20241029;100706;851.5;1;2016799007342330943;B
20241029;100706;851.5;1;2016799007342330944;B
20241029;100706;851.5;12;2016799007342330945;B
20241029;100717;851.5;1;2016799007342330946;B
20241029;100728;850.5;20;2016799007342330947;S
20241029;100728;850.5;1;2016799007342330948;S
20241029;100728;850.5;1;2016799007342330949;S
20241029;100728;850.5;1;2016799007342330950;S
20241029;100728;850.5;10;2016799007342330951;S
20241029;100728;850.5;1;2016799007342330952;S
20241029;100728;850.5;1;2016799007342330953;S
20241029;100728;850.5;1;2016799007342330954;S
20241029;100728;850.5;5;2016799007342330955;S
20241029;100728;850.5;24;2016799007342330956;S
20241029;100728;850.5;17;2016799007342330957;S
20241029;100728;850.5;3;2016799007342330958;S
20241029;100728;850.5;1;2016799007342330959;S
20241029;100728;850.5;2;2016799007342330960;S
20241029;100730;850;14;2016799007342330961;S
20241029;100731;850;2;2016799007342330962;S
20241029;100731;850;12;2016799007342330963;S
20241029;100731;850;8;2016799007342330964;S
20241029;100732;850;1;2016799007342330965;S
20241029;100732;850;1;2016799007342330966;S
20241029;100732;850;17;2016799007342330967;S
20241029;100732;850;1;2016799007342330968;S
20241029;100732;849.5;2;2016799007342330969;S
20241029;100736;850;1;2016799007342330970;B
20241029;100737;849.5;3;2016799007342330971;S
20241029;100743;849.5;20;2016799007342330972;S
20241029;100743;849.5;1;2016799007342330973;S
20241029;100743;849.5;1;2016799007342330974;S
20241029;100743;849.5;1;2016799007342330975;S
20241029;100743;849.5;1;2016799007342330976;S
20241029;100743;849.5;76;2016799007342330977;S
20241029;100748;849.5;5;2016799007342330978;S
20241029;100748;849.5;1;2016799007342330979;S
20241029;100748;849;4;2016799007342330980;S
20241029;100807;850;1;2016799007342330981;B
20241029;100817;849;9;2016799007342330982;S
20241029;100817;850;1;2016799007342330983;B
20241029;100828;849;50;2016799007342330984;S
20241029;100847;849;1;2016799007342330985;S
20241029;100847;849;7;2016799007342330986;S
20241029;100847;849;3;2016799007342330987;S
20241029;100847;849;1;2016799007342330988;S
20241029;100847;849;1;2016799007342330989;S
20241029;100847;849;1;2016799007342330990;S
20241029;100848;849;4;2016799007342330991;S
20241029;100848;849;3;2016799007342330992;S
20241029;100848;849;3;2016799007342330993;S
20241029;100848;849;1;2016799007342330994;S
20241029;100848;849;1;2016799007342330995;S
20241029;100848;849;1;2016799007342330996;S
20241029;100848;849;1;2016799007342330997;S
20241029;100848;849;1;2016799007342330998;S
20241029;100855;848.5;1;2016799007342330999;S
20241029;100855;848.5;5;2016799007342331000;S
20241029;100855;848.5;5;2016799007342331001;S
20241029;100855;848;10;2016799007342331002;S
20241029;100855;848;1;2016799007342331003;S
20241029;100855;848;2;2016799007342331004;S
20241029;100855;848;6;2016799007342331005;S
20241029;100856;848;1;2016799007342331006;S
20241029;100859;848;1;2016799007342331007;S
20241029;100859;848;7;2016799007342331008;S
20241029;100859;848;3;2016799007342331009;S
20241029;100859;848;3;2016799007342331010;S
20241029;100859;848;2;2016799007342331011;S
20241029;100859;848;2;2016799007342331012;S
20241029;100859;848;1;2016799007342331013;S
20241029;100859;848;1;2016799007342331014;S
20241029;100905;847.5;1;2016799007342331015;S
20241029;100907;847.5;1;2016799007342331016;S
20241029;100908;847.5;1;2016799007342331017;S
20241029;100908;847.5;2;2016799007342331018;S
20241029;100908;847.5;1;2016799007342331019;S
20241029;100908;847.5;1;2016799007342331020;S
20241029;100908;847.5;1;2016799007342331021;S
20241029;100908;847.5;1;2016799007342331022;S
20241029;100908;847.5;1;2016799007342331023;S
20241029;100908;847.5;1;2016799007342331024;S
20241029;100908;847.5;2;2016799007342331025;S
20241029;100909;847;1;2016799007342331026;S
20241029;100911;847;1;2016799007342331027;S
20241029;100913;847;1;2016799007342331028;S
20241029;100915;847;1;2016799007342331030;S
20241029;100916;847.5;1;2016799007342331031;B
20241029;100917;847;1;2016799007342331032;S
20241029;100919;847;2;2016799007342331033;S
20241029;100919;847;4;2016799007342331034;S
20241029;100919;847;5;2016799007342331035;S
20241029;100919;847;1;2016799007342331036;S
20241029;100920;847;10;2016799007342331037;S
20241029;100921;847.5;1;2016799007342331038;B
20241029;100924;846.5;1;2016799007342331039;S
20241029;100935;847;1;2016799007342331040;B
20241029;100938;846.5;1;2016799007342331041;S
20241029;100938;846.5;1;2016799007342331042;S
20241029;100941;846.5;1;2016799007342331043;S
20241029;100941;846.5;1;2016799007342331044;S
20241029;100943;846.5;1;2016799007342331045;S
20241029;100943;846.5;1;2016799007342331046;S
20241029;100943;846.5;1;2016799007342331047;S
20241029;100953;846.5;1;2016799007342331048;B
20241029;100954;846.5;1;2016799007342331049;B
20241029;100956;847.5;1;2016799007342331050;B
20241029;100958;847.5;1;2016799007342331051;B
20241029;100959;847.5;1;2016799007342331052;B
20241029;101001;847.5;1;2016799007342331053;B
20241029;101002;847.5;1;2016799007342331054;B
20241029;101004;847.5;1;2016799007342331055;B
20241029;101005;847.5;1;2016799007342331056;B
20241029;101007;848;1;2016799007342331057;B
20241029;101009;847.5;1;2016799007342331058;S
20241029;101009;847.5;3;2016799007342331059;S
20241029;101011;848;1;2016799007342331060;B
20241029;101011;848;2;2016799007342331061;B
20241029;101011;848;1;2016799007342331062;B
20241029;101012;848;1;2016799007342331063;B
20241029;101013;848.5;2;2016799007342331068;B
20241029;101015;848;7;2016799007342331069;S
20241029;101016;848;14;2016799007342331070;S
20241029;101026;848.5;1;2016799007342331071;B
20241029;101026;848.5;1;2016799007342331072;B
20241029;101026;848.5;1;2016799007342331073;B
20241029;101026;848.5;1;2016799007342331074;B
20241029;101026;848.5;1;2016799007342331075;B
20241029;101026;848.5;1;2016799007342331076;B
20241029;101026;848.5;1;2016799007342331077;B
20241029;101029;849;10;2016799007342331078;B
20241029;101035;847.5;1;2016799007342331079;S
20241029;101046;849;10;2016799007342331080;B
20241029;101054;849;5;2016799007342331081;B
20241029;101054;849;10;2016799007342331082;B
20241029;101103;849;60;2016799007342331083;B
20241029;101103;848;1;2016799007342331084;S
20241029;101109;849;1;2016799007342331085;B
20241029;101109;849;1;2016799007342331090;B
20241029;101109;849;2;2016799007342331091;B
20241029;101117;849;1;2016799007342331092;B
20241029;101124;849;5;2016799007342331093;B
20241029;101124;849.5;6;2016799007342331094;B
20241029;101138;849.5;1;2016799007342331095;B
20241029;101219;848;63;2016799007342331096;S
20241029;101225;849.5;20;2016799007342331097;B
20241029;101225;849;5;2016799007342331098;S
20241029;101234;849;1;2016799007342331099;B
20241029;101341;849;1;2016799007342331100;B
20241029;101346;849.5;1;2016799007342331101;B
20241029;101346;849.5;10;2016799007342331102;B
20241029;101346;849.5;1;2016799007342331103;B
20241029;101346;849.5;1;2016799007342331104;B
20241029;101346;849.5;1;2016799007342331105;B
20241029;101346;849.5;1;2016799007342331106;B
20241029;101346;849.5;1;2016799007342331107;B
20241029;101346;849.5;1;2016799007342331108;B
20241029;101346;849.5;1;2016799007342331109;B
20241029;101346;849.5;1;2016799007342331110;B
20241029;101346;849.5;3;2016799007342331111;B
20241029;101346;849.5;9;2016799007342331112;B
20241029;101346;849.5;1;2016799007342331113;B
20241029;101346;849.5;2;2016799007342331114;B
20241029;101346;849.5;2;2016799007342331115;B
20241029;101348;849.5;2;2016799007342331116;B
20241029;101348;849.5;1;2016799007342331117;B
20241029;101356;850;35;2016799007342331118;B
20241029;101357;850;1;2016799007342331119;B
20241029;101404;849.5;2;2016799007342331120;B
20241029;101404;849.5;1;2016799007342331121;B
20241029;101508;849.5;1;2016799007342331122;B
20241029;101510;850;10;2016799007342331123;B
20241029;101510;850;5;2016799007342331124;B
20241029;101510;850;5;2016799007342331125;B
20241029;101510;850;1;2016799007342331126;B
20241029;101510;850;1;2016799007342331127;B
20241029;101510;850;1;2016799007342331128;B
20241029;101510;850;100;2016799007342331129;S
20241029;101510;850;3;2016799007342331130;S
20241029;101510;850;4;2016799007342331131;S
20241029;101517;850;1;2016799007342331132;B
20241029;101520;849.5;1;2016799007342331133;S
20241029;101547;850.5;1;2016799007342331136;B
20241029;101547;850.5;9;2016799007342331137;B
20241029;101547;850.5;1;2016799007342331138;B
20241029;101547;850.5;3;2016799007342331139;B
20241029;101547;850.5;1;2016799007342331140;B
20241029;101547;850.5;1;2016799007342331141;B
20241029;101547;850.5;1;2016799007342331142;B
20241029;101547;850.5;1;2016799007342331143;B
20241029;101547;850.5;1;2016799007342331144;B
20241029;101547;850.5;1;2016799007342331145;B
20241029;101547;850.5;1;2016799007342331146;B
20241029;101558;850.5;1;2016799007342331147;S
20241029;101601;851;1;2016799007342331148;B
20241029;101601;851;8;2016799007342331149;B
20241029;101602;851;2;2016799007342331150;B
20241029;101602;851;2;2016799007342331151;B
20241029;101602;851;3;2016799007342331152;B
20241029;101602;851;3;2016799007342331153;B
20241029;101602;851;1;2016799007342331154;B
20241029;101602;851;1;2016799007342331155;B
20241029;101602;851;1;2016799007342331156;B
20241029;101602;851;1;2016799007342331157;B
20241029;101603;850.5;4;2016799007342331158;S
20241029;101607;851.5;1;2016799007342331159;B
20241029;101607;851.5;4;2016799007342331160;B
20241029;101607;851.5;2;2016799007342331161;B
20241029;101607;851.5;1;2016799007342331162;B
20241029;101607;851.5;1;2016799007342331163;B
20241029;101607;851.5;10;2016799007342331164;B
20241029;101607;851.5;1;2016799007342331165;B
20241029;101607;851.5;1;2016799007342331166;B
20241029;101607;851.5;1;2016799007342331167;B
20241029;101607;851.5;1;2016799007342331168;B
20241029;101607;851.5;1;2016799007342331169;B
20241029;101607;851.5;1;2016799007342331170;B
20241029;101616;852;1;2016799007342331171;B
20241029;101616;852;10;2016799007342331172;B
20241029;101616;852;1;2016799007342331173;B
20241029;101616;852;10;2016799007342331174;B
20241029;101616;852.5;1;2016799007342331175;B
20241029;101617;852.5;3;2016799007342331176;B
20241029;101619;852;1;2016799007342331177;S
20241029;101622;852.5;1;2016799007342331178;B
20241029;101622;852.5;1;2016799007342331179;B
20241029;101622;852.5;1;2016799007342331184;B
20241029;101622;852.5;2;2016799007342331185;B
20241029;101622;852.5;1;2016799007342331186;B
20241029;101622;852.5;1;2016799007342331187;B
20241029;101622;852.5;9;2016799007342331188;B
20241029;101622;852.5;1;2016799007342331189;B
20241029;101622;852.5;1;2016799007342331190;B
20241029;101622;852.5;1;2016799007342331191;B
20241029;101622;852.5;1;2016799007342331192;B
20241029;101622;852.5;1;2016799007342331193;B
20241029;101622;852.5;1;2016799007342331194;B
20241029;101622;852.5;2;2016799007342331195;B
20241029;101622;852.5;1;2016799007342331196;B
20241029;101632;852;1;2016799007342331197;S
20241029;101632;852.5;5;2016799007342331198;B
20241029;101646;852;1;2016799007342331199;B
20241029;101646;852;4;2016799007342331200;B
20241029;101649;851.5;1;2016799007342331201;S
20241029;101656;852;1;2016799007342331202;B
20241029;101657;852;5;2016799007342331203;B
20241029;101700;851.5;1;2016799007342331204;S
20241029;101700;851.5;11;2016799007342331205;S
20241029;101710;852.5;1;2016799007342331206;B
20241029;101725;852.5;1;2016799007342331207;S
20241029;101734;853;1;2016799007342331208;B
20241029;101734;853;1;2016799007342331209;B
20241029;101734;853;1;2016799007342331210;B
20241029;101734;853;2;2016799007342331211;B
20241029;101734;853;2;2016799007342331212;B
20241029;101734;853;2;2016799007342331213;B
20241029;101734;853;1;2016799007342331214;B
20241029;101734;853;2;2016799007342331215;B
20241029;101734;853;8;2016799007342331216;B
20241029;101734;853;4;2016799007342331217;B
20241029;101734;853;6;2016799007342331218;B
20241029;101734;853;1;2016799007342331219;B
20241029;101734;853;1;2016799007342331220;B
20241029;101735;853.5;1;2016799007342331221;B
20241029;101735;853.5;1;2016799007342331222;B
20241029;101735;853.5;1;2016799007342331223;B
20241029;101743;853.5;1;2016799007342331224;B
20241029;101743;853.5;4;2016799007342331225;B
20241029;101744;853.5;2;2016799007342331226;B
20241029;101744;853;5;2016799007342331227;S
20241029;101744;853;1;2016799007342331228;S
20241029;101752;853;1;2016799007342331229;B
20241029;101753;852.5;1;2016799007342331230;S
20241029;101753;852.5;5;2016799007342331231;S
20241029;101753;852.5;8;2016799007342331232;S
20241029;101754;852.5;1;2016799007342331233;B
20241029;101755;852.5;2;2016799007342331234;B
20241029;101756;852;1;2016799007342331235;S
20241029;101757;852.5;10;2016799007342331236;B
20241029;101758;852;1;2016799007342331237;S
20241029;101800;852;1;2016799007342331238;S
20241029;101809;852;2;2016799007342331239;S
20241029;101809;852;3;2016799007342331240;S
20241029;101842;852;1;2016799007342331241;S
20241029;101854;852;30;2016799007342331242;S
20241029;101855;852.5;1;2016799007342331243;B
20241029;101855;852;6;2016799007342331244;S
20241029;101908;852;1;2016799007342331245;S
20241029;101912;851.5;3;2016799007342331246;S
20241029;101923;851.5;4;2016799007342331247;S
20241029;101923;851.5;20;2016799007342331248;S
20241029;101923;851.5;10;2016799007342331249;S
20241029;101923;851.5;1;2016799007342331250;S
20241029;101934;851.5;13;2016799007342331251;B
20241029;101948;851;1;2016799007342331252;S
20241029;101948;851;20;2016799007342331253;S
20241029;101948;851;1;2016799007342331254;S
20241029;101948;851;1;2016799007342331255;S
20241029;101948;851;1;2016799007342331256;S
20241029;101948;851;1;2016799007342331257;S
20241029;101948;851;1;2016799007342331258;S
20241029;101948;851;1;2016799007342331263;S
20241029;101948;851;1;2016799007342331264;S
20241029;101954;850.5;2;2016799007342331265;S
20241029;101957;851;4;2016799007342331266;B
20241029;101958;850.5;4;2016799007342331267;S
20241029;102000;850.5;6;2016799007342331268;S
20241029;102000;850.5;1;2016799007342331269;S
20241029;102000;850.5;1;2016799007342331270;S
20241029;102000;850.5;1;2016799007342331271;S
20241029;102000;850.5;1;2016799007342331272;S
20241029;102000;850.5;1;2016799007342331273;S
20241029;102009;850;2;2016799007342331274;S
20241029;102016;850;10;2016799007342331275;S
20241029;102029;851;2;2016799007342331277;B
20241029;102029;850;1;2016799007342331278;S
20241029;102030;850;2;2016799007342331279;S
20241029;102039;850;1;2016799007342331280;S
20241029;102046;850;1;2016799007342331281;S
20241029;102100;850;10;2016799007342331282;S
20241029;102100;850;5;2016799007342331283;S
20241029;102105;850.5;1;2016799007342331284;B
20241029;102131;851.5;1;2016799007342331285;B
20241029;102131;851.5;2;2016799007342331286;B
20241029;102131;851.5;4;2016799007342331287;B
20241029;102131;851.5;2;2016799007342331288;B
20241029;102131;851.5;1;2016799007342331289;B
20241029;102151;851.5;1;2016799007342331290;B
20241029;102151;851.5;1;2016799007342331291;B
20241029;102156;851.5;1;2016799007342331292;B
20241029;102203;851.5;13;2016799007342331293;B
20241029;102208;852;25;2016799007342331294;B
20241029;102222;852;1;2016799007342331295;B
20241029;102303;851.5;1;2016799007342331296;S
20241029;102316;851.5;1;2016799007342331297;B
20241029;102316;851.5;2;2016799007342331298;B
20241029;102346;852;1;2016799007342331299;B
20241029;102346;852;1;2016799007342331300;B
20241029;102346;852;1;2016799007342331301;B
20241029;102346;852;1;2016799007342331302;B
20241029;102346;852;1;2016799007342331303;B
20241029;102346;852;2;2016799007342331304;B
20241029;102347;852;6;2016799007342331305;B
20241029;102348;852;2;2016799007342331306;B
20241029;102348;852;1;2016799007342331307;B
20241029;102348;852;1;2016799007342331308;B
20241029;102348;852;1;2016799007342331309;B
20241029;102348;852;4;2016799007342331310;B
20241029;102348;852;6;2016799007342331311;B
20241029;102355;852;1;2016799007342331312;S
20241029;102403;852.5;1;2016799007342331314;B
20241029;102403;852.5;10;2016799007342331315;B
20241029;102403;852.5;1;2016799007342331316;B
20241029;102403;852.5;1;2016799007342331317;B
20241029;102403;852.5;9;2016799007342331318;B
20241029;102403;852.5;1;2016799007342331319;B
20241029;102403;852.5;4;2016799007342331320;B
20241029;102403;852.5;6;2016799007342331321;B
20241029;102403;852.5;5;2016799007342331322;B
20241029;102403;852.5;1;2016799007342331323;B
20241029;102403;852.5;1;2016799007342331324;B
20241029;102403;852.5;1;2016799007342331325;B
20241029;102405;852.5;2;2016799007342331326;B
20241029;102405;852.5;2;2016799007342331327;B
20241029;102405;852.5;1;2016799007342331328;B
20241029;102405;853;1;2016799007342331329;B
20241029;102406;853;1;2016799007342331330;B
20241029;102406;853;12;2016799007342331331;B
20241029;102407;852;1;2016799007342331332;S
20241029;102416;852;2;2016799007342331333;S
20241029;102419;852;3;2016799007342331334;S
20241029;102436;853;1;2016799007342331335;B
20241029;102436;853;1;2016799007342331336;B
20241029;102436;853;9;2016799007342331337;B
20241029;102436;853;1;2016799007342331338;B
20241029;102436;853;1;2016799007342331339;B
20241029;102436;853;1;2016799007342331340;B
20241029;102436;853;1;2016799007342331341;B
20241029;102436;853;1;2016799007342331342;B
20241029;102438;853.5;1;2016799007342331343;B
20241029;102438;853.5;1;2016799007342331344;B
20241029;102438;853.5;1;2016799007342331345;B
20241029;102438;853.5;7;2016799007342331346;B
20241029;102438;853.5;1;2016799007342331347;B
20241029;102438;853.5;10;2016799007342331348;B
20241029;102438;853.5;10;2016799007342331349;B
20241029;102440;853.5;1;2016799007342331350;S
20241029;102446;853.5;1;2016799007342331351;B
20241029;102506;853;1;2016799007342331352;S
20241029;102508;853.5;1;2016799007342331353;B
20241029;102512;853.5;1;2016799007342331354;B
20241029;102512;853;1;2016799007342331355;S
20241029;102521;853;2;2016799007342331356;S
20241029;102521;853;4;2016799007342331357;S
20241029;102521;853;1;2016799007342331358;S
20241029;102523;853;3;2016799007342331359;B
20241029;102523;853;27;2016799007342331360;B
20241029;102544;852.5;1;2016799007342331361;S
20241029;102547;852;2;2016799007342331362;S
20241029;102547;852;1;2016799007342331363;S
20241029;102558;852;9;2016799007342331364;S
20241029;102558;852.5;2;2016799007342331365;B
20241029;102559;852;6;2016799007342331367;S
20241029;102559;852;4;2016799007342331368;S
20241029;102559;852;1;2016799007342331369;S
20241029;102559;852;6;2016799007342331370;S
20241029;102559;852;2;2016799007342331371;S
20241029;102559;852;1;2016799007342331372;S
20241029;102559;852;1;2016799007342331373;S
20241029;102559;852;1;2016799007342331374;S
20241029;102606;852;2;2016799007342331375;B
20241029;102627;851.5;2;2016799007342331376;S
20241029;102633;851.5;1;2016799007342331377;S
20241029;102633;851.5;1;2016799007342331378;S
20241029;102633;851.5;9;2016799007342331379;S
20241029;102633;851.5;1;2016799007342331380;S
20241029;102633;851.5;1;2016799007342331381;S
20241029;102633;851.5;1;2016799007342331382;S
20241029;102633;851.5;1;2016799007342331383;S
20241029;102633;851.5;1;2016799007342331384;S
20241029;102633;851.5;1;2016799007342331385;S
20241029;102633;851.5;1;2016799007342331386;S
20241029;102633;851.5;1;2016799007342331391;S
20241029;102633;851.5;1;2016799007342331392;S
20241029;102640;851;10;2016799007342331393;S
20241029;102640;851;1;2016799007342331394;S
20241029;102651;851.5;7;2016799007342331395;B
20241029;102654;850.5;6;2016799007342331396;S
20241029;102700;851;1;2016799007342331397;B
20241029;102903;852.5;1;2016799007342331400;B
20241029;102903;852.5;1;2016799007342331401;B
20241029;102903;852.5;1;2016799007342331402;B
20241029;102903;852.5;1;2016799007342331403;B
20241029;102903;852.5;1;2016799007342331404;B
20241029;102903;852.5;1;2016799007342331405;B
20241029;102903;852.5;10;2016799007342331406;B
20241029;102909;853;1;2016799007342331407;B
20241029;102909;853;1;2016799007342331408;B
20241029;102937;853;5;2016799007342331409;B
20241029;102942;853;4;2016799007342331410;B
20241029;102949;853;1;2016799007342331411;B
20241029;102950;853;10;2016799007342331412;B
20241029;102950;853;1;2016799007342331413;B
20241029;102950;853;1;2016799007342331414;B
20241029;102953;853;1;2016799007342331415;S
20241029;103016;853.5;1;2016799007342331416;B
20241029;103020;853.5;9;2016799007342331417;B
20241029;103031;853;2;2016799007342331418;B
20241029;103031;853;5;2016799007342331419;B
20241029;103037;853;2;2016799007342331420;B
20241029;103041;853;1;2016799007342331421;B
20241029;103054;853.5;12;2016799007342331422;B
20241029;103114;853;9;2016799007342331423;S
20241029;103115;853;15;2016799007342331424;S
20241029;103115;853;5;2016799007342331425;S
20241029;103115;853;5;2016799007342331426;S
20241029;103118;852.5;1;2016799007342331427;S
20241029;103125;852.5;1;2016799007342331428;S
20241029;103125;852.5;1;2016799007342331429;S
20241029;103125;852.5;1;2016799007342331430;S
20241029;103125;852.5;1;2016799007342331431;S
20241029;103125;852.5;2;2016799007342331432;S
20241029;103209;853;2;2016799007342331434;B
20241029;103213;853;1;2016799007342331435;S
20241029;103321;852.5;1;2016799007342331436;S
20241029;103345;852;1;2016799007342331437;S
20241029;103409;852;2;2016799007342331438;S
20241029;103409;852;2;2016799007342331439;S
20241029;103422;851.5;1;2016799007342331440;S
20241029;103422;851.5;7;2016799007342331441;S
20241029;103422;851.5;3;2016799007342331442;S
20241029;103422;851.5;4;2016799007342331443;S
20241029;103423;851.5;5;2016799007342331444;S
20241029;103423;851.5;1;2016799007342331445;S
20241029;103423;851.5;5;2016799007342331446;S
20241029;103423;851.5;1;2016799007342331447;S
20241029;103455;852;1;2016799007342331448;B
20241029;103531;852;2;2016799007342331449;S
20241029;103531;852;6;2016799007342331450;S
20241029;103531;852;3;2016799007342331451;S
20241029;103612;852;1;2016799007342331452;B
20241029;103615;852;10;2016799007342331453;S
20241029;103635;852;12;2016799007342331454;S
20241029;103639;852;8;2016799007342331455;S
20241029;103645;851.5;1;2016799007342331456;S
20241029;103652;851.5;1;2016799007342331457;S
20241029;103717;852.5;2;2016799007342331458;B
20241029;103724;852.5;1;2016799007342331459;B
20241029;103735;852.5;3;2016799007342331460;B
20241029;103735;852.5;4;2016799007342331461;B
20241029;103805;853;1;2016799007342331462;B
20241029;103805;853;1;2016799007342331463;B
20241029;103805;853;4;2016799007342331464;B
20241029;103805;853;6;2016799007342331465;B
20241029;103823;853;1;2016799007342331466;B
20241029;103823;853;1;2016799007342331467;B
20241029;103829;852.5;5;2016799007342331468;S
20241029;103840;852;2;2016799007342331469;S
20241029;103917;852;5;2016799007342331470;S
20241029;103928;852;1;2016799007342331471;S
20241029;103958;852.5;2;2016799007342331472;S
20241029;104019;853;1;2016799007342331473;S
20241029;104023;853.5;10;2016799007342331474;B
20241029;104023;853.5;1;2016799007342331475;B
20241029;104023;853.5;1;2016799007342331476;B
20241029;104023;853.5;1;2016799007342331477;B
20241029;104023;853.5;1;2016799007342331478;B
20241029;104023;853.5;1;2016799007342331479;B
20241029;104023;853.5;1;2016799007342331480;B
20241029;104023;853.5;1;2016799007342331481;B
20241029;104023;853.5;1;2016799007342331482;B
20241029;104023;853.5;1;2016799007342331483;B
20241029;104023;853.5;3;2016799007342331484;B
20241029;104023;853.5;7;2016799007342331485;B
20241029;104023;853.5;2;2016799007342331486;B
20241029;104034;853.5;1;2016799007342331487;S
20241029;104038;854;1;2016799007342331488;B
20241029;104038;854;1;2016799007342331489;B
20241029;104038;854;1;2016799007342331490;B
20241029;104038;854;2;2016799007342331491;B
20241029;104038;854;1;2016799007342331492;B
20241029;104039;854;1;2016799007342331493;B
20241029;104039;854;1;2016799007342331494;B
20241029;104047;853.5;1;2016799007342331495;S
20241029;104049;854;18;2016799007342331496;B
20241029;104053;854;20;2016799007342331497;B
20241029;104053;854;7;2016799007342331498;B
20241029;104053;854;2;2016799007342331499;B
20241029;104053;854;1;2016799007342331504;B
20241029;104053;854;1;2016799007342331505;B
20241029;104053;854;2;2016799007342331506;B
20241029;104053;854;10;2016799007342331507;B
20241029;104053;854;1;2016799007342331508;B
20241029;104053;854;1;2016799007342331509;B
20241029;104053;854.5;1;2016799007342331510;B
20241029;104053;854.5;1;2016799007342331511;B
20241029;104053;854.5;1;2016799007342331512;B
20241029;104054;854.5;2;2016799007342331513;B
20241029;104054;854.5;1;2016799007342331514;B
20241029;104054;854.5;4;2016799007342331515;B
20241029;104054;854.5;1;2016799007342331516;B
20241029;104054;854.5;1;2016799007342331517;B
20241029;104054;854.5;10;2016799007342331518;B
20241029;104054;854.5;1;2016799007342331519;B
20241029;104054;854.5;1;2016799007342331520;B
20241029;104054;854.5;1;2016799007342331521;B
20241029;104054;854.5;1;2016799007342331522;B
20241029;104054;854.5;10;2016799007342331523;B
20241029;104054;855;1;2016799007342331524;B
20241029;104054;855;10;2016799007342331525;B
20241029;104054;855;1;2016799007342331526;B
20241029;104054;855;1;2016799007342331527;B
20241029;104054;855;1;2016799007342331528;B
20241029;104054;855;1;2016799007342331529;B
20241029;104054;855;6;2016799007342331530;B
20241029;104054;855;1;2016799007342331531;B
20241029;104054;855;5;2016799007342331532;B
20241029;104054;855;2;2016799007342331533;B
20241029;104054;855;2;2016799007342331534;B
20241029;104054;855;1;2016799007342331535;B
20241029;104054;855;1;2016799007342331536;B
20241029;104054;855;10;2016799007342331537;B
20241029;104054;855;1;2016799007342331538;B
20241029;104054;855;1;2016799007342331539;B
20241029;104054;855;3;2016799007342331540;B
20241029;104054;855;46;2016799007342331541;B
20241029;104054;855;2;2016799007342331542;S
20241029;104054;855;4;2016799007342331543;S
20241029;104056;855;1;2016799007342331544;B
20241029;104056;855;1;2016799007342331545;B
20241029;104056;855;2;2016799007342331546;B
20241029;104057;855.5;1;2016799007342331547;B
20241029;104057;855.5;1;2016799007342331548;B
20241029;104058;855;2;2016799007342331549;B
20241029;104106;855.5;1;2016799007342331550;B
20241029;104106;855.5;1;2016799007342331551;B
20241029;104109;855.5;2;2016799007342331552;B
20241029;104109;855.5;2;2016799007342331553;B
20241029;104110;855;1;2016799007342331554;S
20241029;104113;855;1;2016799007342331555;S
20241029;104119;855;1;2016799007342331556;S
20241029;104125;855;1;2016799007342331557;S
20241029;104127;855.5;1;2016799007342331558;B
20241029;104127;855.5;1;2016799007342331559;B
20241029;104127;855.5;1;2016799007342331560;B
20241029;104127;855.5;1;2016799007342331561;B
20241029;104127;855.5;1;2016799007342331562;B
20241029;104127;855.5;1;2016799007342331563;B
20241029;104127;855.5;1;2016799007342331564;B
20241029;104127;855.5;1;2016799007342331565;B
20241029;104127;855;1;2016799007342331566;S
20241029;104128;855.5;14;2016799007342331567;B
20241029;104128;855.5;6;2016799007342331568;B
20241029;104128;855.5;1;2016799007342331569;B
20241029;104128;855.5;1;2016799007342331570;B
20241029;104128;855.5;1;2016799007342331571;B
20241029;104128;855.5;1;2016799007342331572;B
20241029;104128;855.5;1;2016799007342331573;B
20241029;104128;855.5;1;2016799007342331574;B
20241029;104128;855.5;1;2016799007342331575;B
20241029;104128;855.5;5;2016799007342331576;B
20241029;104128;855.5;2;2016799007342331577;B
20241029;104128;855.5;1;2016799007342331578;B
20241029;104128;855.5;2;2016799007342331579;B
20241029;104131;856;1;2016799007342331580;B
20241029;104131;856;1;2016799007342331581;B
20241029;104131;856;1;2016799007342331582;B
20241029;104131;856;1;2016799007342331583;B
20241029;104131;856;1;2016799007342331584;B
20241029;104131;856;3;2016799007342331585;B
20241029;104131;856;1;2016799007342331586;B
20241029;104131;856;1;2016799007342331587;B
20241029;104131;856;13;2016799007342331588;B
20241029;104131;856;6;2016799007342331589;B
20241029;104131;855.5;1;2016799007342331590;S
20241029;104132;855.5;1;2016799007342331591;S
20241029;104132;856.5;1;2016799007342331592;B
20241029;104132;856.5;1;2016799007342331593;B
20241029;104132;856.5;6;2016799007342331594;B
20241029;104132;856.5;1;2016799007342331595;B
20241029;104132;856.5;2;2016799007342331596;B
20241029;104132;856.5;39;2016799007342331597;B
20241029;104135;856.5;3;2016799007342331598;B
20241029;104139;856.5;1;2016799007342331599;B
20241029;104139;856.5;6;2016799007342331600;B
20241029;104140;856.5;11;2016799007342331601;B
20241029;104140;856.5;3;2016799007342331602;B
20241029;104140;856.5;1;2016799007342331603;B
20241029;104140;856.5;1;2016799007342331604;B
20241029;104140;856.5;2;2016799007342331605;B
20241029;104140;856.5;1;2016799007342331606;B
20241029;104140;856.5;1;2016799007342331607;B
20241029;104140;856.5;1;2016799007342331608;B
20241029;104140;856.5;1;2016799007342331609;B
20241029;104140;857;1;2016799007342331610;B
20241029;104140;857;1;2016799007342331611;B
20241029;104140;857;6;2016799007342331612;B
20241029;104140;857;1;2016799007342331613;B
20241029;104140;857;9;2016799007342331614;B
20241029;104141;857;1;2016799007342331615;B
20241029;104142;857;1;2016799007342331616;B
20241029;104142;857;5;2016799007342331617;B
20241029;104143;857;5;2016799007342331618;B
20241029;104145;857;1;2016799007342331619;B
20241029;104145;857;1;2016799007342331620;B
20241029;104145;857;4;2016799007342331621;B
20241029;104147;857;1;2016799007342331622;B
20241029;104147;857;4;2016799007342331623;B
20241029;104147;857;26;2016799007342331624;B
20241029;104149;856.5;1;2016799007342331625;S
20241029;104149;856.5;1;2016799007342331626;S
20241029;104151;857;1;2016799007342331627;B
20241029;104201;857;2;2016799007342331628;B
20241029;104202;857;15;2016799007342331629;B
20241029;104205;857;6;2016799007342331630;B
20241029;104208;857.5;1;2016799007342331631;B
20241029;104208;857.5;4;2016799007342331632;B
20241029;104210;857.5;2;2016799007342331633;B
20241029;104210;857.5;1;2016799007342331634;B
20241029;104210;857.5;1;2016799007342331635;B
20241029;104210;857.5;1;2016799007342331636;B
20241029;104210;857.5;25;2016799007342331637;B
20241029;104210;857.5;1;2016799007342331638;B
20241029;104216;857;1;2016799007342331639;S
20241029;104217;857;1;2016799007342331640;S
20241029;104219;857;1;2016799007342331641;S
20241029;104219;857;1;2016799007342331642;S
20241029;104219;857;1;2016799007342331643;S
20241029;104219;857;1;2016799007342331644;S
20241029;104222;857;1;2016799007342331645;B
20241029;104225;856.5;2;2016799007342331646;S
20241029;104226;857.5;1;2016799007342331647;B
20241029;104228;856.5;1;2016799007342331648;S
20241029;104232;857;1;2016799007342331649;B
20241029;104232;856.5;2;2016799007342331650;S
20241029;104236;856;2;2016799007342331652;S
20241029;104236;856;1;2016799007342331653;S
20241029;104236;856;9;2016799007342331654;S
20241029;104236;856;1;2016799007342331655;S
20241029;104249;856;1;2016799007342331656;S
20241029;104253;856;3;2016799007342331657;S
20241029;104313;857;1;2016799007342331658;B
20241029;104313;857;2;2016799007342331659;B
20241029;104326;857;6;2016799007342331660;S
20241029;104333;857;2;2016799007342331661;S
20241029;104335;857;2;2016799007342331662;S
20241029;104337;857.5;20;2016799007342331663;B
20241029;104339;857.5;2;2016799007342331664;B
20241029;104339;857.5;1;2016799007342331665;B
20241029;104345;857.5;9;2016799007342331666;B
20241029;104345;857.5;1;2016799007342331667;B
20241029;104345;857.5;1;2016799007342331668;B
20241029;104345;857.5;1;2016799007342331669;B
20241029;104345;857.5;1;2016799007342331670;B
20241029;104345;857.5;1;2016799007342331671;B
20241029;104345;857.5;5;2016799007342331672;B
20241029;104345;857.5;2;2016799007342331673;B
20241029;104345;857.5;2;2016799007342331674;B
20241029;104347;857.5;1;2016799007342331675;B
20241029;104347;857.5;10;2016799007342331676;B
20241029;104347;857.5;1;2016799007342331677;B
20241029;104353;857;1;2016799007342331678;S
20241029;104403;857.5;2;2016799007342331679;S
20241029;104409;858;1;2016799007342331680;B
20241029;104409;858;1;2016799007342331681;B
20241029;104409;858;1;2016799007342331682;B
20241029;104409;858;1;2016799007342331683;B
20241029;104409;858;1;2016799007342331684;B
20241029;104409;858;1;2016799007342331685;B
20241029;104409;858;4;2016799007342331686;B
20241029;104409;858;6;2016799007342331687;B
20241029;104409;858;2;2016799007342331688;B
20241029;104409;858;4;2016799007342331689;B
20241029;104409;858;4;2016799007342331690;B
20241029;104409;858;1;2016799007342331691;B
20241029;104409;858;1;2016799007342331692;B
20241029;104409;858;1;2016799007342331693;B
20241029;104409;858;1;2016799007342331694;B
20241029;104409;858;1;2016799007342331695;B
20241029;104409;858;1;2016799007342331696;B
20241029;104420;858.5;1;2016799007342331697;B
20241029;104420;858.5;2;2016799007342331698;B
20241029;104420;858.5;5;2016799007342331699;B
20241029;104420;858.5;1;2016799007342331700;B
20241029;104420;858.5;3;2016799007342331701;B
20241029;104421;858.5;7;2016799007342331702;B
20241029;104421;858.5;1;2016799007342331703;B
20241029;104421;858.5;2;2016799007342331708;B
20241029;104421;858.5;1;2016799007342331709;B
20241029;104421;858.5;1;2016799007342331710;B
20241029;104421;858.5;1;2016799007342331711;B
20241029;104421;858.5;1;2016799007342331712;B
20241029;104421;858.5;1;2016799007342331713;B
20241029;104421;858.5;1;2016799007342331714;B
20241029;104423;859;1;2016799007342331715;B
20241029;104423;859;5;2016799007342331716;B
20241029;104423;859;10;2016799007342331717;B
20241029;104427;859;5;2016799007342331718;B
20241029;104431;858.5;1;2016799007342331719;S
20241029;104431;858.5;1;2016799007342331720;S
20241029;104431;859;1;2016799007342331721;B
20241029;104431;859;4;2016799007342331722;B
20241029;104431;859;6;2016799007342331723;B
20241029;104431;859;1;2016799007342331724;B
20241029;104431;859;8;2016799007342331725;B
20241029;104431;859;2;2016799007342331726;B
20241029;104431;859;1;2016799007342331727;B
20241029;104435;859.5;1;2016799007342331728;B
20241029;104439;859;5;2016799007342331729;B
20241029;104440;859.5;1;2016799007342331730;B
20241029;104440;859.5;9;2016799007342331731;B
20241029;104443;859.5;1;2016799007342331732;B
20241029;104443;859.5;1;2016799007342331733;B
20241029;104458;858.5;1;2016799007342331734;S
20241029;104458;858.5;1;2016799007342331735;S
20241029;104508;858.5;1;2016799007342331736;S
20241029;104508;858.5;2;2016799007342331737;S
20241029;104511;858;6;2016799007342331738;S
20241029;104512;858.5;1;2016799007342331739;B
20241029;104512;858.5;1;2016799007342331740;B
20241029;104513;858;1;2016799007342331741;S
20241029;104513;858;9;2016799007342331742;S
20241029;104514;858;1;2016799007342331743;S
20241029;104514;858;2;2016799007342331744;S
20241029;104514;858;4;2016799007342331745;S
20241029;104520;858;2;2016799007342331746;S
20241029;104527;857.5;1;2016799007342331747;S
20241029;104527;857.5;11;2016799007342331748;S
20241029;104527;857.5;4;2016799007342331749;S
20241029;104527;857.5;2;2016799007342331750;S
20241029;104527;857.5;2;2016799007342331751;S
20241029;104527;857.5;1;2016799007342331752;S
20241029;104527;857.5;1;2016799007342331753;S
20241029;104527;857.5;1;2016799007342331758;S
20241029;104527;857.5;1;2016799007342331759;S
20241029;104528;857;4;2016799007342331760;S
20241029;104529;857;15;2016799007342331761;S
20241029;104534;857;1;2016799007342331762;S
20241029;104534;857;1;2016799007342331763;S
20241029;104534;857;9;2016799007342331764;S
20241029;104534;857;7;2016799007342331765;S
20241029;104537;857;4;2016799007342331766;S
20241029;104537;857;1;2016799007342331767;S
20241029;104537;857;1;2016799007342331768;S
20241029;104537;857;1;2016799007342331769;S
20241029;104537;857;1;2016799007342331770;S
20241029;104537;857;1;2016799007342331771;S
20241029;104537;857;1;2016799007342331772;S
20241029;104537;857;5;2016799007342331773;S
20241029;104537;857;3;2016799007342331774;S
20241029;104537;857;1;2016799007342331775;S
20241029;104613;856.5;10;2016799007342331776;S
20241029;104613;856.5;1;2016799007342331777;S
20241029;104613;856.5;1;2016799007342331778;S
20241029;104613;856.5;8;2016799007342331779;S
20241029;104619;857;5;2016799007342331780;S
20241029;104619;857;1;2016799007342331781;S
20241029;104635;857.5;2;2016799007342331782;B
20241029;104641;858;1;2016799007342331783;B
20241029;104641;858;1;2016799007342331784;B
20241029;104641;858;1;2016799007342331785;B
20241029;104641;858;1;2016799007342331786;B
20241029;104641;858;1;2016799007342331787;B
20241029;104641;858;10;2016799007342331788;B
20241029;104641;858;5;2016799007342331789;B
20241029;104643;858;1;2016799007342331790;S
20241029;104651;858;1;2016799007342331791;S
20241029;104655;858.5;10;2016799007342331792;B
20241029;104659;858.5;15;2016799007342331793;B
20241029;104704;858.5;3;2016799007342331794;B
20241029;104715;857.5;1;2016799007342331795;S
20241029;104718;858;4;2016799007342331796;B
20241029;104725;857;1;2016799007342331797;S
20241029;104725;857;1;2016799007342331798;S
20241029;104726;856.5;3;2016799007342331799;S
20241029;104738;856.5;4;2016799007342331800;S
20241029;104738;856.5;6;2016799007342331801;S
20241029;104738;856.5;1;2016799007342331802;S
20241029;104738;856.5;1;2016799007342331803;S
20241029;104738;856.5;1;2016799007342331804;S
20241029;104738;856.5;1;2016799007342331805;S
20241029;104741;856.5;5;2016799007342331806;S
20241029;104741;856.5;5;2016799007342331807;S
20241029;104745;856.5;1;2016799007342331810;B
20241029;104746;856;1;2016799007342331814;S
20241029;104752;856.5;1;2016799007342331815;B
20241029;104801;857;1;2016799007342331816;B
20241029;104809;856.5;2;2016799007342331817;S
20241029;104818;856.5;1;2016799007342331818;B
20241029;104827;856;6;2016799007342331819;S
20241029;104827;856;5;2016799007342331820;S
20241029;104827;856;1;2016799007342331821;S
20241029;104827;856;4;2016799007342331822;S
20241029;104831;856.5;2;2016799007342331823;B
20241029;104833;856;6;2016799007342331824;S
20241029;104833;856;1;2016799007342331825;S
20241029;104833;856;1;2016799007342331826;S
20241029;104833;856;1;2016799007342331827;S
20241029;104833;856;5;2016799007342331828;S
20241029;104833;856;4;2016799007342331829;S
20241029;104834;856;1;2016799007342331830;S
20241029;104834;856;2;2016799007342331831;S
20241029;104838;856;3;2016799007342331832;S
20241029;104838;856;1;2016799007342331833;S
20241029;104838;856;2;2016799007342331834;S
20241029;104838;856;1;2016799007342331835;S
20241029;104839;856;1;2016799007342331836;S
20241029;104839;856;1;2016799007342331837;S
20241029;104846;856;3;2016799007342331838;S
20241029;104846;856;6;2016799007342331839;S
20241029;104846;856;1;2016799007342331840;S
20241029;104851;855.5;2;2016799007342331841;S
20241029;104854;855.5;6;2016799007342331842;S
20241029;104858;856;1;2016799007342331843;B
20241029;104902;855.5;2;2016799007342331844;S
20241029;104904;855.5;2;2016799007342331845;S
20241029;104905;855.5;1;2016799007342331846;S
20241029;104919;856.5;1;2016799007342331847;B
20241029;104937;856.5;1;2016799007342331848;B
20241029;104944;856.5;2;2016799007342331849;B
20241029;104951;856.5;1;2016799007342331850;B
20241029;104956;856;1;2016799007342331851;S
20241029;105011;856;1;2016799007342331852;S
20241029;105016;857;6;2016799007342331853;B
20241029;105024;856;7;2016799007342331854;S
20241029;105039;856.5;2;2016799007342331855;S
20241029;105041;855.5;4;2016799007342331856;S
20241029;105121;856;5;2016799007342331857;S
20241029;105136;856;1;2016799007342331858;S
20241029;105144;856.5;1;2016799007342331859;S
20241029;105206;857;1;2016799007342331860;B
20241029;105250;857;1;2016799007342331861;B
20241029;105251;857;1;2016799007342331862;B
20241029;105310;856;2;2016799007342331863;S
20241029;105325;856;2;2016799007342331866;B
20241029;105338;855.5;1;2016799007342331867;S
20241029;105338;855.5;1;2016799007342331868;S
20241029;105338;855.5;10;2016799007342331869;S
20241029;105338;855.5;3;2016799007342331870;S
20241029;105338;855.5;1;2016799007342331871;S
20241029;105338;855.5;1;2016799007342331872;S
20241029;105347;855;5;2016799007342331873;S
20241029;105348;855;2;2016799007342331874;S
20241029;105351;855;17;2016799007342331875;S
20241029;105351;855;15;2016799007342331876;S
20241029;105356;855;8;2016799007342331877;S
20241029;105356;855;1;2016799007342331878;S
20241029;105356;855;1;2016799007342331879;S
20241029;105356;855;1;2016799007342331880;S
20241029;105356;855;1;2016799007342331881;S
20241029;105356;855;1;2016799007342331882;S
20241029;105356;855;1;2016799007342331883;S
20241029;105356;855;1;2016799007342331884;S
20241029;105356;855;1;2016799007342331885;S
20241029;105356;855;1;2016799007342331886;S
20241029;105356;855;1;2016799007342331887;S
20241029;105356;855;1;2016799007342331888;S
20241029;105356;855;10;2016799007342331889;S
20241029;105356;855;6;2016799007342331890;S
20241029;105425;855;1;2016799007342331891;B
20241029;105428;855;1;2016799007342331892;S
20241029;105439;855.5;1;2016799007342331893;B
20241029;105509;854.5;17;2016799007342331894;S
20241029;105510;854.5;11;2016799007342331895;S
20241029;105512;854.5;12;2016799007342331896;S
20241029;105512;854.5;1;2016799007342331897;S
20241029;105512;854.5;1;2016799007342331898;S
20241029;105512;854.5;1;2016799007342331899;S
20241029;105512;854.5;3;2016799007342331900;S
20241029;105514;854.5;4;2016799007342331901;S
20241029;105514;854.5;3;2016799007342331902;S
20241029;105517;854;6;2016799007342331903;S
20241029;105519;854;3;2016799007342331904;S
20241029;105528;854;5;2016799007342331905;S
20241029;105543;855;3;2016799007342331906;B
20241029;105545;855;49;2016799007342331907;B
20241029;105546;855;37;2016799007342331908;B
20241029;105546;855;22;2016799007342331909;B
20241029;105547;855;55;2016799007342331910;B
20241029;105547;855;1;2016799007342331911;B
20241029;105606;856;1;2016799007342331912;B
20241029;105606;856;1;2016799007342331913;B
20241029;105606;856;1;2016799007342331914;B
20241029;105606;856;1;2016799007342331915;B
20241029;105606;856;10;2016799007342331916;B
20241029;105606;856;1;2016799007342331917;B
20241029;105606;856;1;2016799007342331918;B
20241029;105606;856;9;2016799007342331919;B
20241029;105606;856;1;2016799007342331920;B
20241029;105608;856;8;2016799007342331921;B
20241029;105608;856;3;2016799007342331922;B
20241029;105608;856;3;2016799007342331923;B
20241029;105608;856;5;2016799007342331924;B
20241029;105630;856;20;2016799007342331925;S
20241029;105637;856.5;10;2016799007342331926;B
20241029;105640;856.5;7;2016799007342331927;B
20241029;105645;856.5;2;2016799007342331928;B
20241029;105724;855;1;2016799007342331929;S
20241029;105837;854.5;1;2016799007342331930;S
20241029;105837;854.5;1;2016799007342331931;S
20241029;105837;854.5;1;2016799007342331932;S
20241029;105837;854.5;1;2016799007342331933;S
20241029;105837;854.5;3;2016799007342331934;S
20241029;105838;854.5;7;2016799007342331935;S
20241029;105838;854.5;10;2016799007342331936;S
20241029;105852;854;1;2016799007342331937;S
20241029;105859;854;3;2016799007342331938;S
20241029;105922;854.5;1;2016799007342331939;B
20241029;105922;854;2;2016799007342331940;S
20241029;105923;854.5;1;2016799007342331941;B
20241029;105928;854.5;1;2016799007342331942;B
20241029;105933;854.5;5;2016799007342331943;B
20241029;105933;854.5;10;2016799007342331944;B
20241029;105933;854.5;3;2016799007342331945;B
20241029;105937;855;3;2016799007342331946;B
20241029;105939;855.5;1;2016799007342331947;B
20241029;105939;855.5;1;2016799007342331948;B
20241029;105939;855.5;1;2016799007342331949;B
20241029;105939;855.5;1;2016799007342331950;B
20241029;105939;855.5;2;2016799007342331951;B
20241029;105939;855.5;2;2016799007342331952;B
20241029;105939;855.5;6;2016799007342331953;B
20241029;105941;856;3;2016799007342331954;B
20241029;105941;856;7;2016799007342331955;B
20241029;105941;856;1;2016799007342331956;B
20241029;110000;855.5;6;2016799007342331957;S
20241029;110000;855.5;2;2016799007342331958;S
20241029;110001;856;40;2016799007342331959;B
20241029;110036;855;1;2016799007342331960;S
20241029;110041;856;20;2016799007342331961;B
20241029;110046;855;3;2016799007342331962;S
20241029;110048;855;1;2016799007342331963;B
20241029;110101;855;1;2016799007342331964;B
20241029;110101;855;2;2016799007342331965;B
20241029;110101;855;1;2016799007342331966;B
20241029;110106;854.5;6;2016799007342331967;S
20241029;110107;854.5;4;2016799007342331968;S
20241029;110127;854.5;2;2016799007342331969;B
20241029;110133;854;4;2016799007342331970;S
20241029;110141;854;9;2016799007342331971;S
20241029;110146;855;5;2016799007342331972;B
20241029;110151;854;1;2016799007342331973;S
20241029;110156;854;1;2016799007342331974;S
20241029;110210;854;5;2016799007342331975;S
20241029;110210;854;1;2016799007342331976;S
20241029;110220;854.5;1;2016799007342331977;S
20241029;110238;855;1;2016799007342331978;B
20241029;110314;855;2;2016799007342331979;B
20241029;110337;854.5;1;2016799007342331980;S
20241029;110404;854;1;2016799007342331981;S
20241029;110404;854;1;2016799007342331982;S
20241029;110404;854;9;2016799007342331983;S
20241029;110405;854;1;2016799007342331984;S
20241029;110405;854;1;2016799007342331985;S
20241029;110405;854;1;2016799007342331986;S
20241029;110405;854;1;2016799007342331987;S
20241029;110405;854;1;2016799007342331988;S
20241029;110405;854;1;2016799007342331989;S
20241029;110405;854;1;2016799007342331990;S
20241029;110405;854;1;2016799007342331991;S
20241029;110411;854;1;2016799007342331992;S
20241029;110423;854.5;1;2016799007342331993;B
20241029;110447;854;1;2016799007342331996;S
20241029;110447;854;1;2016799007342332001;S
20241029;110458;854;1;2016799007342332006;S
20241029;110510;854;2;2016799007342332007;S
20241029;110522;854;2;2016799007342332008;S
20241029;110528;854.5;1;2016799007342332009;B
20241029;110542;854;5;2016799007342332014;S
20241029;110542;854;1;2016799007342332015;S
20241029;110542;854;1;2016799007342332016;S
20241029;110615;853.5;1;2016799007342332017;S
20241029;110615;853.5;1;2016799007342332018;S
20241029;110615;853.5;6;2016799007342332019;S
20241029;110631;853.5;3;2016799007342332020;S
20241029;110635;853.5;1;2016799007342332021;S
20241029;110635;853.5;1;2016799007342332022;S
20241029;110635;853;58;2016799007342332023;S
20241029;110635;854;20;2016799007342332024;B
20241029;110730;853.5;1;2016799007342332025;S
20241029;110744;854;10;2016799007342332026;B
20241029;110753;853;1;2016799007342332027;S
20241029;110753;853;1;2016799007342332028;S
20241029;110753;853;1;2016799007342332029;S
20241029;110753;853;10;2016799007342332030;S
20241029;110753;853;1;2016799007342332031;S
20241029;110753;853;1;2016799007342332032;S
20241029;110753;853;1;2016799007342332033;S
20241029;110753;853;3;2016799007342332034;S
20241029;110753;853;7;2016799007342332035;S
20241029;110758;852.5;1;2016799007342332036;S
20241029;110758;852.5;1;2016799007342332037;S
20241029;110758;852.5;1;2016799007342332040;S
20241029;110758;852.5;1;2016799007342332045;S
20241029;110805;852.5;1;2016799007342332049;S
20241029;110805;852.5;1;2016799007342332050;S
20241029;110805;852.5;2;2016799007342332051;S
20241029;110805;852.5;10;2016799007342332052;S
20241029;110805;852.5;13;2016799007342332053;S
20241029;110805;852.5;7;2016799007342332054;S
20241029;110805;852.5;1;2016799007342332055;S
20241029;110805;852.5;1;2016799007342332056;S
20241029;110805;852.5;1;2016799007342332057;S
20241029;110805;852.5;1;2016799007342332058;S
20241029;110805;852.5;2;2016799007342332059;S
20241029;110808;852.5;2;2016799007342332060;S
20241029;110808;852.5;5;2016799007342332061;S
20241029;110808;852.5;1;2016799007342332062;S
20241029;110829;852.5;1;2016799007342332063;B
20241029;110831;853;1;2016799007342332064;B
20241029;110853;852.5;1;2016799007342332065;B
20241029;110853;852;1;2016799007342332066;S
20241029;110853;852;1;2016799007342332067;S
20241029;110853;852;8;2016799007342332068;S
20241029;110853;852;2;2016799007342332069;S
20241029;110854;852;1;2016799007342332070;S
20241029;110859;851.5;1;2016799007342332071;S
20241029;110859;851.5;1;2016799007342332072;S
20241029;110859;852;1;2016799007342332073;B
20241029;110859;851.5;5;2016799007342332074;S
20241029;110859;851.5;1;2016799007342332075;S
20241029;110859;851.5;44;2016799007342332076;S
20241029;110901;852;1;2016799007342332077;B
20241029;110913;852;1;2016799007342332078;B
20241029;110913;852;2;2016799007342332079;B
20241029;110913;852;3;2016799007342332080;B
20241029;110913;852;1;2016799007342332081;B
20241029;110913;852;1;2016799007342332082;B
20241029;110954;852.5;10;2016799007342332083;S
20241029;111024;852;2;2016799007342332084;S
20241029;111026;852;20;2016799007342332085;S
20241029;111038;852;2;2016799007342332086;S
20241029;111117;852;14;2016799007342332088;B
20241029;111138;852.5;1;2016799007342332089;B
20241029;111138;852.5;3;2016799007342332090;B
20241029;111138;852.5;2;2016799007342332091;S
20241029;111202;852.5;1;2016799007342332092;B
20241029;111216;852.5;1;2016799007342332093;B
20241029;111227;852.5;2;2016799007342332094;B
20241029;111232;852;4;2016799007342332095;S
20241029;111244;852.5;1;2016799007342332097;S
20241029;111249;852;1;2016799007342332098;B
20241029;111250;851.5;1;2016799007342332099;S
20241029;111251;851.5;1;2016799007342332100;S
20241029;111256;851;2;2016799007342332101;S
20241029;111256;851.5;1;2016799007342332102;B
20241029;111256;851;1;2016799007342332103;S
20241029;111256;851;2;2016799007342332104;S
20241029;111256;851;1;2016799007342332105;S
20241029;111256;851;1;2016799007342332106;S
20241029;111257;851;1;2016799007342332107;S
20241029;111257;851;1;2016799007342332108;S
20241029;111257;851;1;2016799007342332109;S
20241029;111257;850.5;1;2016799007342332110;S
20241029;111257;850.5;1;2016799007342332111;S
20241029;111257;850.5;1;2016799007342332112;S
20241029;111257;850.5;6;2016799007342332113;S
20241029;111257;850.5;1;2016799007342332114;S
20241029;111257;850.5;7;2016799007342332115;S
20241029;111259;851;1;2016799007342332116;B
20241029;111301;850.5;1;2016799007342332117;S
20241029;111301;850.5;1;2016799007342332118;S
20241029;111301;850.5;3;2016799007342332119;S
20241029;111303;851;1;2016799007342332120;B
20241029;111321;850.5;1;2016799007342332121;S
20241029;111330;850.5;1;2016799007342332122;S
20241029;111333;850.5;2;2016799007342332123;S
20241029;111334;850.5;1;2016799007342332124;S
20241029;111336;850.5;1;2016799007342332125;S
20241029;111338;850.5;6;2016799007342332126;S
20241029;111340;850.5;1;2016799007342332127;S
20241029;111340;850.5;1;2016799007342332128;S
20241029;111346;851;1;2016799007342332129;B
20241029;111353;850.5;3;2016799007342332130;S
20241029;111354;851;1;2016799007342332131;B
20241029;111436;851;1;2016799007342332132;B
20241029;111436;851;1;2016799007342332133;B
20241029;111436;851;1;2016799007342332134;B
20241029;111450;850.5;1;2016799007342332135;S
20241029;111502;851.5;2;2016799007342332136;B
20241029;111506;851.5;1;2016799007342332137;B
20241029;111513;851;1;2016799007342332138;S
20241029;111522;851;1;2016799007342332139;B
20241029;111535;851;2;2016799007342332140;B
20241029;111536;851;3;2016799007342332141;S
20241029;111541;851.5;2;2016799007342332142;B
20241029;111600;851;1;2016799007342332143;B
20241029;111618;852;20;2016799007342332145;B
20241029;111626;852;6;2016799007342332146;B
20241029;111650;851.5;1;2016799007342332147;B
20241029;111650;851.5;1;2016799007342332148;B
20241029;111708;851;1;2016799007342332149;S
20241029;111708;851;11;2016799007342332150;S
20241029;111708;851;19;2016799007342332151;S
20241029;111732;850.5;2;2016799007342332152;S
20241029;111732;850.5;1;2016799007342332153;S
20241029;111732;850.5;1;2016799007342332154;S
20241029;111748;850;1;2016799007342332155;S
20241029;111748;850;1;2016799007342332156;S
20241029;111748;850;1;2016799007342332157;S
20241029;111748;850;1;2016799007342332158;S
20241029;111748;850;6;2016799007342332159;S
20241029;111748;850;1;2016799007342332160;S
20241029;111748;850;1;2016799007342332161;S
20241029;111749;850;6;2016799007342332162;S
20241029;111753;850.5;1;2016799007342332163;B
20241029;111753;850;4;2016799007342332164;S
20241029;111753;850;1;2016799007342332165;S
20241029;111753;850;1;2016799007342332166;S
20241029;111753;850;1;2016799007342332167;S
20241029;111753;850;1;2016799007342332168;S
20241029;111753;850;2;2016799007342332169;S
20241029;111753;850;2;2016799007342332170;S
20241029;111809;850;3;2016799007342332171;B
20241029;111812;849.5;1;2016799007342332172;S
20241029;111812;849.5;3;2016799007342332173;S
20241029;111812;849.5;1;2016799007342332174;S
20241029;111812;849.5;1;2016799007342332175;S
20241029;111812;849.5;1;2016799007342332176;S
20241029;111812;849.5;1;2016799007342332177;S
20241029;111812;849.5;1;2016799007342332178;S
20241029;111812;849.5;1;2016799007342332179;S
20241029;111812;849.5;2;2016799007342332180;S
20241029;111812;849.5;1;2016799007342332181;S
20241029;111812;849.5;1;2016799007342332182;S
20241029;111812;849.5;6;2016799007342332183;S
20241029;111812;849.5;2;2016799007342332184;S
20241029;111850;849;1;2016799007342332185;S
20241029;111850;849;1;2016799007342332186;S
20241029;111852;849.5;2;2016799007342332187;B
20241029;111915;849;1;2016799007342332188;S
20241029;111915;849;7;2016799007342332189;S
20241029;111939;849;30;2016799007342332190;S
20241029;111940;849;6;2016799007342332191;S
20241029;111955;849.5;1;2016799007342332192;B
20241029;112002;849;2;2016799007342332193;S
20241029;112002;849;5;2016799007342332194;S
20241029;112002;849;3;2016799007342332195;S
20241029;112013;849;4;2016799007342332196;S
20241029;112023;849;1;2016799007342332197;S
20241029;112024;849.5;1;2016799007342332198;B
20241029;112024;849.5;1;2016799007342332199;B
20241029;112024;849.5;2;2016799007342332200;B
20241029;112038;850;3;2016799007342332201;B
20241029;112040;849.5;3;2016799007342332202;S
20241029;112042;850;2;2016799007342332203;B
20241029;112100;850;2;2016799007342332204;B
20241029;112100;850;3;2016799007342332205;B
20241029;112100;850;1;2016799007342332206;B
20241029;112118;849.5;17;2016799007342332207;S
20241029;112125;849.5;2;2016799007342332208;S
20241029;112146;849.5;2;2016799007342332209;S
20241029;112212;849.5;1;2016799007342332210;S
20241029;112212;849.5;1;2016799007342332211;S
20241029;112310;849.5;1;2016799007342332212;S
20241029;112310;850;1;2016799007342332213;B
20241029;112314;849.5;1;2016799007342332214;S
20241029;112316;849.5;1;2016799007342332215;S
20241029;112317;850;6;2016799007342332216;B
20241029;112319;849.5;1;2016799007342332217;S
20241029;112319;850;1;2016799007342332218;B
20241029;112321;850;1;2016799007342332219;S
20241029;112325;850.5;2;2016799007342332220;B
20241029;112325;850;1;2016799007342332221;S
20241029;112326;850.5;1;2016799007342332222;B
20241029;112328;850;2;2016799007342332223;S
20241029;112340;850.5;1;2016799007342332224;B
20241029;112401;850;1;2016799007342332225;S
20241029;112401;850.5;5;2016799007342332226;B
20241029;112419;850.5;1;2016799007342332227;B
20241029;112625;850;5;2016799007342332230;S
20241029;112626;850;3;2016799007342332231;S
20241029;112626;850;1;2016799007342332232;S
20241029;112626;850;5;2016799007342332233;S
20241029;112634;849.5;4;2016799007342332234;S
20241029;112639;849.5;10;2016799007342332235;S
20241029;112647;849.5;1;2016799007342332236;S
20241029;112658;849;2;2016799007342332237;S
20241029;112659;849;1;2016799007342332238;S
20241029;112718;848.5;1;2016799007342332239;S
20241029;112719;848.5;1;2016799007342332240;S
20241029;112742;848.5;1;2016799007342332241;S
20241029;112742;848.5;1;2016799007342332242;S
20241029;112748;848.5;1;2016799007342332243;S
20241029;112748;848.5;1;2016799007342332244;S
20241029;112748;848.5;1;2016799007342332245;S
20241029;112802;848.5;1;2016799007342332246;S
20241029;112819;848.5;1;2016799007342332247;S
20241029;112819;848;6;2016799007342332248;S
20241029;112819;848;1;2016799007342332249;S
20241029;112819;848;1;2016799007342332250;S
20241029;112819;848;1;2016799007342332251;S
20241029;112822;848.5;6;2016799007342332252;B
20241029;112822;848.5;14;2016799007342332253;B
20241029;112826;848.5;10;2016799007342332254;B
20241029;112832;848.5;5;2016799007342332255;S
20241029;112903;848;1;2016799007342332256;S
20241029;112903;848;1;2016799007342332257;S
20241029;112903;848;1;2016799007342332258;S
20241029;112903;848;1;2016799007342332259;S
20241029;112903;848;1;2016799007342332260;S
20241029;112903;848;1;2016799007342332261;S
20241029;112903;848;17;2016799007342332262;S
20241029;112903;848;10;2016799007342332263;S
20241029;112904;848;6;2016799007342332264;S
20241029;112904;848;6;2016799007342332265;S
20241029;112904;848;3;2016799007342332266;S
20241029;112904;848;2;2016799007342332267;S
20241029;112914;849;3;2016799007342332268;B
20241029;112915;848;4;2016799007342332269;S
20241029;112923;848;2;2016799007342332270;S
20241029;112939;849;1;2016799007342332271;B
20241029;112939;849;1;2016799007342332272;B
20241029;112939;849;1;2016799007342332273;B
20241029;112939;849;1;2016799007342332274;B
20241029;112951;849;1;2016799007342332275;S
20241029;112953;849.5;1;2016799007342332276;B
20241029;112953;849.5;1;2016799007342332277;B
20241029;112953;849.5;1;2016799007342332278;B
20241029;113008;849;1;2016799007342332279;S
20241029;113010;849.5;1;2016799007342332280;B
20241029;113025;849;3;2016799007342332282;S
20241029;113109;849;2;2016799007342332283;B
20241029;113239;849;2;2016799007342332284;S
20241029;113306;849;3;2016799007342332285;S
20241029;113316;849;2;2016799007342332286;S
20241029;113323;849;5;2016799007342332287;S
20241029;113328;849.5;7;2016799007342332288;B
20241029;113328;849.5;2;2016799007342332289;B
20241029;113328;849.5;2;2016799007342332290;B
20241029;113328;849.5;1;2016799007342332291;B
20241029;113328;849.5;1;2016799007342332292;B
20241029;113328;849.5;1;2016799007342332293;B
20241029;113328;849.5;1;2016799007342332294;B
20241029;113343;849;5;2016799007342332297;S
20241029;113348;850;14;2016799007342332298;B
20241029;113348;850;1;2016799007342332299;B
20241029;113348;850;1;2016799007342332300;B
20241029;113348;850;1;2016799007342332301;B
20241029;113348;850;1;2016799007342332302;B
20241029;113348;850;1;2016799007342332303;B
20241029;113348;850;1;2016799007342332304;B
20241029;113403;850.5;2;2016799007342332305;B
20241029;113403;850.5;1;2016799007342332306;B
20241029;113403;850.5;1;2016799007342332307;B
20241029;113403;850.5;1;2016799007342332308;B
20241029;113403;850.5;1;2016799007342332309;B
20241029;113403;850.5;1;2016799007342332310;B
20241029;113422;850.5;1;2016799007342332311;B
20241029;113422;850.5;1;2016799007342332312;B
20241029;113443;850;10;2016799007342332313;S
20241029;113453;849.5;1;2016799007342332314;S
20241029;113548;849;4;2016799007342332315;S
20241029;113551;849;1;2016799007342332316;S
20241029;113551;849;1;2016799007342332317;S
20241029;113551;849;1;2016799007342332318;S
20241029;113605;849;1;2016799007342332319;B
20241029;113617;849.5;1;2016799007342332320;B
20241029;113648;848.5;2;2016799007342332321;S
20241029;113648;848.5;1;2016799007342332322;S
20241029;113648;848.5;1;2016799007342332323;S
20241029;113648;848.5;1;2016799007342332324;S
20241029;113653;848.5;1;2016799007342332325;S
20241029;113653;848.5;2;2016799007342332326;S
20241029;113653;848.5;2;2016799007342332327;S
20241029;113653;848.5;1;2016799007342332328;S
20241029;113708;848.5;1;2016799007342332329;B
20241029;113715;848;1;2016799007342332330;S
20241029;113723;848;1;2016799007342332331;B
20241029;113728;847.5;1;2016799007342332332;S
20241029;113728;847.5;1;2016799007342332333;S
20241029;113728;847.5;1;2016799007342332334;S
20241029;113728;847.5;2;2016799007342332335;S
20241029;113728;847.5;1;2016799007342332336;S
20241029;113734;847.5;1;2016799007342332337;S
20241029;113734;847.5;1;2016799007342332338;S
20241029;113734;847.5;1;2016799007342332339;S
20241029;113734;847.5;1;2016799007342332340;S
20241029;113736;847;1;2016799007342332341;S
20241029;113736;847;1;2016799007342332342;S
20241029;113736;847;4;2016799007342332343;S
20241029;113736;847;1;2016799007342332344;S
20241029;113736;847;1;2016799007342332349;S
20241029;113736;847;1;2016799007342332350;S
20241029;113736;847;1;2016799007342332351;S
20241029;113736;847;1;2016799007342332352;S
20241029;113736;847;1;2016799007342332353;S
20241029;113736;846.5;1;2016799007342332354;S
20241029;113736;846.5;6;2016799007342332355;S
20241029;113736;846.5;1;2016799007342332356;S
20241029;113736;846.5;1;2016799007342332357;S
20241029;113736;846.5;6;2016799007342332358;S
20241029;113736;846.5;1;2016799007342332359;S
20241029;113737;846.5;1;2016799007342332360;S
20241029;113738;846.5;30;2016799007342332361;S
20241029;113739;846.5;1;2016799007342332362;S
20241029;113739;846.5;1;2016799007342332363;S
20241029;113743;847;1;2016799007342332364;B
20241029;113748;846.5;1;2016799007342332365;S
20241029;113751;846.5;4;2016799007342332366;S
20241029;113753;846.5;2;2016799007342332367;S
20241029;113753;847;1;2016799007342332368;B
20241029;113806;847;1;2016799007342332369;B
20241029;113809;846.5;3;2016799007342332370;S
20241029;113810;846.5;1;2016799007342332371;S
20241029;113810;846.5;1;2016799007342332372;S
20241029;113810;846.5;1;2016799007342332373;S
20241029;113810;846.5;1;2016799007342332374;S
20241029;113814;846.5;1;2016799007342332375;S
20241029;113814;846.5;1;2016799007342332376;S
20241029;113814;846.5;1;2016799007342332381;S
20241029;113833;846.5;4;2016799007342332382;S
20241029;113850;846.5;1;2016799007342332383;B
20241029;113900;846.5;1;2016799007342332384;B
20241029;113906;846.5;1;2016799007342332385;B
20241029;113919;846.5;1;2016799007342332386;B
20241029;113923;846.5;1;2016799007342332387;B
20241029;113931;846;2;2016799007342332388;S
20241029;113931;846;1;2016799007342332389;S
20241029;113931;846;5;2016799007342332390;S
20241029;113931;846;1;2016799007342332391;S
20241029;113931;846;1;2016799007342332392;S
20241029;113931;846;1;2016799007342332393;S
20241029;113931;846;1;2016799007342332394;S
20241029;113931;846;1;2016799007342332395;S
20241029;113931;846;1;2016799007342332396;S
20241029;113931;846;1;2016799007342332397;S
20241029;113932;846;1;2016799007342332398;S
20241029;113932;846;1;2016799007342332399;S
20241029;113932;846;2;2016799007342332400;S
20241029;113932;846;1;2016799007342332401;S
20241029;113932;846;1;2016799007342332402;S
20241029;113933;846;10;2016799007342332403;S
20241029;113938;846;2;2016799007342332404;B
20241029;113939;845.5;1;2016799007342332405;S
20241029;113939;845.5;1;2016799007342332406;S
20241029;113939;845.5;1;2016799007342332407;S
20241029;113939;845.5;1;2016799007342332408;S
20241029;113939;845.5;1;2016799007342332409;S
20241029;113939;845.5;29;2016799007342332410;S
20241029;113940;845.5;1;2016799007342332411;S
20241029;113951;845.5;1;2016799007342332412;S
20241029;113951;845.5;1;2016799007342332413;S
20241029;113951;845.5;1;2016799007342332414;S
20241029;113951;845.5;1;2016799007342332415;S
20241029;113951;845.5;1;2016799007342332416;S
20241029;114000;845;1;2016799007342332418;S
20241029;114001;845.5;1;2016799007342332419;B
20241029;114002;845;1;2016799007342332420;S
20241029;114002;845;1;2016799007342332421;S
20241029;114002;845;2;2016799007342332422;S
20241029;114002;845;1;2016799007342332423;S
20241029;114002;845;1;2016799007342332424;S
20241029;114002;845;5;2016799007342332425;S
20241029;114002;845;1;2016799007342332426;S
20241029;114002;845;1;2016799007342332427;S
20241029;114002;845;18;2016799007342332428;S
20241029;114003;845.5;1;2016799007342332429;B
20241029;114012;845.5;1;2016799007342332430;B
20241029;114012;845.5;2;2016799007342332431;B
20241029;114013;845;1;2016799007342332432;S
20241029;114016;844.5;1;2016799007342332433;S
20241029;114016;844.5;1;2016799007342332434;S
20241029;114016;844.5;1;2016799007342332435;S
20241029;114016;844.5;1;2016799007342332436;S
20241029;114016;844.5;1;2016799007342332437;S
20241029;114018;844;1;2016799007342332440;S
20241029;114018;844;1;2016799007342332441;S
20241029;114018;844;1;2016799007342332442;S
20241029;114018;844;2;2016799007342332443;S
20241029;114018;844;1;2016799007342332444;S
20241029;114018;844;5;2016799007342332445;S
20241029;114018;844;1;2016799007342332446;S
20241029;114018;844;1;2016799007342332447;S
20241029;114018;844;1;2016799007342332448;S
20241029;114018;844;1;2016799007342332449;S
20241029;114018;844;1;2016799007342332450;B
20241029;114018;843.5;1;2016799007342332451;S
20241029;114018;843.5;1;2016799007342332452;S
20241029;114018;843.5;7;2016799007342332453;S
20241029;114018;844;1;2016799007342332454;B
20241029;114018;843.5;1;2016799007342332455;S
20241029;114018;843.5;2;2016799007342332456;S
20241029;114019;843.5;2;2016799007342332457;S
20241029;114019;843.5;8;2016799007342332458;S
20241029;114019;843.5;48;2016799007342332459;S
20241029;114019;843.5;7;2016799007342332460;S
20241029;114020;843.5;4;2016799007342332461;S
20241029;114020;844;1;2016799007342332462;B
20241029;114038;843.5;1;2016799007342332464;S
20241029;114044;843.5;2;2016799007342332465;S
20241029;114045;843.5;8;2016799007342332466;S
20241029;114053;843;2;2016799007342332468;S
20241029;114053;843;1;2016799007342332469;S
20241029;114053;843;1;2016799007342332470;S
20241029;114053;843;1;2016799007342332471;S
20241029;114053;843;2;2016799007342332472;S
20241029;114053;843;123;2016799007342332473;S
20241029;114053;843;1;2016799007342332474;S
20241029;114053;843;1;2016799007342332475;S
20241029;114053;843;1;2016799007342332476;S
20241029;114053;842.5;1;2016799007342332477;S
20241029;114053;842.5;6;2016799007342332478;S
20241029;114053;842.5;1;2016799007342332479;S
20241029;114053;842.5;11;2016799007342332480;S
20241029;114053;842.5;1;2016799007342332481;S
20241029;114053;843;1;2016799007342332482;B
20241029;114053;843;1;2016799007342332483;B
20241029;114053;843;1;2016799007342332484;B
20241029;114054;843;1;2016799007342332485;B
20241029;114055;843;2;2016799007342332486;B
20241029;114055;843;6;2016799007342332487;B
20241029;114055;843;9;2016799007342332488;B
20241029;114055;843;3;2016799007342332489;B
20241029;114059;842.5;3;2016799007342332491;S
20241029;114102;842.5;16;2016799007342332492;S
20241029;114103;842.5;15;2016799007342332493;S
20241029;114119;843;1;2016799007342332494;B
20241029;114123;844;1;2016799007342332495;B
20241029;114140;844;1;2016799007342332496;B
20241029;114142;843.5;1;2016799007342332497;S
20241029;114149;843.5;3;2016799007342332498;S
20241029;114149;843.5;3;2016799007342332499;S
20241029;114149;844;10;2016799007342332500;B
20241029;114149;844;1;2016799007342332501;B
20241029;114149;844;1;2016799007342332502;B
20241029;114149;844;1;2016799007342332503;B
20241029;114149;844;1;2016799007342332504;B
20241029;114149;844;2;2016799007342332505;B
20241029;114149;844;2;2016799007342332506;B
20241029;114149;844.5;1;2016799007342332507;B
20241029;114149;844.5;1;2016799007342332508;B
20241029;114151;844.5;122;2016799007342332509;B
20241029;114151;844.5;1;2016799007342332510;B
20241029;114151;844.5;1;2016799007342332511;B
20241029;114151;844.5;10;2016799007342332516;B
20241029;114151;845;59;2016799007342332517;B
20241029;114152;844;1;2016799007342332518;S
20241029;114200;843.5;2;2016799007342332519;S
20241029;114214;843.5;1;2016799007342332520;S
20241029;114224;843;96;2016799007342332521;S
20241029;114227;843;2;2016799007342332522;S
20241029;114229;843.5;1;2016799007342332523;B
20241029;114240;843.5;1;2016799007342332524;S
20241029;114245;843;2;2016799007342332525;S
20241029;114258;843;18;2016799007342332526;S
20241029;114305;843.5;10;2016799007342332527;B
20241029;114307;843;2;2016799007342332528;S
20241029;114307;843;1;2016799007342332529;S
20241029;114307;843;1;2016799007342332530;S
20241029;114307;843;1;2016799007342332531;S
20241029;114308;842.5;2;2016799007342332532;S
20241029;114313;842.5;10;2016799007342332534;S
20241029;114323;842.5;1;2016799007342332535;S
20241029;114323;842.5;2;2016799007342332536;S
20241029;114328;842.5;1;2016799007342332537;S
20241029;114328;842.5;1;2016799007342332538;S
20241029;114328;842.5;1;2016799007342332539;S
20241029;114328;842.5;1;2016799007342332540;S
20241029;114328;842.5;1;2016799007342332541;S
20241029;114336;843;1;2016799007342332542;B
20241029;114340;842.5;1;2016799007342332543;S
20241029;114345;842.5;1;2016799007342332544;S
20241029;114345;842.5;1;2016799007342332545;S
20241029;114345;842.5;1;2016799007342332546;S
20241029;114345;842.5;1;2016799007342332547;S
20241029;114359;842.5;1;2016799007342332548;S
20241029;114359;842.5;1;2016799007342332549;S
20241029;114407;843;1;2016799007342332550;B
20241029;114407;843;5;2016799007342332551;B
20241029;114407;843;4;2016799007342332552;B
20241029;114407;843;2;2016799007342332553;B
20241029;114407;843;1;2016799007342332554;B
20241029;114407;843;1;2016799007342332555;B
20241029;114407;843;1;2016799007342332556;B
20241029;114412;843.5;1;2016799007342332557;B
20241029;114414;843.5;1;2016799007342332558;B
20241029;114414;843.5;1;2016799007342332559;B
20241029;114414;843.5;1;2016799007342332560;B
20241029;114414;843.5;1;2016799007342332561;B
20241029;114414;843.5;1;2016799007342332562;B
20241029;114414;843.5;1;2016799007342332563;B
20241029;114414;843.5;1;2016799007342332564;B
20241029;114424;844.5;1;2016799007342332565;B
20241029;114424;844.5;2;2016799007342332566;B
20241029;114424;844.5;1;2016799007342332567;B
20241029;114425;844.5;3;2016799007342332568;B
20241029;114425;844.5;1;2016799007342332569;B
20241029;114433;843.5;2;2016799007342332570;S
20241029;114435;843.5;1;2016799007342332571;S
20241029;114447;843.5;1;2016799007342332572;S
20241029;114456;844;1;2016799007342332573;B
20241029;114456;844;1;2016799007342332574;B
20241029;114502;844;1;2016799007342332575;B
20241029;114509;844;2;2016799007342332576;B
20241029;114518;844.5;1;2016799007342332577;B
20241029;114518;844.5;1;2016799007342332578;B
20241029;114518;844.5;1;2016799007342332579;B
20241029;114519;844.5;1;2016799007342332580;B
20241029;114519;844.5;1;2016799007342332581;B
20241029;114519;844.5;1;2016799007342332582;B
20241029;114519;844.5;1;2016799007342332583;B
20241029;114519;844.5;1;2016799007342332584;B
20241029;114519;844.5;2;2016799007342332585;B
20241029;114519;844.5;1;2016799007342332586;B
20241029;114522;844;2;2016799007342332587;S
20241029;114536;844;1;2016799007342332588;S
20241029;114542;845;1;2016799007342332589;B
20241029;114547;844.5;1;2016799007342332590;B
20241029;114547;844.5;123;2016799007342332591;B
20241029;114547;845;32;2016799007342332592;B
20241029;114606;844.5;1;2016799007342332593;S
20241029;114639;844.5;10;2016799007342332594;S
20241029;114654;844.5;1;2016799007342332595;B
20241029;114658;844;1;2016799007342332596;S
20241029;114658;844;1;2016799007342332597;S
20241029;114658;843.5;4;2016799007342332598;S
20241029;114703;844.5;3;2016799007342332599;B
20241029;114710;844;2;2016799007342332600;S
20241029;114719;844.5;1;2016799007342332601;B
20241029;114738;844;6;2016799007342332602;S
20241029;114744;844;1;2016799007342332603;S
20241029;114825;844;1;2016799007342332604;S
20241029;114825;844;1;2016799007342332605;S
20241029;114829;843.5;3;2016799007342332606;S
20241029;114829;843.5;4;2016799007342332607;S
20241029;114834;843.5;2;2016799007342332608;S
20241029;114834;843.5;1;2016799007342332609;S
20241029;114834;843.5;2;2016799007342332610;S
20241029;114834;844;1;2016799007342332611;B
20241029;114841;843;2;2016799007342332612;S
20241029;114841;843;1;2016799007342332613;S
20241029;114841;843;1;2016799007342332614;S
20241029;114841;843;1;2016799007342332615;S
20241029;114841;843;1;2016799007342332616;S
20241029;114841;843;1;2016799007342332617;S
20241029;114841;843;1;2016799007342332618;S
20241029;114841;843;1;2016799007342332619;S
20241029;114842;842.5;3;2016799007342332620;S
20241029;114853;842.5;3;2016799007342332621;S
20241029;114853;842.5;1;2016799007342332622;S
20241029;114853;842.5;1;2016799007342332623;S
20241029;114903;842.5;1;2016799007342332624;S
20241029;114910;843;1;2016799007342332625;B
20241029;114922;842;1;2016799007342332627;S
20241029;114922;842;1;2016799007342332628;S
20241029;114922;842;1;2016799007342332629;S
20241029;114922;842;1;2016799007342332630;S
20241029;114927;842;2;2016799007342332631;S
20241029;114927;842;1;2016799007342332632;S
20241029;114931;842;1;2016799007342332633;B
20241029;114931;841.5;1;2016799007342332634;S
20241029;114932;841.5;1;2016799007342332635;S
20241029;114933;841.5;1;2016799007342332636;S
20241029;114934;841.5;1;2016799007342332637;S
20241029;114936;841.5;1;2016799007342332638;S
20241029;114938;841.5;2;2016799007342332639;S
20241029;114940;841.5;10;2016799007342332640;S
20241029;114942;841.5;2;2016799007342332641;S
20241029;114946;841.5;5;2016799007342332642;S
20241029;114946;841.5;1;2016799007342332643;S
20241029;114947;841.5;1;2016799007342332644;S
20241029;114958;842.5;2;2016799007342332645;B
20241029;115010;842.5;2;2016799007342332646;B
20241029;115012;842.5;1;2016799007342332647;B
20241029;115012;842.5;1;2016799007342332648;B
20241029;115025;843;44;2016799007342332650;S
20241029;115031;843.5;2;2016799007342332651;B
20241029;115035;842.5;1;2016799007342332652;S
20241029;115035;842.5;1;2016799007342332653;S
20241029;115056;842.5;1;2016799007342332654;S
20241029;115056;842.5;2;2016799007342332655;S
20241029;115056;842.5;1;2016799007342332656;S
20241029;115108;843;1;2016799007342332657;B
20241029;115108;843;30;2016799007342332658;B
20241029;115125;843;1;2016799007342332659;B
20241029;115133;843;1;2016799007342332660;S
20241029;115138;843;1;2016799007342332661;B
20241029;115148;843.5;1;2016799007342332662;B
20241029;115149;843.5;1;2016799007342332663;B
20241029;115149;843.5;1;2016799007342332664;B
20241029;115210;844;1;2016799007342332665;B
20241029;115210;844;1;2016799007342332666;B
20241029;115210;844;1;2016799007342332667;B
20241029;115210;844;1;2016799007342332668;B
20241029;115210;844;1;2016799007342332669;B
20241029;115210;844;1;2016799007342332670;B
20241029;115230;844.5;1;2016799007342332672;B
20241029;115230;844.5;2;2016799007342332673;B
20241029;115230;844.5;1;2016799007342332674;B
20241029;115230;844.5;1;2016799007342332675;B
20241029;115230;844.5;1;2016799007342332676;B
20241029;115230;844.5;1;2016799007342332677;B
20241029;115230;844.5;1;2016799007342332678;B
20241029;115236;845;1;2016799007342332679;B
20241029;115242;844.5;2;2016799007342332680;S
20241029;115243;845;1;2016799007342332681;B
20241029;115301;844;1;2016799007342332682;S
20241029;115315;844;1;2016799007342332683;S
20241029;115315;844;1;2016799007342332684;S
20241029;115321;844;3;2016799007342332685;S
20241029;115321;844;2;2016799007342332686;S
20241029;115322;844;3;2016799007342332687;S
20241029;115322;844;2;2016799007342332688;S
20241029;115324;844.5;1;2016799007342332689;B
20241029;115330;844;1;2016799007342332690;S
20241029;115335;844.5;1;2016799007342332691;B
20241029;115339;845;1;2016799007342332692;B
20241029;115350;845;5;2016799007342332693;B
20241029;115353;844.5;1;2016799007342332694;S
20241029;115403;844.5;10;2016799007342332695;S
20241029;115424;844.5;1;2016799007342332696;B
20241029;115424;844.5;2;2016799007342332697;B
20241029;115437;844;1;2016799007342332698;S
20241029;115452;845;1;2016799007342332699;B
20241029;115511;845;1;2016799007342332700;B
20241029;115511;845;1;2016799007342332701;B
20241029;115511;845;7;2016799007342332702;B
20241029;115511;845;1;2016799007342332703;B
20241029;115511;845;1;2016799007342332704;B
20241029;115511;845;1;2016799007342332705;B
20241029;115511;845;1;2016799007342332706;B
20241029;115511;845;1;2016799007342332707;B
20241029;115511;845;1;2016799007342332708;B
20241029;115511;845;1;2016799007342332709;B
20241029;115511;845;1;2016799007342332710;B
20241029;115512;844.5;2;2016799007342332711;S
20241029;115515;845;2;2016799007342332712;B
20241029;115534;845;1;2016799007342332713;B
20241029;115540;845;10;2016799007342332714;B
20241029;115553;844.5;1;2016799007342332715;S
20241029;115604;844.5;1;2016799007342332718;B
20241029;115609;844;1;2016799007342332719;S
20241029;115623;845;20;2016799007342332720;B
20241029;115630;845;1;2016799007342332721;S
20241029;115633;845.5;1;2016799007342332723;B
20241029;115633;845.5;1;2016799007342332724;B
20241029;115634;845.5;1;2016799007342332725;B
20241029;115640;845.5;1;2016799007342332726;B
20241029;115640;845.5;1;2016799007342332727;B
20241029;115640;845.5;1;2016799007342332728;B
20241029;115650;846;1;2016799007342332729;B
20241029;115650;846;5;2016799007342332730;B
20241029;115650;846;1;2016799007342332731;B
20241029;115650;846;1;2016799007342332732;B
20241029;115650;846;2;2016799007342332733;B
20241029;115650;846;1;2016799007342332734;B
20241029;115650;846;1;2016799007342332735;B
20241029;115650;846;1;2016799007342332736;B
20241029;115650;846;1;2016799007342332737;B
20241029;115650;846;1;2016799007342332738;B
20241029;115650;846.5;5;2016799007342332739;B
20241029;115651;846.5;1;2016799007342332740;B
20241029;115653;846.5;2;2016799007342332741;B
20241029;115657;846;5;2016799007342332742;B
20241029;115659;846;4;2016799007342332743;B
20241029;115703;845.5;1;2016799007342332744;S
20241029;115707;845.5;1;2016799007342332745;S
20241029;115708;846;1;2016799007342332746;B
20241029;115712;845.5;18;2016799007342332747;S
20241029;115722;846;4;2016799007342332748;B
20241029;115727;845.5;1;2016799007342332749;S
20241029;115739;845.5;1;2016799007342332750;S
20241029;115756;845.5;1;2016799007342332751;B
20241029;115817;845;2;2016799007342332752;B
20241029;115923;845.5;1;2016799007342332753;B
20241029;115931;845;1;2016799007342332754;S
20241029;115948;845.5;1;2016799007342332755;B
20241029;120021;845;8;2016799007342332756;S
20241029;120042;845.5;4;2016799007342332757;B
20241029;120042;845.5;2;2016799007342332758;B
20241029;120051;846;2;2016799007342332759;B
20241029;120055;846;2;2016799007342332760;B
20241029;120104;846;4;2016799007342332761;B
20241029;120120;845.5;1;2016799007342332762;S
20241029;120128;846.5;1;2016799007342332763;B
20241029;120136;845;4;2016799007342332764;S
20241029;120136;846;1;2016799007342332765;B
20241029;120136;845;1;2016799007342332766;S
20241029;120138;845;1;2016799007342332767;S
20241029;120150;845;2;2016799007342332768;S
20241029;120215;845;1;2016799007342332769;S
20241029;120232;844.5;1;2016799007342332770;S
20241029;120232;844.5;1;2016799007342332771;S
20241029;120232;844.5;1;2016799007342332772;S
20241029;120232;844.5;1;2016799007342332773;S
20241029;120232;844.5;1;2016799007342332774;S
20241029;120232;844.5;3;2016799007342332775;S
20241029;120233;844.5;6;2016799007342332776;S
20241029;120233;844.5;16;2016799007342332777;S
20241029;120237;844;20;2016799007342332778;S
20241029;120244;844;1;2016799007342332779;S
20241029;120244;844;1;2016799007342332780;S
20241029;120244;844;1;2016799007342332781;S
20241029;120253;844.5;1;2016799007342332782;B
20241029;120253;844;2;2016799007342332783;S
20241029;120253;843.5;1;2016799007342332788;S
20241029;120253;843.5;1;2016799007342332789;S
20241029;120256;843;1;2016799007342332790;S
20241029;120256;843;1;2016799007342332791;S
20241029;120256;843;1;2016799007342332792;S
20241029;120256;843;1;2016799007342332793;S
20241029;120256;843;1;2016799007342332794;S
20241029;120256;843;1;2016799007342332795;S
20241029;120256;843;1;2016799007342332796;S
20241029;120256;842.5;2;2016799007342332797;S
20241029;120304;843.5;1;2016799007342332798;B
20241029;120304;843.5;3;2016799007342332799;B
20241029;120305;842.5;2;2016799007342332800;S
20241029;120308;843.5;1;2016799007342332801;B
20241029;120316;843.5;1;2016799007342332802;B
20241029;120319;843;1;2016799007342332803;S
20241029;120330;842.5;1;2016799007342332804;S
20241029;120330;842.5;1;2016799007342332805;S
20241029;120330;842.5;1;2016799007342332806;S
20241029;120330;842.5;1;2016799007342332807;S
20241029;120341;842.5;1;2016799007342332808;S
20241029;120342;842.5;5;2016799007342332809;S
20241029;120359;842.5;100;2016799007342332810;S
20241029;120420;843.5;1;2016799007342332811;B
20241029;120440;843.5;1;2016799007342332812;B
20241029;120440;843.5;1;2016799007342332813;B
20241029;120513;843.5;2;2016799007342332814;B
20241029;120535;842.5;2;2016799007342332815;S
20241029;120535;842;3;2016799007342332816;S
20241029;120544;843;1;2016799007342332817;B
20241029;120600;842;1;2016799007342332818;S
20241029;120605;842;1;2016799007342332819;S
20241029;120609;843;1;2016799007342332820;B
20241029;120621;842.5;1;2016799007342332821;B
20241029;120626;842.5;1;2016799007342332822;B
20241029;120636;843.5;1;2016799007342332823;B
20241029;120700;843.5;1;2016799007342332824;B
20241029;120733;843;1;2016799007342332825;B
20241029;120733;842.5;1;2016799007342332826;S
20241029;120733;842.5;12;2016799007342332827;S
20241029;120741;843.5;2;2016799007342332828;B
20241029;120742;843;5;2016799007342332829;S
20241029;120752;843;5;2016799007342332830;B
20241029;120754;843;8;2016799007342332831;B
20241029;120754;843.5;12;2016799007342332832;B
20241029;120802;843;1;2016799007342332833;S
20241029;120847;843;1;2016799007342332834;B
20241029;120849;842;1;2016799007342332835;S
20241029;120851;843;2;2016799007342332836;B
20241029;120919;843;1;2016799007342332837;B
20241029;120926;843;1;2016799007342332838;B
20241029;120945;842;1;2016799007342332839;S
20241029;120959;842;1;2016799007342332840;S
20241029;120959;842;1;2016799007342332841;S
20241029;121029;841.5;5;2016799007342332842;S
20241029;121029;841.5;1;2016799007342332843;S
20241029;121030;842;25;2016799007342332844;B
20241029;121030;841.5;2;2016799007342332845;S
20241029;121030;841.5;1;2016799007342332846;S
20241029;121030;841.5;1;2016799007342332847;S
20241029;121042;841.5;2;2016799007342332848;S
20241029;121042;841.5;1;2016799007342332849;S
20241029;121042;841.5;1;2016799007342332850;S
20241029;121042;841.5;1;2016799007342332851;S
20241029;121042;841.5;1;2016799007342332852;S
20241029;121042;841.5;1;2016799007342332853;S
20241029;121042;841.5;1;2016799007342332854;S
20241029;121042;841.5;1;2016799007342332855;S
20241029;121042;841;1;2016799007342332856;S
20241029;121042;841;1;2016799007342332857;S
20241029;121042;841;5;2016799007342332858;S
20241029;121042;841;1;2016799007342332859;S
20241029;121042;841;1;2016799007342332860;S
20241029;121042;841;1;2016799007342332861;S
20241029;121042;841;1;2016799007342332862;S
20241029;121042;841;2;2016799007342332863;S
20241029;121042;841;5;2016799007342332864;S
20241029;121043;841;3;2016799007342332865;S
20241029;121043;841;1;2016799007342332866;S
20241029;121044;841.5;3;2016799007342332867;B
20241029;121044;841.5;2;2016799007342332868;B
20241029;121050;842;1;2016799007342332869;B
20241029;121103;841.5;3;2016799007342332870;S
20241029;121114;841.5;3;2016799007342332871;S
20241029;121118;841;17;2016799007342332872;S
20241029;121123;841;1;2016799007342332873;S
20241029;121139;841.5;49;2016799007342332874;B
20241029;121139;841.5;27;2016799007342332875;B
20241029;121140;841.5;31;2016799007342332876;B
20241029;121140;841.5;15;2016799007342332877;B
20241029;121140;841.5;12;2016799007342332878;B
20241029;121140;841.5;6;2016799007342332879;B
20241029;121140;841.5;4;2016799007342332880;B
20241029;121140;841.5;4;2016799007342332881;B
20241029;121140;841.5;3;2016799007342332882;B
20241029;121140;841.5;5;2016799007342332883;B
20241029;121144;842;1;2016799007342332884;B
20241029;121146;842;4;2016799007342332885;S
20241029;121159;841.5;2;2016799007342332886;S
20241029;121159;841.5;3;2016799007342332887;S
20241029;121209;842;3;2016799007342332888;B
20241029;121222;841.5;5;2016799007342332889;S
20241029;121233;841.5;5;2016799007342332890;S
20241029;121305;842;1;2016799007342332891;S
20241029;121306;842.5;1;2016799007342332892;B
20241029;121306;842.5;1;2016799007342332893;B
20241029;121306;842.5;1;2016799007342332894;B
20241029;121306;842.5;1;2016799007342332895;B
20241029;121306;842.5;1;2016799007342332896;B
20241029;121306;842.5;1;2016799007342332897;B
20241029;121341;843;17;2016799007342332898;B
20241029;121342;842.5;2;2016799007342332899;S
20241029;121353;843;2;2016799007342332900;B
20241029;121353;843;1;2016799007342332901;B
20241029;121353;843;5;2016799007342332902;B
20241029;121353;843;1;2016799007342332903;B
20241029;121353;843;1;2016799007342332904;B
20241029;121353;843;2;2016799007342332905;B
20241029;121354;843.5;5;2016799007342332906;B
20241029;121357;843.5;1;2016799007342332907;B
20241029;121357;843.5;1;2016799007342332908;B
20241029;121357;843.5;1;2016799007342332909;B
20241029;121357;843.5;1;2016799007342332910;B
20241029;121357;843.5;1;2016799007342332911;B
20241029;121357;843.5;1;2016799007342332912;B
20241029;121357;843.5;1;2016799007342332913;B
20241029;121357;843.5;1;2016799007342332914;B
20241029;121357;843.5;1;2016799007342332915;B
20241029;121358;843.5;9;2016799007342332916;S
20241029;121433;844;1;2016799007342332917;B
20241029;121433;844;10;2016799007342332918;B
20241029;121440;843.5;1;2016799007342332919;S
20241029;121440;843.5;1;2016799007342332920;B
20241029;121509;843;1;2016799007342332921;S
20241029;121520;843.5;18;2016799007342332922;B
20241029;121520;843.5;7;2016799007342332923;B
20241029;121524;844;20;2016799007342332924;B
20241029;121536;844;2;2016799007342332925;B
20241029;121536;844;1;2016799007342332930;B
20241029;121536;844;1;2016799007342332931;B
20241029;121539;844.5;2;2016799007342332932;B
20241029;121540;844.5;30;2016799007342332933;B
20241029;121559;844.5;1;2016799007342332934;B
20241029;121559;844.5;2;2016799007342332935;B
20241029;121559;844.5;1;2016799007342332936;B
20241029;121559;844.5;1;2016799007342332937;B
20241029;121559;844.5;1;2016799007342332938;B
20241029;121559;844.5;1;2016799007342332939;B
20241029;121559;844.5;1;2016799007342332940;B
20241029;121559;844.5;1;2016799007342332941;B
20241029;121559;844.5;1;2016799007342332942;B
20241029;121559;845;1;2016799007342332943;B
20241029;121600;845.5;8;2016799007342332944;B
20241029;121608;845.5;1;2016799007342332945;B
20241029;121608;845.5;1;2016799007342332946;B
20241029;121608;845.5;1;2016799007342332947;B
20241029;121608;845.5;1;2016799007342332948;B
20241029;121608;845.5;1;2016799007342332949;B
20241029;121608;845.5;1;2016799007342332950;B
20241029;121608;845.5;1;2016799007342332951;B
20241029;121608;845.5;1;2016799007342332952;B
20241029;121608;845.5;1;2016799007342332953;B
20241029;121608;845.5;1;2016799007342332954;B
20241029;121620;846;1;2016799007342332955;B
20241029;121620;846;1;2016799007342332956;B
20241029;121620;846;1;2016799007342332957;B
20241029;121620;846.5;1;2016799007342332958;B
20241029;121620;846.5;2;2016799007342332959;B
20241029;121620;846.5;1;2016799007342332960;B
20241029;121620;846.5;1;2016799007342332961;B
20241029;121620;846.5;1;2016799007342332962;B
20241029;121620;846.5;1;2016799007342332963;B
20241029;121620;846.5;1;2016799007342332964;B
20241029;121620;846.5;1;2016799007342332965;B
20241029;121620;846.5;1;2016799007342332966;B
20241029;121620;846.5;10;2016799007342332967;B
20241029;121621;847;1;2016799007342332968;B
20241029;121621;847;1;2016799007342332969;B
20241029;121621;847;1;2016799007342332970;B
20241029;121621;847;1;2016799007342332971;B
20241029;121621;847;2;2016799007342332972;B
20241029;121621;847;1;2016799007342332973;B
20241029;121621;847;10;2016799007342332974;B
20241029;121621;847;1;2016799007342332975;B
20241029;121622;847.5;1;2016799007342332976;B
20241029;121622;847.5;2;2016799007342332977;B
20241029;121622;847.5;3;2016799007342332978;B
20241029;121622;847.5;3;2016799007342332979;B
20241029;121622;847.5;37;2016799007342332980;B
20241029;121622;847.5;1;2016799007342332981;B
20241029;121622;847.5;1;2016799007342332982;B
20241029;121622;847.5;1;2016799007342332983;B
20241029;121622;847.5;1;2016799007342332984;B
20241029;121622;847.5;1;2016799007342332985;B
20241029;121622;847.5;1;2016799007342332986;B
20241029;121623;847.5;1;2016799007342332987;B
20241029;121623;847.5;4;2016799007342332988;S
20241029;121629;847.5;6;2016799007342332989;B
20241029;121633;848;1;2016799007342332990;B
20241029;121634;848;1;2016799007342332991;B
20241029;121634;848;1;2016799007342332992;B
20241029;121634;848;1;2016799007342332993;B
20241029;121636;847.5;1;2016799007342332994;S
20241029;121636;847.5;1;2016799007342332995;S
20241029;121637;847;1;2016799007342332996;S
20241029;121644;848;1;2016799007342332998;B
20241029;121649;848;1;2016799007342332999;B
20241029;121651;848;1;2016799007342333000;B
20241029;121655;848.5;1;2016799007342333001;B
20241029;121655;848.5;1;2016799007342333002;B
20241029;121655;848.5;2;2016799007342333003;B
20241029;121655;848.5;2;2016799007342333004;B
20241029;121655;848.5;1;2016799007342333005;B
20241029;121655;848.5;1;2016799007342333006;B
20241029;121655;848.5;1;2016799007342333007;B
20241029;121655;848.5;1;2016799007342333008;B
20241029;121655;848.5;1;2016799007342333009;B
20241029;121655;848.5;1;2016799007342333010;B
20241029;121657;849;1;2016799007342333011;B
20241029;121657;849;1;2016799007342333012;B
20241029;121657;849;1;2016799007342333013;B
20241029;121657;849;1;2016799007342333014;B
20241029;121657;849;6;2016799007342333015;B
20241029;121657;849;1;2016799007342333016;B
