<DATE>;<TIME>;<LAST>;<VOL>;<ID>;<OPER>
20241107;095902;2661.5;1;2033124586056320726;B
20241107;095902;2661.5;1;2033124586056320727;S
20241107;095902;2661.5;10;2033124586056320728;S
20241107;095902;2661.5;25;2033124586056320729;S
20241107;095902;2661.5;1;2033124586056320730;S
20241107;095902;2661.5;1;2033124586056320731;B
20241107;095902;2661.5;1;2033124586056320732;S
20241107;095902;2661.5;1;2033124586056320733;S
20241107;095902;2661.5;23;2033124586056320734;S
20241107;095902;2661.5;2;2033124586056320735;S
20241107;095902;2661.5;1;2033124586056320736;S
20241107;095902;2661.5;1;2033124586056320737;S
20241107;095902;2661.5;1;2033124586056320738;S
20241107;095902;2661.5;5;2033124586056320739;B
20241107;095902;2661.5;1;2033124586056320740;S
20241107;095902;2661.5;69;2033124586056320741;B
20241107;095902;2661.5;5;2033124586056320742;S
20241107;095902;2661.5;18;2033124586056320743;S
20241107;095902;2661.5;1;2033124586056320744;B
20241107;100001;2662;8;2033124586056320745;B
20241107;100001;2662;4;2033124586056320746;S
20241107;100001;2662;1;2033124586056320747;S
20241107;100002;2662;5;2033124586056320748;S
20241107;100002;2663;5;2033124586056320749;B
20241107;100002;2662;1;2033124586056320750;S
20241107;100002;2662;2;2033124586056320751;S
20241107;100002;2663;11;2033124586056320752;B
20241107;100003;2662.5;1;2033124586056320753;S
20241107;100004;2662;10;2033124586056320754;S
20241107;100004;2661.5;7;2033124586056320755;S
20241107;100004;2661.5;1;2033124586056320756;S
20241107;100005;2661;40;2033124586056320757;S
20241107;100005;2662;1;2033124586056320758;B
20241107;100005;2661;1;2033124586056320759;S
20241107;100005;2661;9;2033124586056320760;S
20241107;100005;2661;1;2033124586056320761;S
20241107;100005;2661;1;2033124586056320762;S
20241107;100005;2661;1;2033124586056320763;S
20241107;100005;2661;1;2033124586056320764;S
20241107;100005;2661.5;10;2033124586056320765;B
20241107;100005;2661.5;30;2033124586056320766;B
20241107;100005;2661.5;3;2033124586056320767;S
20241107;100006;2663;1;2033124586056320768;B
20241107;100006;2663;10;2033124586056320769;B
20241107;100006;2663;10;2033124586056320770;B
20241107;100006;2663;3;2033124586056320771;B
20241107;100006;2663.5;7;2033124586056320772;B
20241107;100006;2663.5;10;2033124586056320773;B
20241107;100007;2663;10;2033124586056320774;B
20241107;100007;2663;10;2033124586056320775;B
20241107;100007;2663;20;2033124586056320776;B
20241107;100007;2662.5;10;2033124586056320777;B
20241107;100007;2662.5;10;2033124586056320778;B
20241107;100007;2662.5;10;2033124586056320779;B
20241107;100007;2662.5;10;2033124586056320780;B
20241107;100007;2661;3;2033124586056320781;S
20241107;100008;2662.5;10;2033124586056320782;B
20241107;100008;2662.5;10;2033124586056320783;B
20241107;100008;2663;3;2033124586056320784;B
20241107;100008;2663;7;2033124586056320785;B
20241107;100008;2663;10;2033124586056320786;B
20241107;100008;2663;10;2033124586056320787;B
20241107;100008;2663.5;10;2033124586056320788;B
20241107;100008;2663.5;10;2033124586056320789;B
20241107;100008;2663.5;10;2033124586056320790;B
20241107;100009;2663.5;3;2033124586056320791;B
20241107;100009;2663.5;7;2033124586056320792;B
20241107;100009;2663.5;10;2033124586056320793;B
20241107;100009;2663.5;10;2033124586056320794;B
20241107;100009;2663.5;10;2033124586056320795;B
20241107;100009;2663.5;1;2033124586056320796;B
20241107;100009;2664;9;2033124586056320797;B
20241107;100009;2664;10;2033124586056320798;B
20241107;100010;2664;10;2033124586056320799;B
20241107;100010;2664;10;2033124586056320800;B
20241107;100010;2664;1;2033124586056320801;B
20241107;100010;2664;1;2033124586056320802;B
20241107;100010;2664.5;1;2033124586056320803;B
20241107;100010;2664.5;7;2033124586056320804;B
20241107;100010;2663.5;1;2033124586056320805;S
20241107;100010;2664.5;10;2033124586056320806;B
20241107;100010;2664.5;10;2033124586056320807;B
20241107;100011;2664.5;10;2033124586056320808;B
20241107;100011;2664.5;3;2033124586056320809;B
20241107;100011;2665;1;2033124586056320810;B
20241107;100011;2665;6;2033124586056320811;B
20241107;100011;2665;10;2033124586056320812;B
20241107;100011;2665;1;2033124586056320813;B
20241107;100012;2665;10;2033124586056320814;B
20241107;100012;2665;10;2033124586056320815;B
20241107;100014;2665;3;2033124586056320816;B
20241107;100014;2665;3;2033124586056320817;B
20241107;100014;2665.5;4;2033124586056320818;B
20241107;100014;2665;10;2033124586056320819;B
20241107;100016;2665;3;2033124586056320820;B
20241107;100016;2665.5;6;2033124586056320821;B
20241107;100016;2665.5;4;2033124586056320822;B
20241107;100016;2665.5;10;2033124586056320823;B
20241107;100017;2665.5;3;2033124586056320824;B
20241107;100017;2665.5;2;2033124586056320825;B
20241107;100017;2665.5;7;2033124586056320826;B
20241107;100017;2665.5;3;2033124586056320827;B
20241107;100017;2665.5;10;2033124586056320828;B
20241107;100018;2665.5;10;2033124586056320829;B
20241107;100018;2665.5;7;2033124586056320830;B
20241107;100018;2666;3;2033124586056320831;B
20241107;100019;2666;10;2033124586056320832;B
20241107;100019;2666;10;2033124586056320833;B
20241107;100021;2666;5;2033124586056320834;B
20241107;100021;2666.5;5;2033124586056320835;B
20241107;100024;2665.5;2;2033124586056320836;B
20241107;100034;2665;1;2033124586056320837;B
20241107;100034;2665.5;10;2033124586056320838;B
20241107;100035;2665;1;2033124586056320839;S
20241107;100037;2665;2;2033124586056320840;B
20241107;100037;2665;10;2033124586056320841;B
20241107;100037;2665.5;30;2033124586056320842;B
20241107;100039;2666.5;1;2033124586056320843;B
20241107;100039;2666;40;2033124586056320844;S
20241107;100039;2666;3;2033124586056320845;S
20241107;100039;2666;6;2033124586056320846;S
20241107;100039;2665.5;1;2033124586056320847;S
20241107;100043;2665.5;2;2033124586056320848;S
20241107;100046;2665.5;3;2033124586056320849;S
20241107;100054;2665.5;2;2033124586056320850;S
20241107;100054;2665;40;2033124586056320851;S
20241107;100054;2665;8;2033124586056320852;S
20241107;100054;2665;22;2033124586056320853;S
20241107;100058;2665;2;2033124586056320854;S
20241107;100102;2664;5;2033124586056320855;S
20241107;100102;2663.5;21;2033124586056320856;S
20241107;100105;2664;3;2033124586056320857;B
20241107;100106;2664;1;2033124586056320858;B
20241107;100108;2663.5;40;2033124586056320859;S
20241107;100108;2663.5;6;2033124586056320860;S
20241107;100108;2663.5;40;2033124586056320861;S
20241107;100108;2663;1;2033124586056320862;S
20241107;100109;2663.5;1;2033124586056320863;B
20241107;100109;2661;37;2033124586056320864;S
20241107;100109;2661;35;2033124586056320865;S
20241107;100109;2661;10;2033124586056320866;S
20241107;100114;2661;2;2033124586056320867;S
20241107;100117;2662.5;1;2033124586056320868;B
20241107;100117;2660.5;1;2033124586056320869;S
20241107;100118;2660.5;10;2033124586056320870;S
20241107;100119;2660.5;10;2033124586056320871;S
20241107;100120;2661.5;1;2033124586056320872;B
20241107;100124;2661;1;2033124586056320873;S
20241107;100125;2661.5;1;2033124586056320874;B
20241107;100125;2661;5;2033124586056320875;S
20241107;100129;2661.5;9;2033124586056320876;B
20241107;100129;2662;40;2033124586056320877;B
20241107;100129;2662.5;39;2033124586056320878;B
20241107;100129;2663;2;2033124586056320879;B
20241107;100140;2661;34;2033124586056320880;S
20241107;100140;2661;6;2033124586056320881;S
20241107;100140;2660.5;2;2033124586056320882;S
20241107;100140;2660.5;2;2033124586056320883;S
20241107;100140;2660.5;6;2033124586056320884;S
20241107;100141;2661;1;2033124586056320885;S
20241107;100145;2663;9;2033124586056320886;B
20241107;100155;2662;3;2033124586056320887;B
20241107;100200;2662;1;2033124586056320888;B
20241107;100206;2662;2;2033124586056320889;B
20241107;100206;2661.5;4;2033124586056320890;S
20241107;100209;2661.5;9;2033124586056320891;S
20241107;100211;2661.5;10;2033124586056320892;S
20241107;100213;2661;5;2033124586056320893;S
20241107;100223;2661;1;2033124586056320894;S
20241107;100223;2661;5;2033124586056320895;S
20241107;100223;2661;10;2033124586056320896;S
20241107;100223;2661;10;2033124586056320897;S
20241107;100223;2661;10;2033124586056320898;S
20241107;100223;2661;10;2033124586056320899;S
20241107;100224;2661;10;2033124586056320900;S
20241107;100224;2661;10;2033124586056320901;S
20241107;100224;2661;1;2033124586056320902;S
20241107;100224;2661;10;2033124586056320903;S
20241107;100225;2661;10;2033124586056320904;S
20241107;100225;2661;10;2033124586056320905;S
20241107;100226;2661;4;2033124586056320906;S
20241107;100226;2661;4;2033124586056320907;S
20241107;100226;2661;1;2033124586056320908;S
20241107;100226;2660.5;10;2033124586056320909;S
20241107;100226;2660.5;1;2033124586056320910;S
20241107;100226;2660.5;39;2033124586056320911;S
20241107;100226;2660.5;1;2033124586056320912;S
20241107;100226;2660;32;2033124586056320913;S
20241107;100226;2660;1;2033124586056320914;S
20241107;100226;2660;1;2033124586056320915;S
20241107;100226;2660;2;2033124586056320916;S
20241107;100226;2660;1;2033124586056320917;S
20241107;100226;2660;1;2033124586056320918;S
20241107;100226;2660;2;2033124586056320919;S
20241107;100226;2660;1;2033124586056320920;S
20241107;100226;2660;5;2033124586056320921;S
20241107;100226;2660;34;2033124586056320922;S
20241107;100226;2660;20;2033124586056320923;S
20241107;100226;2660;40;2033124586056320924;S
20241107;100226;2660;6;2033124586056320925;S
20241107;100226;2660;1;2033124586056320926;S
20241107;100226;2660;10;2033124586056320927;S
20241107;100226;2660;1;2033124586056320928;S
20241107;100226;2660;2;2033124586056320929;S
20241107;100226;2659.5;1;2033124586056320930;S
20241107;100226;2659.5;9;2033124586056320931;S
20241107;100226;2659.5;10;2033124586056320932;S
20241107;100226;2659.5;21;2033124586056320933;S
20241107;100226;2658.5;1;2033124586056320934;S
20241107;100226;2658.5;1;2033124586056320935;S
20241107;100226;2658;8;2033124586056320936;S
20241107;100226;2658;20;2033124586056320937;S
20241107;100226;2658;10;2033124586056320938;S
20241107;100227;2658;3;2033124586056320939;S
20241107;100227;2658;11;2033124586056320940;S
20241107;100227;2657.5;1;2033124586056320941;S
20241107;100227;2657.5;8;2033124586056320942;S
20241107;100227;2657.5;20;2033124586056320943;S
20241107;100227;2657;2;2033124586056320944;S
20241107;100227;2657;8;2033124586056320945;S
20241107;100227;2657;2;2033124586056320946;S
20241107;100227;2659;10;2033124586056320947;B
20241107;100227;2657;10;2033124586056320948;S
20241107;100227;2657;7;2033124586056320949;S
20241107;100227;2657;10;2033124586056320950;S
20241107;100228;2657;10;2033124586056320951;S
20241107;100228;2657;3;2033124586056320952;S
20241107;100228;2656.5;1;2033124586056320953;S
20241107;100228;2656.5;6;2033124586056320954;S
20241107;100229;2656.5;3;2033124586056320955;S
20241107;100229;2656;1;2033124586056320956;S
20241107;100229;2656;1;2033124586056320957;S
20241107;100229;2656;2;2033124586056320958;S
20241107;100229;2656;3;2033124586056320959;S
20241107;100229;2656;5;2033124586056320960;S
20241107;100229;2656;1;2033124586056320961;S
20241107;100229;2656;4;2033124586056320962;S
20241107;100229;2655.5;1;2033124586056320963;S
20241107;100229;2655.5;1;2033124586056320964;S
20241107;100229;2655.5;10;2033124586056320965;S
20241107;100229;2655.5;1;2033124586056320966;S
20241107;100229;2655.5;10;2033124586056320967;S
20241107;100230;2655.5;10;2033124586056320968;S
20241107;100230;2655.5;18;2033124586056320969;S
20241107;100230;2655;2;2033124586056320970;S
20241107;100230;2655;5;2033124586056320971;S
20241107;100230;2655;1;2033124586056320972;S
20241107;100230;2655;1;2033124586056320973;S
20241107;100230;2655;1;2033124586056320974;S
20241107;100230;2655;1;2033124586056320975;S
20241107;100230;2655;1;2033124586056320976;S
20241107;100230;2655;1;2033124586056320977;S
20241107;100230;2655;9;2033124586056320978;S
20241107;100231;2655;29;2033124586056320979;S
20241107;100231;2655;1;2033124586056320980;S
20241107;100231;2655.5;1;2033124586056320981;B
20241107;100233;2655.5;10;2033124586056320982;S
20241107;100233;2655.5;10;2033124586056320983;S
20241107;100236;2656.5;1;2033124586056320984;B
20241107;100239;2657.5;1;2033124586056320985;B
20241107;100241;2655.5;5;2033124586056320986;S
20241107;100245;2655.5;1;2033124586056320987;S
20241107;100245;2655.5;10;2033124586056320988;S
20241107;100246;2657.5;1;2033124586056320989;B
20241107;100247;2655.5;1;2033124586056320990;S
20241107;100251;2656;1;2033124586056320991;S
20241107;100251;2656;9;2033124586056320992;S
20241107;100254;2656;1;2033124586056320993;S
20241107;100254;2656;39;2033124586056320994;S
20241107;100254;2656;1;2033124586056320995;S
20241107;100254;2655.5;3;2033124586056320996;S
20241107;100254;2655.5;2;2033124586056320997;S
20241107;100254;2655.5;1;2033124586056320998;S
20241107;100254;2655;3;2033124586056320999;S
20241107;100255;2656;1;2033124586056321000;S
20241107;100255;2656;9;2033124586056321001;S
20241107;100256;2656;10;2033124586056321002;S
20241107;100256;2656;10;2033124586056321003;S
20241107;100257;2657.5;3;2033124586056321004;B
20241107;100258;2656;1;2033124586056321005;S
20241107;100259;2656;10;2033124586056321006;S
20241107;100259;2655.5;40;2033124586056321007;S
20241107;100301;2657;1;2033124586056321008;B
20241107;100301;2656;10;2033124586056321009;S
20241107;100301;2656;10;2033124586056321010;S
20241107;100305;2657;1;2033124586056321011;B
20241107;100310;2657;1;2033124586056321012;B
20241107;100310;2657;1;2033124586056321013;B
20241107;100312;2656.5;1;2033124586056321014;S
20241107;100313;2657;3;2033124586056321015;B
20241107;100313;2657.5;7;2033124586056321016;B
20241107;100314;2656.5;5;2033124586056321017;S
20241107;100316;2657;1;2033124586056321018;B
20241107;100316;2657.5;1;2033124586056321019;B
20241107;100318;2657.5;50;2033124586056321020;B
20241107;100319;2657;6;2033124586056321021;S
20241107;100319;2657;4;2033124586056321022;S
20241107;100319;2657;10;2033124586056321023;S
20241107;100319;2657;10;2033124586056321024;S
20241107;100319;2656.5;34;2033124586056321025;S
20241107;100319;2656.5;4;2033124586056321026;S
20241107;100319;2656.5;10;2033124586056321027;S
20241107;100319;2656;1;2033124586056321028;S
20241107;100322;2657.5;2;2033124586056321029;B
20241107;100322;2657.5;1;2033124586056321030;B
20241107;100328;2657.5;1;2033124586056321031;B
20241107;100328;2657.5;15;2033124586056321032;B
20241107;100328;2657.5;5;2033124586056321033;B
20241107;100328;2657.5;10;2033124586056321034;S
20241107;100329;2657.5;9;2033124586056321035;S
20241107;100329;2657.5;1;2033124586056321036;S
20241107;100329;2657.5;10;2033124586056321037;S
20241107;100329;2657.5;10;2033124586056321038;S
20241107;100330;2658.5;20;2033124586056321039;B
20241107;100335;2658.5;1;2033124586056321040;B
20241107;100335;2658.5;1;2033124586056321041;S
20241107;100337;2658.5;8;2033124586056321042;S
20241107;100340;2657.5;1;2033124586056321043;S
20241107;100344;2657.5;1;2033124586056321044;S
20241107;100344;2658;12;2033124586056321045;B
20241107;100344;2658.5;8;2033124586056321046;B
20241107;100346;2657.5;38;2033124586056321047;S
20241107;100346;2657.5;2;2033124586056321048;S
20241107;100350;2658.5;10;2033124586056321049;B
20241107;100357;2659;1;2033124586056321050;B
20241107;100357;2659;9;2033124586056321051;B
20241107;100357;2659.5;11;2033124586056321052;B
20241107;100401;2659;1;2033124586056321053;B
20241107;100407;2658.5;2;2033124586056321054;S
20241107;100408;2659;1;2033124586056321055;B
20241107;100409;2659;2;2033124586056321056;B
20241107;100409;2659.5;20;2033124586056321057;B
20241107;100409;2659.5;10;2033124586056321058;B
20241107;100409;2659.5;18;2033124586056321059;B
20241107;100411;2659;2;2033124586056321060;B
20241107;100420;2659;1;2033124586056321061;B
20241107;100420;2659;1;2033124586056321062;B
20241107;100421;2658.5;1;2033124586056321063;S
20241107;100433;2659.5;3;2033124586056321064;B
20241107;100435;2659;1;2033124586056321065;S
20241107;100435;2659.5;4;2033124586056321066;B
20241107;100436;2659.5;1;2033124586056321067;S
20241107;100439;2659.5;2;2033124586056321068;S
20241107;100439;2659;28;2033124586056321069;S
20241107;100442;2659;10;2033124586056321070;S
20241107;100442;2658.5;40;2033124586056321071;S
20241107;100442;2658.5;1;2033124586056321072;S
20241107;100442;2658.5;2;2033124586056321073;S
20241107;100442;2658.5;3;2033124586056321074;S
20241107;100443;2660;3;2033124586056321075;B
20241107;100448;2660;37;2033124586056321076;B
20241107;100448;2660;2;2033124586056321077;B
20241107;100448;2660;6;2033124586056321078;B
20241107;100448;2660;3;2033124586056321079;B
20241107;100448;2660;1;2033124586056321080;B
20241107;100448;2660;1;2033124586056321081;B
20241107;100449;2658.5;1;2033124586056321082;S
20241107;100452;2658.5;2;2033124586056321083;S
20241107;100452;2658.5;1;2033124586056321084;S
20241107;100453;2658.5;1;2033124586056321085;S
20241107;100503;2659;2;2033124586056321086;S
20241107;100507;2659;8;2033124586056321087;S
20241107;100507;2659;1;2033124586056321088;S
20241107;100507;2659;1;2033124586056321089;S
20241107;100507;2659;10;2033124586056321090;S
20241107;100508;2659;10;2033124586056321091;S
20241107;100508;2659;10;2033124586056321092;S
20241107;100509;2659;10;2033124586056321093;S
20241107;100510;2659;2;2033124586056321094;S
20241107;100513;2659.5;40;2033124586056321095;B
20241107;100513;2659.5;10;2033124586056321096;B
20241107;100513;2659.5;2;2033124586056321097;B
20241107;100513;2660;38;2033124586056321098;B
20241107;100514;2659;1;2033124586056321099;S
20241107;100516;2659;6;2033124586056321100;S
20241107;100516;2659;4;2033124586056321101;S
20241107;100516;2659;6;2033124586056321102;S
20241107;100516;2658.5;4;2033124586056321103;S
20241107;100517;2659.5;1;2033124586056321104;B
20241107;100517;2660;9;2033124586056321105;B
20241107;100517;2660;40;2033124586056321106;B
20241107;100517;2660;1;2033124586056321107;B
20241107;100517;2660;10;2033124586056321108;B
20241107;100517;2660;1;2033124586056321109;B
20241107;100517;2660;88;2033124586056321110;B
20241107;100518;2659;10;2033124586056321111;S
20241107;100521;2659;10;2033124586056321112;S
20241107;100521;2658.5;10;2033124586056321113;S
20241107;100521;2658.5;10;2033124586056321114;S
20241107;100522;2658.5;10;2033124586056321115;S
20241107;100522;2659.5;5;2033124586056321116;B
20241107;100522;2658.5;6;2033124586056321117;S
20241107;100522;2658.5;4;2033124586056321118;S
20241107;100523;2658.5;2;2033124586056321119;S
20241107;100523;2658.5;8;2033124586056321120;S
20241107;100524;2659.5;5;2033124586056321121;B
20241107;100524;2658.5;7;2033124586056321122;S
20241107;100524;2658.5;3;2033124586056321123;S
20241107;100525;2658.5;2;2033124586056321124;S
20241107;100525;2658.5;10;2033124586056321125;S
20241107;100528;2658.5;1;2033124586056321126;S
20241107;100531;2658.5;9;2033124586056321127;S
20241107;100531;2658.5;3;2033124586056321128;S
20241107;100532;2659.5;1;2033124586056321129;B
20241107;100533;2658.5;10;2033124586056321130;S
20241107;100533;2658;10;2033124586056321131;S
20241107;100535;2658;1;2033124586056321132;S
20241107;100539;2658;5;2033124586056321133;S
20241107;100539;2658;10;2033124586056321134;S
20241107;100542;2658;5;2033124586056321135;S
20241107;100542;2658;5;2033124586056321136;S
20241107;100542;2658;10;2033124586056321137;S
20241107;100545;2658;3;2033124586056321138;S
20241107;100547;2658;10;2033124586056321139;S
20241107;100548;2658;10;2033124586056321140;S
20241107;100553;2658;2;2033124586056321141;S
20241107;100553;2658;5;2033124586056321142;S
20241107;100600;2657.5;4;2033124586056321143;S
20241107;100611;2658;1;2033124586056321144;B
20241107;100613;2658;1;2033124586056321145;B
20241107;100616;2657.5;4;2033124586056321146;S
20241107;100616;2657.5;3;2033124586056321147;S
20241107;100617;2657.5;7;2033124586056321148;S
20241107;100617;2657.5;3;2033124586056321149;S
20241107;100617;2657.5;30;2033124586056321150;S
20241107;100617;2657.5;5;2033124586056321151;S
20241107;100617;2657.5;5;2033124586056321152;S
20241107;100617;2657.5;10;2033124586056321153;S
20241107;100618;2657.5;10;2033124586056321154;S
20241107;100618;2657.5;10;2033124586056321155;S
20241107;100619;2657.5;10;2033124586056321156;S
20241107;100619;2657.5;10;2033124586056321157;S
20241107;100619;2657.5;10;2033124586056321158;S
20241107;100620;2657.5;10;2033124586056321159;S
20241107;100620;2657.5;10;2033124586056321160;S
20241107;100620;2657.5;10;2033124586056321161;S
20241107;100622;2657.5;1;2033124586056321162;S
20241107;100625;2657.5;1;2033124586056321163;S
20241107;100625;2657.5;1;2033124586056321164;S
20241107;100625;2657.5;1;2033124586056321165;S
20241107;100625;2657.5;1;2033124586056321166;S
20241107;100625;2657.5;1;2033124586056321167;S
20241107;100625;2657.5;1;2033124586056321168;S
20241107;100625;2657.5;1;2033124586056321169;S
20241107;100625;2657;2;2033124586056321170;S
20241107;100628;2657;1;2033124586056321171;S
20241107;100628;2657;1;2033124586056321172;S
20241107;100630;2657;1;2033124586056321173;S
20241107;100630;2657;5;2033124586056321174;S
20241107;100630;2657;5;2033124586056321175;S
20241107;100630;2657;1;2033124586056321176;S
20241107;100632;2657;1;2033124586056321177;S
20241107;100632;2657;9;2033124586056321178;S
20241107;100633;2657;10;2033124586056321179;S
20241107;100633;2657;3;2033124586056321180;S
20241107;100636;2657;1;2033124586056321181;S
20241107;100637;2657;1;2033124586056321182;S
20241107;100640;2657;10;2033124586056321183;S
20241107;100641;2657;1;2033124586056321184;S
20241107;100644;2657;9;2033124586056321185;S
20241107;100644;2657;1;2033124586056321186;S
20241107;100644;2657.5;2;2033124586056321187;B
20241107;100646;2657;9;2033124586056321188;S
20241107;100647;2656.5;5;2033124586056321189;S
20241107;100647;2656.5;5;2033124586056321190;S
20241107;100647;2656.5;5;2033124586056321191;S
20241107;100647;2656.5;5;2033124586056321192;S
20241107;100648;2656;10;2033124586056321193;S
20241107;100648;2656;4;2033124586056321194;S
20241107;100648;2656;1;2033124586056321195;S
20241107;100649;2655.5;3;2033124586056321196;S
20241107;100652;2655.5;10;2033124586056321197;S
20241107;100655;2656;2;2033124586056321198;B
20241107;100655;2656;10;2033124586056321199;B
20241107;100655;2656.5;13;2033124586056321200;B
20241107;100656;2655.5;3;2033124586056321201;S
20241107;100656;2656.5;10;2033124586056321202;B
20241107;100659;2656.5;10;2033124586056321203;B
20241107;100700;2655.5;1;2033124586056321204;S
20241107;100700;2656.5;1;2033124586056321205;B
20241107;100701;2655.5;23;2033124586056321206;S
20241107;100701;2655.5;5;2033124586056321207;S
20241107;100701;2655.5;5;2033124586056321208;S
20241107;100701;2655.5;10;2033124586056321209;S
20241107;100701;2655.5;1;2033124586056321210;S
20241107;100709;2655.5;4;2033124586056321211;S
20241107;100709;2655.5;5;2033124586056321212;S
20241107;100709;2655.5;1;2033124586056321213;S
20241107;100709;2655.5;1;2033124586056321214;S
20241107;100709;2655.5;1;2033124586056321215;S
20241107;100709;2655.5;4;2033124586056321216;S
20241107;100715;2655.5;1;2033124586056321217;S
20241107;100719;2655.5;10;2033124586056321218;S
20241107;100719;2655.5;2;2033124586056321219;S
20241107;100719;2656.5;5;2033124586056321220;B
20241107;100719;2655.5;2;2033124586056321221;S
20241107;100723;2655.5;1;2033124586056321222;S
20241107;100723;2655.5;7;2033124586056321223;S
20241107;100724;2656.5;1;2033124586056321224;B
20241107;100728;2655.5;5;2033124586056321225;S
20241107;100728;2655.5;1;2033124586056321226;S
20241107;100733;2655.5;1;2033124586056321227;S
20241107;100733;2655.5;1;2033124586056321228;S
20241107;100737;2655.5;37;2033124586056321229;S
20241107;100737;2655.5;2;2033124586056321230;S
20241107;100737;2655.5;30;2033124586056321231;S
20241107;100737;2655.5;3;2033124586056321232;S
20241107;100737;2655.5;3;2033124586056321233;S
20241107;100737;2655.5;6;2033124586056321234;S
20241107;100737;2655.5;12;2033124586056321235;S
20241107;100737;2655.5;7;2033124586056321236;S
20241107;100743;2655.5;23;2033124586056321237;S
20241107;100743;2655.5;30;2033124586056321238;S
20241107;100743;2655.5;27;2033124586056321239;S
20241107;100744;2657;1;2033124586056321240;B
20241107;100750;2655.5;1;2033124586056321241;S
20241107;100757;2656.5;3;2033124586056321242;B
20241107;100801;2656.5;1;2033124586056321243;B
20241107;100806;2656;12;2033124586056321244;S
20241107;100806;2656;6;2033124586056321245;S
20241107;100806;2656;16;2033124586056321246;S
20241107;100806;2656;6;2033124586056321247;S
20241107;100807;2655.5;10;2033124586056321248;S
20241107;100807;2655.5;11;2033124586056321249;S
20241107;100807;2655;8;2033124586056321250;S
20241107;100807;2655;1;2033124586056321251;S
20241107;100809;2655.5;1;2033124586056321252;S
20241107;100809;2655.5;1;2033124586056321253;S
20241107;100809;2655;1;2033124586056321254;S
20241107;100809;2655;2;2033124586056321255;S
20241107;100809;2655;5;2033124586056321256;S
20241107;100809;2655;1;2033124586056321257;S
20241107;100809;2655;1;2033124586056321258;S
20241107;100809;2655;3;2033124586056321259;S
20241107;100809;2655;7;2033124586056321260;S
20241107;100813;2655.5;40;2033124586056321261;S
20241107;100813;2655;33;2033124586056321262;S
20241107;100813;2655;1;2033124586056321263;S
20241107;100813;2655;4;2033124586056321264;S
20241107;100813;2655;6;2033124586056321265;S
20241107;100813;2655;6;2033124586056321266;S
20241107;100813;2655;1;2033124586056321267;S
20241107;100813;2654.5;1;2033124586056321268;S
20241107;100813;2654.5;8;2033124586056321269;S
20241107;100824;2654.5;1;2033124586056321270;S
20241107;100824;2654.5;4;2033124586056321271;S
20241107;100831;2655;5;2033124586056321272;S
20241107;100832;2655;1;2033124586056321273;S
20241107;100834;2655.5;1;2033124586056321274;B
20241107;100838;2655;4;2033124586056321275;S
20241107;100840;2655.5;2;2033124586056321276;B
20241107;100841;2656;1;2033124586056321277;B
20241107;100841;2656;5;2033124586056321278;B
20241107;100841;2656;4;2033124586056321279;B
20241107;100843;2656;10;2033124586056321280;B
20241107;100844;2656;10;2033124586056321281;B
20241107;100844;2656;3;2033124586056321282;B
20241107;100844;2655.5;8;2033124586056321283;S
20241107;100844;2655.5;10;2033124586056321284;S
20241107;100844;2655;7;2033124586056321285;S
20241107;100849;2655.5;10;2033124586056321286;S
20241107;100852;2655.5;10;2033124586056321287;S
20241107;100854;2655.5;3;2033124586056321288;S
20241107;100857;2655.5;1;2033124586056321289;S
20241107;100859;2655.5;1;2033124586056321290;S
20241107;100901;2655.5;4;2033124586056321291;S
20241107;100903;2656.5;1;2033124586056321292;B
20241107;100904;2656.5;3;2033124586056321293;B
20241107;100907;2656;1;2033124586056321294;S
20241107;100907;2656;3;2033124586056321295;S
20241107;100910;2656;1;2033124586056321296;S
20241107;100912;2656;8;2033124586056321297;B
20241107;100912;2655.5;1;2033124586056321298;S
20241107;100912;2656;5;2033124586056321299;B
20241107;100912;2656;1;2033124586056321300;B
20241107;100913;2656;1;2033124586056321301;B
20241107;100914;2656;2;2033124586056321302;B
20241107;100917;2656;33;2033124586056321303;B
20241107;100922;2656.5;2;2033124586056321304;S
20241107;100924;2656.5;2;2033124586056321305;S
20241107;100933;2657;5;2033124586056321306;B
20241107;100933;2657;5;2033124586056321307;B
20241107;100936;2657;2;2033124586056321308;B
20241107;100936;2657;3;2033124586056321309;B
20241107;100936;2657;3;2033124586056321310;B
20241107;100950;2657;2;2033124586056321311;B
20241107;100955;2657;4;2033124586056321312;B
20241107;100959;2657;11;2033124586056321313;B
20241107;100959;2657;1;2033124586056321314;B
20241107;101001;2658;1;2033124586056321315;B
20241107;101001;2657.5;1;2033124586056321316;B
20241107;101002;2656.5;1;2033124586056321317;S
20241107;101002;2657.5;1;2033124586056321318;B
20241107;101013;2657;2;2033124586056321319;S
20241107;101013;2657;2;2033124586056321320;S
20241107;101017;2658;1;2033124586056321321;B
20241107;101017;2658;3;2033124586056321322;B
20241107;101017;2658;7;2033124586056321323;B
20241107;101019;2658;20;2033124586056321324;B
20241107;101028;2658;1;2033124586056321325;B
20241107;101028;2658;2;2033124586056321326;B
20241107;101028;2658;2;2033124586056321327;B
20241107;101029;2658;1;2033124586056321328;B
20241107;101030;2658;3;2033124586056321329;B
20241107;101030;2658;3;2033124586056321330;B
20241107;101030;2658;5;2033124586056321331;B
20241107;101030;2658;12;2033124586056321332;B
20241107;101030;2658;6;2033124586056321333;B
20241107;101030;2658.5;40;2033124586056321334;B
20241107;101030;2658.5;5;2033124586056321335;B
20241107;101030;2658.5;6;2033124586056321336;B
20241107;101030;2658.5;20;2033124586056321337;B
20241107;101033;2658;1;2033124586056321338;S
20241107;101033;2658;1;2033124586056321339;S
20241107;101041;2658.5;1;2033124586056321340;B
20241107;101042;2658;1;2033124586056321341;S
20241107;101046;2658;2;2033124586056321342;S
20241107;101047;2658.5;1;2033124586056321343;B
20241107;101049;2658.5;2;2033124586056321344;B
20241107;101049;2658;3;2033124586056321345;S
20241107;101049;2658;5;2033124586056321346;S
20241107;101050;2658;2;2033124586056321347;S
20241107;101050;2658;5;2033124586056321348;S
20241107;101051;2658;4;2033124586056321349;S
20241107;101051;2658;1;2033124586056321350;S
20241107;101051;2658;3;2033124586056321351;S
20241107;101053;2658.5;1;2033124586056321352;B
20241107;101058;2658.5;5;2033124586056321353;B
20241107;101058;2658.5;3;2033124586056321354;B
20241107;101100;2658;5;2033124586056321355;S
20241107;101100;2658;5;2033124586056321356;S
20241107;101100;2658;1;2033124586056321357;S
20241107;101102;2658;1;2033124586056321358;S
20241107;101110;2658;1;2033124586056321359;S
20241107;101111;2658;2;2033124586056321360;S
20241107;101115;2658;1;2033124586056321361;S
20241107;101124;2658.5;1;2033124586056321362;B
20241107;101124;2659;5;2033124586056321363;B
20241107;101124;2659;1;2033124586056321364;B
20241107;101124;2659;10;2033124586056321365;B
20241107;101124;2659;4;2033124586056321366;B
20241107;101124;2659;20;2033124586056321367;B
20241107;101124;2659;20;2033124586056321368;B
20241107;101124;2659;40;2033124586056321369;B
20241107;101124;2659;12;2033124586056321370;B
20241107;101124;2659;37;2033124586056321371;S
20241107;101125;2659.5;1;2033124586056321372;B
20241107;101126;2659;1;2033124586056321373;B
20241107;101130;2659;1;2033124586056321374;B
20241107;101130;2659;1;2033124586056321375;S
20241107;101134;2659;1;2033124586056321376;S
20241107;101141;2659;7;2033124586056321377;S
20241107;101141;2659;1;2033124586056321378;S
20241107;101141;2658.5;40;2033124586056321379;S
20241107;101141;2658.5;3;2033124586056321380;S
20241107;101141;2658.5;5;2033124586056321381;S
20241107;101141;2658;4;2033124586056321382;S
20241107;101141;2658;40;2033124586056321383;S
20241107;101147;2659;1;2033124586056321384;S
20241107;101151;2659;1;2033124586056321385;S
20241107;101151;2659;9;2033124586056321386;S
20241107;101152;2659;10;2033124586056321387;S
20241107;101152;2659;10;2033124586056321388;S
20241107;101152;2659;3;2033124586056321389;S
20241107;101153;2659;10;2033124586056321390;S
20241107;101153;2659;10;2033124586056321391;S
20241107;101153;2659;10;2033124586056321392;S
20241107;101154;2659;10;2033124586056321393;S
20241107;101154;2659;10;2033124586056321394;S
20241107;101155;2659;10;2033124586056321395;S
20241107;101155;2659;8;2033124586056321396;S
20241107;101155;2658.5;5;2033124586056321397;S
20241107;101155;2658.5;40;2033124586056321398;S
20241107;101155;2658;5;2033124586056321399;S
20241107;101155;2658;30;2033124586056321400;S
20241107;101155;2658;12;2033124586056321401;S
20241107;101204;2659;3;2033124586056321402;B
20241107;101206;2658;6;2033124586056321403;S
20241107;101206;2658;6;2033124586056321404;S
20241107;101206;2658;5;2033124586056321405;S
20241107;101206;2658;1;2033124586056321406;S
20241107;101206;2658;12;2033124586056321407;S
20241107;101206;2658;40;2033124586056321408;S
20241107;101206;2657.5;30;2033124586056321409;S
20241107;101207;2657.5;10;2033124586056321410;S
20241107;101207;2657.5;1;2033124586056321411;S
20241107;101217;2659;1;2033124586056321412;B
20241107;101224;2659;3;2033124586056321413;B
20241107;101233;2659;1;2033124586056321414;B
20241107;101236;2659;13;2033124586056321415;B
20241107;101254;2659;1;2033124586056321416;B
20241107;101254;2659.5;1;2033124586056321417;B
20241107;101254;2659.5;18;2033124586056321418;B
20241107;101302;2658.5;2;2033124586056321419;S
20241107;101312;2659;1;2033124586056321420;S
20241107;101313;2658;1;2033124586056321421;S
20241107;101313;2658;39;2033124586056321422;S
20241107;101314;2658;1;2033124586056321423;S
20241107;101314;2658;1;2033124586056321424;S
20241107;101314;2659.5;29;2033124586056321425;B
20241107;101318;2659.5;3;2033124586056321426;B
20241107;101319;2658;5;2033124586056321427;S
20241107;101319;2658;1;2033124586056321428;S
20241107;101319;2658;6;2033124586056321429;S
20241107;101319;2658;6;2033124586056321430;S
20241107;101319;2658;2;2033124586056321431;S
20241107;101340;2658.5;5;2033124586056321432;S
20241107;101346;2658.5;9;2033124586056321433;S
20241107;101353;2659;10;2033124586056321434;B
20241107;101422;2659;15;2033124586056321435;B
20241107;101422;2659;1;2033124586056321436;B
20241107;101422;2659;1;2033124586056321437;B
20241107;101422;2659;6;2033124586056321438;B
20241107;101437;2659.5;1;2033124586056321439;B
20241107;101446;2659.5;1;2033124586056321440;B
20241107;101446;2659.5;1;2033124586056321441;B
20241107;101446;2659.5;2;2033124586056321442;B
20241107;101446;2659.5;1;2033124586056321443;B
20241107;101449;2659;1;2033124586056321444;S
20241107;101450;2659.5;3;2033124586056321445;B
20241107;101452;2659.5;21;2033124586056321446;B
20241107;101502;2660;1;2033124586056321447;B
20241107;101502;2660;10;2033124586056321448;B
20241107;101502;2660;1;2033124586056321449;B
20241107;101502;2660;56;2033124586056321450;S
20241107;101510;2660.5;1;2033124586056321451;B
20241107;101512;2660;20;2033124586056321452;S
20241107;101512;2660;10;2033124586056321453;S
20241107;101512;2660;10;2033124586056321454;S
20241107;101513;2660;1;2033124586056321455;S
20241107;101513;2660;10;2033124586056321456;S
20241107;101513;2660;10;2033124586056321457;S
20241107;101514;2660.5;3;2033124586056321458;B
20241107;101514;2660.5;2;2033124586056321459;B
20241107;101514;2660.5;2;2033124586056321460;B
20241107;101514;2660.5;3;2033124586056321461;B
20241107;101514;2660;10;2033124586056321462;S
20241107;101515;2660;10;2033124586056321463;S
20241107;101516;2660;10;2033124586056321464;S
20241107;101516;2660;10;2033124586056321465;S
20241107;101517;2660;20;2033124586056321466;S
20241107;101518;2660.5;10;2033124586056321467;B
20241107;101518;2660;11;2033124586056321468;S
20241107;101518;2660;1;2033124586056321469;S
20241107;101518;2660;1;2033124586056321470;S
20241107;101518;2660;7;2033124586056321471;S
20241107;101519;2660;20;2033124586056321472;S
20241107;101522;2660.5;2;2033124586056321473;B
20241107;101522;2660.5;18;2033124586056321474;B
20241107;101522;2660.5;20;2033124586056321475;B
20241107;101522;2660.5;5;2033124586056321476;B
20241107;101525;2661;5;2033124586056321477;B
20241107;101525;2661;1;2033124586056321478;B
20241107;101526;2661;16;2033124586056321479;B
20241107;101529;2660.5;1;2033124586056321480;S
20241107;101540;2660.5;1;2033124586056321481;S
20241107;101555;2660.5;3;2033124586056321482;S
20241107;101555;2660;2;2033124586056321483;S
20241107;101557;2661;2;2033124586056321484;B
20241107;101557;2661;5;2033124586056321485;B
20241107;101557;2661;15;2033124586056321486;B
20241107;101557;2661;9;2033124586056321487;B
20241107;101557;2661;6;2033124586056321488;B
20241107;101557;2661;20;2033124586056321489;B
20241107;101557;2661;43;2033124586056321490;B
20241107;101600;2660;7;2033124586056321491;S
20241107;101609;2660.5;1;2033124586056321492;B
20241107;101612;2660;2;2033124586056321493;S
20241107;101614;2660.5;3;2033124586056321494;B
20241107;101622;2660.5;5;2033124586056321495;B
20241107;101631;2660.5;11;2033124586056321496;B
20241107;101631;2660.5;1;2033124586056321497;B
20241107;101650;2660.5;1;2033124586056321498;S
20241107;101650;2661;3;2033124586056321499;B
20241107;101659;2661;5;2033124586056321500;B
20241107;101700;2661;5;2033124586056321501;B
20241107;101701;2661;5;2033124586056321502;B
20241107;101701;2661;5;2033124586056321503;B
20241107;101705;2661;10;2033124586056321504;B
20241107;101707;2661;6;2033124586056321505;B
20241107;101711;2661;2;2033124586056321506;B
20241107;101718;2661;5;2033124586056321507;B
20241107;101727;2660.5;17;2033124586056321508;S
20241107;101727;2660.5;1;2033124586056321509;S
20241107;101727;2660.5;1;2033124586056321510;S
20241107;101727;2660.5;1;2033124586056321511;S
20241107;101728;2660.5;4;2033124586056321512;S
20241107;101728;2660.5;1;2033124586056321513;S
20241107;101728;2660.5;1;2033124586056321514;S
20241107;101728;2660.5;14;2033124586056321515;S
20241107;101738;2660.5;10;2033124586056321516;S
20241107;101739;2660.5;1;2033124586056321517;S
20241107;101759;2660.5;5;2033124586056321518;S
20241107;101800;2660.5;10;2033124586056321519;S
20241107;101800;2660.5;5;2033124586056321520;S
20241107;101800;2660.5;1;2033124586056321521;S
20241107;101800;2660.5;4;2033124586056321522;S
20241107;101802;2660.5;1;2033124586056321523;S
20241107;101804;2660.5;10;2033124586056321524;S
20241107;101804;2660.5;1;2033124586056321525;S
20241107;101816;2661;1;2033124586056321526;B
20241107;101827;2660.5;9;2033124586056321527;S
20241107;101827;2660;3;2033124586056321528;S
20241107;101827;2660;1;2033124586056321529;S
20241107;101827;2660;5;2033124586056321530;S
20241107;101827;2660;18;2033124586056321531;S
20241107;101827;2660;14;2033124586056321532;S
20241107;101827;2659.5;4;2033124586056321533;S
20241107;101828;2659.5;10;2033124586056321534;S
20241107;101840;2659.5;1;2033124586056321535;S
20241107;101840;2659.5;1;2033124586056321536;S
20241107;101840;2659.5;1;2033124586056321537;S
20241107;101842;2659.5;1;2033124586056321538;S
20241107;101846;2659.5;1;2033124586056321539;S
20241107;101848;2659.5;2;2033124586056321540;S
20241107;101848;2659.5;4;2033124586056321541;S
20241107;101848;2659;6;2033124586056321542;S
20241107;101848;2659;5;2033124586056321543;S
20241107;101848;2659;6;2033124586056321544;S
20241107;101848;2659;3;2033124586056321545;S
20241107;101848;2659;7;2033124586056321546;S
20241107;101852;2658.5;1;2033124586056321547;S
20241107;101901;2658;40;2033124586056321548;S
20241107;101901;2658;5;2033124586056321549;S
20241107;101901;2658;1;2033124586056321550;S
20241107;101901;2658;10;2033124586056321551;S
20241107;101901;2658;4;2033124586056321552;S
20241107;101901;2658;6;2033124586056321553;S
20241107;101901;2658;12;2033124586056321554;S
20241107;101901;2658;1;2033124586056321555;S
20241107;101902;2658;1;2033124586056321556;S
20241107;101903;2658;1;2033124586056321557;S
20241107;101904;2658;1;2033124586056321558;S
20241107;101931;2657.5;1;2033124586056321559;S
20241107;101931;2657.5;40;2033124586056321560;S
20241107;101931;2657.5;2;2033124586056321561;S
20241107;101931;2657.5;1;2033124586056321562;S
20241107;101931;2657.5;5;2033124586056321563;S
20241107;101931;2657.5;3;2033124586056321564;S
20241107;101931;2657.5;2;2033124586056321565;S
20241107;101931;2657.5;6;2033124586056321566;S
20241107;101945;2657.5;5;2033124586056321567;B
20241107;101950;2657;5;2033124586056321568;S
20241107;101951;2657;8;2033124586056321569;S
20241107;101951;2657.5;1;2033124586056321570;B
20241107;101953;2657;5;2033124586056321571;S
20241107;101954;2657.5;39;2033124586056321572;B
20241107;101954;2657.5;1;2033124586056321573;B
20241107;101954;2657.5;8;2033124586056321574;B
20241107;101954;2657.5;9;2033124586056321575;B
20241107;101954;2657.5;3;2033124586056321576;S
20241107;101954;2658;1;2033124586056321577;B
20241107;101955;2658;2;2033124586056321578;S
20241107;101955;2658;3;2033124586056321579;S
20241107;102003;2658;37;2033124586056321580;S
20241107;102018;2657.5;1;2033124586056321581;S
20241107;102018;2657.5;2;2033124586056321582;B
20241107;102021;2657.5;3;2033124586056321583;S
20241107;102021;2657.5;5;2033124586056321584;S
20241107;102024;2657;1;2033124586056321585;S
20241107;102044;2657;1;2033124586056321586;S
20241107;102049;2657;4;2033124586056321587;S
20241107;102049;2657;5;2033124586056321588;S
20241107;102049;2657;1;2033124586056321589;S
20241107;102049;2657;3;2033124586056321590;S
20241107;102049;2657;37;2033124586056321591;S
20241107;102050;2658;1;2033124586056321592;B
20241107;102058;2657;3;2033124586056321593;S
20241107;102058;2657;6;2033124586056321594;S
20241107;102058;2657;10;2033124586056321595;S
20241107;102058;2656.5;31;2033124586056321596;S
20241107;102107;2656.5;2;2033124586056321597;S
20241107;102123;2657.5;3;2033124586056321598;B
20241107;102124;2657.5;3;2033124586056321599;B
20241107;102136;2656.5;2;2033124586056321600;S
20241107;102136;2656.5;1;2033124586056321601;S
20241107;102136;2656.5;6;2033124586056321602;S
20241107;102136;2656.5;1;2033124586056321603;S
20241107;102155;2656;30;2033124586056321604;S
20241107;102211;2657.5;1;2033124586056321605;B
20241107;102213;2656;10;2033124586056321606;S
20241107;102213;2656;1;2033124586056321607;S
20241107;102213;2656;5;2033124586056321608;S
20241107;102213;2656;16;2033124586056321609;S
20241107;102213;2656;1;2033124586056321610;S
20241107;102213;2656;1;2033124586056321611;S
20241107;102213;2656;2;2033124586056321612;S
20241107;102213;2656;5;2033124586056321613;S
20241107;102213;2656;1;2033124586056321614;S
20241107;102213;2656;100;2033124586056321615;S
20241107;102213;2656;5;2033124586056321616;S
20241107;102213;2656;1;2033124586056321617;S
20241107;102215;2657;10;2033124586056321618;B
20241107;102218;2656.5;5;2033124586056321619;S
20241107;102231;2656.5;35;2033124586056321620;S
20241107;102231;2656.5;1;2033124586056321621;S
20241107;102236;2656.5;1;2033124586056321622;S
20241107;102239;2657.5;4;2033124586056321623;B
20241107;102239;2657.5;3;2033124586056321624;B
20241107;102239;2657.5;1;2033124586056321625;B
20241107;102239;2657.5;6;2033124586056321626;B
20241107;102239;2657.5;1;2033124586056321627;B
20241107;102239;2657.5;1;2033124586056321628;B
20241107;102239;2657.5;1;2033124586056321629;B
20241107;102239;2658;1;2033124586056321630;B
20241107;102239;2658;5;2033124586056321631;B
20241107;102239;2658;28;2033124586056321632;B
20241107;102302;2658;1;2033124586056321633;B
20241107;102303;2658;1;2033124586056321634;B
20241107;102324;2658;5;2033124586056321635;B
20241107;102333;2657;3;2033124586056321636;S
20241107;102333;2657;25;2033124586056321637;S
20241107;102341;2657;1;2033124586056321638;S
20241107;102348;2657;1;2033124586056321639;S
20241107;102348;2657;5;2033124586056321640;S
20241107;102348;2657;3;2033124586056321641;S
20241107;102348;2657;12;2033124586056321642;S
20241107;102415;2657;1;2033124586056321643;B
20241107;102420;2656.5;1;2033124586056321644;S
20241107;102428;2657;1;2033124586056321645;B
20241107;102522;2657;1;2033124586056321646;B
20241107;102523;2656.5;1;2033124586056321647;S
20241107;102532;2656;5;2033124586056321648;S
20241107;102532;2656;1;2033124586056321649;S
20241107;102532;2656;5;2033124586056321650;S
20241107;102532;2656;1;2033124586056321651;S
20241107;102532;2656;3;2033124586056321652;S
20241107;102532;2656;1;2033124586056321653;S
20241107;102532;2656;11;2033124586056321654;S
20241107;102532;2656;40;2033124586056321655;S
20241107;102532;2656;8;2033124586056321656;S
20241107;102532;2656;12;2033124586056321657;S
20241107;102532;2656;29;2033124586056321658;S
20241107;102532;2656;11;2033124586056321659;S
20241107;102532;2656;6;2033124586056321660;S
20241107;102532;2656;33;2033124586056321661;S
20241107;102532;2655.5;1;2033124586056321662;S
20241107;102532;2655.5;5;2033124586056321663;S
20241107;102532;2655.5;8;2033124586056321664;S
20241107;102532;2655.5;13;2033124586056321665;S
20241107;102532;2655.5;37;2033124586056321666;S
20241107;102532;2655.5;1;2033124586056321667;S
20241107;102532;2655.5;5;2033124586056321668;S
20241107;102532;2655.5;2;2033124586056321669;S
20241107;102532;2655.5;2;2033124586056321670;S
20241107;102532;2655.5;1;2033124586056321671;S
20241107;102532;2655.5;1;2033124586056321672;S
20241107;102532;2655.5;1;2033124586056321673;S
20241107;102532;2655;5;2033124586056321674;S
20241107;102532;2655;1;2033124586056321675;S
20241107;102532;2655;1;2033124586056321676;S
20241107;102532;2655;1;2033124586056321677;S
20241107;102532;2655;1;2033124586056321678;S
20241107;102532;2655;1;2033124586056321679;S
20241107;102532;2655;2;2033124586056321680;S
20241107;102532;2655;3;2033124586056321681;S
20241107;102532;2654.5;1;2033124586056321682;S
20241107;102532;2654.5;2;2033124586056321683;S
20241107;102532;2654.5;3;2033124586056321684;S
20241107;102532;2654.5;1;2033124586056321685;S
20241107;102532;2654.5;3;2033124586056321686;S
20241107;102532;2654.5;11;2033124586056321687;S
20241107;102532;2654.5;1;2033124586056321688;S
20241107;102532;2654.5;3;2033124586056321689;S
20241107;102533;2654;5;2033124586056321690;S
20241107;102533;2654;5;2033124586056321691;S
20241107;102533;2654;10;2033124586056321692;S
20241107;102533;2654;3;2033124586056321693;S
20241107;102533;2654;10;2033124586056321694;S
20241107;102534;2654;1;2033124586056321695;S
20241107;102534;2654;1;2033124586056321696;S
20241107;102534;2654;1;2033124586056321697;S
20241107;102534;2654;100;2033124586056321698;S
20241107;102534;2654;1;2033124586056321699;S
20241107;102534;2653.5;1;2033124586056321700;S
20241107;102534;2653.5;5;2033124586056321701;S
20241107;102534;2653.5;1;2033124586056321702;S
20241107;102534;2653.5;1;2033124586056321703;S
20241107;102534;2653;40;2033124586056321704;S
20241107;102534;2653;3;2033124586056321705;S
20241107;102534;2653;5;2033124586056321706;S
20241107;102534;2653;5;2033124586056321707;S
20241107;102534;2653;6;2033124586056321708;S
20241107;102534;2653;9;2033124586056321709;S
20241107;102534;2653;6;2033124586056321710;S
20241107;102534;2653;6;2033124586056321711;S
20241107;102534;2653;12;2033124586056321712;S
20241107;102534;2653;1;2033124586056321713;S
20241107;102534;2653;6;2033124586056321714;S
20241107;102534;2652.5;10;2033124586056321715;S
20241107;102534;2652.5;1;2033124586056321716;S
20241107;102534;2652.5;40;2033124586056321717;S
20241107;102534;2652.5;5;2033124586056321718;S
20241107;102534;2652.5;1;2033124586056321719;S
20241107;102534;2652.5;1;2033124586056321720;S
20241107;102534;2652.5;1;2033124586056321721;S
20241107;102534;2652.5;18;2033124586056321722;S
20241107;102534;2652.5;3;2033124586056321723;S
20241107;102534;2652.5;12;2033124586056321724;S
20241107;102534;2652;1;2033124586056321725;S
20241107;102534;2652;1;2033124586056321726;S
20241107;102534;2652;40;2033124586056321727;S
20241107;102534;2652;5;2033124586056321728;S
20241107;102534;2652;1;2033124586056321729;S
20241107;102534;2652.5;3;2033124586056321730;S
20241107;102534;2652;1;2033124586056321731;S
20241107;102534;2652;2;2033124586056321732;S
20241107;102534;2652;10;2033124586056321733;S
20241107;102534;2652;9;2033124586056321734;S
20241107;102534;2652;40;2033124586056321735;S
20241107;102534;2652;9;2033124586056321736;S
20241107;102534;2652;21;2033124586056321737;S
20241107;102534;2652;5;2033124586056321738;S
20241107;102534;2652.5;1;2033124586056321739;S
20241107;102534;2652.5;1;2033124586056321740;S
20241107;102535;2652.5;5;2033124586056321741;S
20241107;102535;2653;1;2033124586056321742;B
20241107;102539;2653;10;2033124586056321743;B
20241107;102539;2653;1;2033124586056321744;B
20241107;102540;2652.5;2;2033124586056321745;S
20241107;102543;2652.5;1;2033124586056321746;S
20241107;102547;2652.5;5;2033124586056321747;S
20241107;102547;2652.5;1;2033124586056321748;S
20241107;102547;2652.5;2;2033124586056321749;S
20241107;102547;2652.5;3;2033124586056321750;S
20241107;102548;2652.5;5;2033124586056321751;S
20241107;102549;2652.5;1;2033124586056321752;S
20241107;102549;2652.5;1;2033124586056321753;B
20241107;102550;2652.5;3;2033124586056321754;B
20241107;102550;2652.5;6;2033124586056321755;B
20241107;102550;2653;29;2033124586056321756;B
20241107;102550;2653;5;2033124586056321757;B
20241107;102550;2653;1;2033124586056321758;B
20241107;102550;2653;3;2033124586056321759;B
20241107;102550;2653;6;2033124586056321760;B
20241107;102550;2653;18;2033124586056321761;B
20241107;102550;2653;9;2033124586056321762;B
20241107;102551;2653;3;2033124586056321763;B
20241107;102555;2652.5;5;2033124586056321764;S
20241107;102555;2652.5;4;2033124586056321765;S
20241107;102556;2652.5;9;2033124586056321766;S
20241107;102556;2652;1;2033124586056321767;S
20241107;102556;2653.5;5;2033124586056321768;B
20241107;102556;2654;1;2033124586056321769;B
20241107;102556;2654;6;2033124586056321770;B
20241107;102556;2653.5;3;2033124586056321771;S
20241107;102556;2654;1;2033124586056321772;B
20241107;102556;2654.5;1;2033124586056321773;B
20241107;102556;2654.5;5;2033124586056321774;B
20241107;102556;2654.5;1;2033124586056321775;S
20241107;102556;2655.5;5;2033124586056321776;B
20241107;102556;2655.5;1;2033124586056321777;B
20241107;102556;2655.5;1;2033124586056321778;B
20241107;102556;2655.5;1;2033124586056321779;B
20241107;102556;2655.5;1;2033124586056321780;B
20241107;102556;2655.5;6;2033124586056321781;B
20241107;102557;2656;15;2033124586056321782;B
20241107;102603;2654.5;1;2033124586056321783;S
20241107;102611;2654.5;1;2033124586056321784;B
20241107;102612;2654;3;2033124586056321785;S
20241107;102612;2654;7;2033124586056321786;S
20241107;102613;2654.5;5;2033124586056321787;B
20241107;102619;2654;1;2033124586056321788;S
20241107;102621;2654.5;6;2033124586056321789;B
20241107;102622;2655;2;2033124586056321790;B
20241107;102631;2655.5;1;2033124586056321791;B
20241107;102638;2654.5;1;2033124586056321792;S
20241107;102701;2655;1;2033124586056321793;B
20241107;102701;2655;7;2033124586056321794;B
20241107;102701;2655;1;2033124586056321795;B
20241107;102701;2655;40;2033124586056321796;B
20241107;102701;2655;1;2033124586056321797;B
20241107;102708;2655.5;1;2033124586056321798;B
20241107;102710;2655;1;2033124586056321799;B
20241107;102741;2655;1;2033124586056321800;B
20241107;102745;2654;2;2033124586056321801;S
20241107;102745;2654;1;2033124586056321802;S
20241107;102745;2654;2;2033124586056321803;S
20241107;102759;2654.5;5;2033124586056321804;B
20241107;102759;2655;3;2033124586056321805;B
20241107;102813;2654;2;2033124586056321806;S
20241107;102827;2654;3;2033124586056321807;S
20241107;102827;2654;3;2033124586056321808;S
20241107;102827;2654;1;2033124586056321809;S
20241107;102828;2654;3;2033124586056321810;S
20241107;102830;2654.5;1;2033124586056321811;B
20241107;102834;2654;1;2033124586056321812;S
20241107;102857;2654.5;10;2033124586056321813;B
20241107;102919;2654.5;2;2033124586056321814;B
20241107;102927;2653.5;1;2033124586056321815;S
20241107;102927;2653.5;3;2033124586056321816;S
20241107;102927;2653.5;3;2033124586056321817;S
20241107;102927;2653;2;2033124586056321818;S
20241107;102928;2653;38;2033124586056321819;S
20241107;102928;2653;25;2033124586056321820;S
20241107;102928;2653;20;2033124586056321821;S
20241107;102928;2653;12;2033124586056321822;S
20241107;102928;2653;5;2033124586056321823;S
20241107;102928;2653;1;2033124586056321824;S
20241107;102931;2653.5;6;2033124586056321825;S
20241107;102931;2653.5;5;2033124586056321826;B
20241107;102931;2653.5;3;2033124586056321827;B
20241107;102931;2653;4;2033124586056321828;S
20241107;102931;2653;6;2033124586056321829;S
20241107;102933;2653.5;1;2033124586056321830;B
20241107;102940;2653;2;2033124586056321831;S
20241107;102946;2653;1;2033124586056321832;S
20241107;102952;2652.5;4;2033124586056321833;S
20241107;102952;2653;1;2033124586056321834;B
20241107;102952;2653.5;9;2033124586056321835;B
20241107;103001;2653;1;2033124586056321836;S
20241107;103001;2653;2;2033124586056321837;S
20241107;103001;2653.5;1;2033124586056321838;B
20241107;103011;2653;1;2033124586056321839;S
20241107;103043;2654;1;2033124586056321840;B
20241107;103043;2654;3;2033124586056321841;B
20241107;103044;2654;1;2033124586056321842;B
20241107;103057;2653.5;1;2033124586056321843;B
20241107;103102;2653.5;1;2033124586056321844;B
20241107;103106;2653.5;1;2033124586056321845;B
20241107;103107;2653.5;1;2033124586056321846;B
20241107;103115;2653;2;2033124586056321847;S
20241107;103130;2652.5;1;2033124586056321848;S
20241107;103130;2652.5;39;2033124586056321849;S
20241107;103133;2653;40;2033124586056321850;B
20241107;103133;2653;10;2033124586056321851;B
20241107;103133;2652.5;6;2033124586056321852;S
20241107;103135;2652.5;5;2033124586056321853;S
20241107;103135;2652.5;30;2033124586056321854;S
20241107;103135;2652.5;5;2033124586056321855;S
20241107;103135;2652.5;10;2033124586056321856;S
20241107;103138;2652.5;2;2033124586056321857;S
20241107;103144;2652.5;6;2033124586056321858;S
20241107;103144;2652.5;1;2033124586056321859;S
20241107;103159;2653;1;2033124586056321860;B
20241107;103159;2653;2;2033124586056321861;B
20241107;103211;2653;20;2033124586056321862;S
20241107;103215;2653;2;2033124586056321863;B
20241107;103215;2653.5;4;2033124586056321864;B
20241107;103221;2653;1;2033124586056321865;S
20241107;103223;2652.5;3;2033124586056321866;S
20241107;103238;2653.5;36;2033124586056321867;B
20241107;103238;2653.5;3;2033124586056321868;B
20241107;103238;2653.5;5;2033124586056321869;B
20241107;103238;2653.5;6;2033124586056321870;B
20241107;103239;2653.5;1;2033124586056321871;B
20241107;103242;2653.5;10;2033124586056321872;B
20241107;103243;2652.5;5;2033124586056321873;S
20241107;103246;2653.5;1;2033124586056321874;B
20241107;103255;2652.5;2;2033124586056321875;S
20241107;103258;2652.5;1;2033124586056321876;S
20241107;103258;2652.5;1;2033124586056321877;S
20241107;103258;2652.5;1;2033124586056321878;S
20241107;103258;2653.5;1;2033124586056321879;B
20241107;103304;2652.5;10;2033124586056321880;S
20241107;103304;2653.5;2;2033124586056321881;B
20241107;103318;2653.5;3;2033124586056321882;B
20241107;103325;2653.5;10;2033124586056321883;B
20241107;103348;2652.5;3;2033124586056321884;S
20241107;103351;2653;1;2033124586056321885;B
20241107;103351;2653;7;2033124586056321886;B
20241107;103351;2653.5;5;2033124586056321887;B
20241107;103351;2653.5;10;2033124586056321888;B
20241107;103351;2653.5;3;2033124586056321889;B
20241107;103351;2653.5;6;2033124586056321890;B
20241107;103353;2654;2;2033124586056321891;B
20241107;103353;2654;1;2033124586056321892;B
20241107;103353;2654;2;2033124586056321893;B
20241107;103353;2654;2;2033124586056321894;B
20241107;103417;2654.5;1;2033124586056321895;B
20241107;103419;2654.5;3;2033124586056321896;S
20241107;103419;2654.5;2;2033124586056321897;S
20241107;103424;2655;2;2033124586056321898;B
20241107;103428;2655;1;2033124586056321899;B
20241107;103428;2655;2;2033124586056321900;B
20241107;103428;2655;2;2033124586056321901;B
20241107;103434;2654.5;3;2033124586056321902;S
20241107;103437;2654.5;6;2033124586056321903;S
20241107;103437;2654;6;2033124586056321904;S
20241107;103437;2654;18;2033124586056321905;S
20241107;103437;2654;6;2033124586056321906;S
20241107;103440;2654;5;2033124586056321907;B
20241107;103442;2653.5;1;2033124586056321908;S
20241107;103444;2654;30;2033124586056321909;B
20241107;103444;2654;3;2033124586056321910;B
20241107;103444;2654;1;2033124586056321911;B
20241107;103444;2655;8;2033124586056321912;B
20241107;103444;2655;1;2033124586056321913;B
20241107;103444;2655;1;2033124586056321914;B
20241107;103450;2655;3;2033124586056321915;B
20241107;103450;2655;2;2033124586056321916;B
20241107;103454;2655;2;2033124586056321917;B
20241107;103524;2654.5;1;2033124586056321918;B
20241107;103535;2655;1;2033124586056321919;B
20241107;103536;2655;1;2033124586056321920;B
20241107;103536;2655;6;2033124586056321921;B
20241107;103536;2655;1;2033124586056321922;B
20241107;103536;2655;2;2033124586056321923;B
20241107;103540;2655.5;1;2033124586056321924;B
20241107;103540;2656;1;2033124586056321925;B
20241107;103540;2656;1;2033124586056321926;B
20241107;103540;2656;5;2033124586056321927;B
20241107;103540;2656;1;2033124586056321928;B
20241107;103541;2656;1;2033124586056321929;B
20241107;103543;2656;2;2033124586056321930;B
20241107;103551;2656.5;1;2033124586056321931;B
20241107;103551;2656.5;1;2033124586056321932;B
20241107;103551;2656.5;1;2033124586056321933;B
20241107;103551;2656.5;1;2033124586056321934;B
20241107;103551;2656.5;1;2033124586056321935;B
20241107;103551;2656;1;2033124586056321936;B
20241107;103551;2656.5;2;2033124586056321937;B
20241107;103551;2656.5;2;2033124586056321938;B
20241107;103551;2657;5;2033124586056321939;B
20241107;103551;2657;85;2033124586056321940;B
20241107;103551;2657;1;2033124586056321941;B
20241107;103551;2657;1;2033124586056321942;B
20241107;103551;2657;10;2033124586056321943;B
20241107;103551;2657;2;2033124586056321944;B
20241107;103551;2657;40;2033124586056321945;B
20241107;103551;2657;6;2033124586056321946;B
20241107;103551;2657;2;2033124586056321947;B
20241107;103551;2657;16;2033124586056321948;B
20241107;103551;2657;27;2033124586056321949;B
20241107;103552;2656;1;2033124586056321950;S
20241107;103556;2656;5;2033124586056321951;S
20241107;103557;2656;5;2033124586056321952;S
20241107;103558;2656;5;2033124586056321953;S
20241107;103559;2656;5;2033124586056321954;S
20241107;103559;2656;19;2033124586056321955;S
20241107;103559;2656;1;2033124586056321956;S
20241107;103600;2657;5;2033124586056321957;B
20241107;103613;2657;5;2033124586056321958;B
20241107;103615;2656;1;2033124586056321959;S
20241107;103643;2656;2;2033124586056321960;S
20241107;103658;2656;3;2033124586056321961;S
20241107;103702;2656.5;1;2033124586056321962;B
20241107;103702;2656.5;4;2033124586056321963;B
20241107;103707;2656.5;6;2033124586056321964;S
20241107;103707;2656;15;2033124586056321965;S
20241107;103707;2656;3;2033124586056321966;S
20241107;103707;2656;6;2033124586056321967;S
20241107;103707;2656;9;2033124586056321968;S
20241107;103707;2656;40;2033124586056321969;S
20241107;103707;2656;3;2033124586056321970;S
20241107;103707;2656;18;2033124586056321971;S
20241107;103710;2657.5;1;2033124586056321972;B
20241107;103721;2656;5;2033124586056321973;S
20241107;103721;2656;40;2033124586056321974;S
20241107;103721;2656;5;2033124586056321975;S
20241107;103729;2656;10;2033124586056321976;S
20241107;103729;2656;10;2033124586056321977;B
20241107;103732;2656;130;2033124586056321978;B
20241107;103732;2656;17;2033124586056321979;B
20241107;103732;2657;6;2033124586056321980;B
20241107;103732;2657.5;4;2033124586056321981;B
20241107;103816;2657.5;1;2033124586056321982;B
20241107;103831;2657;1;2033124586056321983;S
20241107;103845;2656.5;10;2033124586056321984;S
20241107;103851;2657;7;2033124586056321985;B
20241107;103851;2657;9;2033124586056321986;B
20241107;103851;2657.5;1;2033124586056321987;B
20241107;103851;2657.5;1;2033124586056321988;B
20241107;103851;2657.5;32;2033124586056321989;B
20241107;103927;2656.5;3;2033124586056321990;S
20241107;103927;2656.5;2;2033124586056321991;S
20241107;103928;2656.5;3;2033124586056321992;S
20241107;103929;2656.5;12;2033124586056321993;S
20241107;103929;2656;33;2033124586056321994;S
20241107;103931;2656;5;2033124586056321995;B
20241107;103933;2656;5;2033124586056321996;B
20241107;103940;2657;1;2033124586056321997;B
20241107;103945;2657;1;2033124586056321998;B
20241107;103953;2656;40;2033124586056321999;S
20241107;103953;2656;2;2033124586056322000;S
20241107;103954;2656.5;1;2033124586056322001;B
20241107;103955;2655.5;6;2033124586056322002;S
20241107;104003;2656.5;1;2033124586056322003;B
20241107;104006;2655.5;34;2033124586056322004;S
20241107;104006;2655.5;40;2033124586056322005;S
20241107;104006;2655.5;15;2033124586056322006;S
20241107;104006;2655.5;5;2033124586056322007;S
20241107;104006;2655.5;29;2033124586056322008;S
20241107;104006;2655.5;10;2033124586056322009;B
20241107;104010;2656.5;20;2033124586056322010;B
20241107;104010;2656.5;1;2033124586056322011;B
20241107;104044;2656.5;5;2033124586056322012;B
20241107;104047;2655.5;40;2033124586056322013;S
20241107;104047;2655.5;8;2033124586056322014;S
20241107;104102;2655.5;1;2033124586056322015;S
20241107;104102;2655.5;9;2033124586056322016;S
20241107;104103;2655;40;2033124586056322017;S
20241107;104103;2655;5;2033124586056322018;S
20241107;104103;2655;5;2033124586056322019;S
20241107;104125;2655;7;2033124586056322020;S
20241107;104127;2654.5;5;2033124586056322021;S
20241107;104127;2654.5;8;2033124586056322022;S
20241107;104127;2654.5;1;2033124586056322023;S
20241107;104127;2654.5;5;2033124586056322024;S
20241107;104127;2654.5;25;2033124586056322025;S
20241107;104127;2654.5;40;2033124586056322026;S
20241107;104140;2654;1;2033124586056322027;S
20241107;104140;2654;9;2033124586056322028;S
20241107;104144;2655;10;2033124586056322029;B
20241107;104159;2655;3;2033124586056322030;S
20241107;104228;2655.5;1;2033124586056322031;B
20241107;104247;2655.5;4;2033124586056322032;B
20241107;104247;2655.5;1;2033124586056322033;B
20241107;104303;2655.5;5;2033124586056322034;B
20241107;104303;2655.5;40;2033124586056322035;B
20241107;104303;2655.5;2;2033124586056322036;B
20241107;104303;2655.5;3;2033124586056322037;B
20241107;104318;2655.5;40;2033124586056322038;B
20241107;104318;2655.5;5;2033124586056322039;B
20241107;104318;2655.5;3;2033124586056322040;B
20241107;104318;2655.5;2;2033124586056322041;S
20241107;104327;2655;1;2033124586056322042;S
20241107;104327;2655;1;2033124586056322043;S
20241107;104327;2655;5;2033124586056322044;S
20241107;104327;2655;1;2033124586056322045;S
20241107;104327;2655;1;2033124586056322046;S
20241107;104341;2654.5;1;2033124586056322047;B
20241107;104402;2654;3;2033124586056322048;S
20241107;104411;2654.5;1;2033124586056322049;S
20241107;104411;2654;1;2033124586056322050;S
20241107;104421;2654.5;2;2033124586056322051;S
20241107;104431;2654.5;1;2033124586056322052;S
20241107;104431;2654.5;1;2033124586056322053;S
20241107;104441;2654.5;2;2033124586056322054;S
20241107;104500;2655.5;1;2033124586056322055;B
20241107;104500;2654.5;5;2033124586056322056;S
20241107;104500;2654.5;5;2033124586056322057;S
20241107;104501;2654.5;2;2033124586056322058;S
20241107;104524;2656;5;2033124586056322059;B
20241107;104524;2656;40;2033124586056322060;B
20241107;104524;2656.5;5;2033124586056322061;B
20241107;104526;2656.5;7;2033124586056322062;B
20241107;104526;2656.5;5;2033124586056322063;B
20241107;104526;2656.5;1;2033124586056322064;B
20241107;104526;2656.5;1;2033124586056322065;B
20241107;104526;2656.5;10;2033124586056322066;B
20241107;104526;2656.5;4;2033124586056322067;B
20241107;104526;2656.5;18;2033124586056322068;B
20241107;104526;2656.5;3;2033124586056322069;B
20241107;104526;2656.5;1;2033124586056322070;B
20241107;104526;2656.5;2;2033124586056322071;B
20241107;104537;2656.5;1;2033124586056322072;B
20241107;104537;2656.5;18;2033124586056322073;B
20241107;104537;2656.5;6;2033124586056322074;B
20241107;104543;2656.5;2;2033124586056322075;B
20241107;104544;2656.5;3;2033124586056322076;B
20241107;104544;2656.5;18;2033124586056322077;B
20241107;104544;2656.5;11;2033124586056322078;B
20241107;104603;2657;5;2033124586056322079;B
20241107;104603;2657;15;2033124586056322080;B
20241107;104606;2657;5;2033124586056322081;B
20241107;104606;2657;1;2033124586056322082;B
20241107;104606;2657;3;2033124586056322083;B
20241107;104606;2657;40;2033124586056322084;B
20241107;104606;2657.5;1;2033124586056322085;B
20241107;104606;2657.5;5;2033124586056322086;B
20241107;104606;2657.5;40;2033124586056322087;B
20241107;104606;2657.5;5;2033124586056322088;B
20241107;104618;2657.5;9;2033124586056322089;B
20241107;104644;2657.5;1;2033124586056322090;B
20241107;104644;2658;4;2033124586056322091;B
20241107;104645;2658;1;2033124586056322092;B
20241107;104645;2658;5;2033124586056322093;B
20241107;104657;2657.5;2;2033124586056322094;B
20241107;104706;2656.5;1;2033124586056322095;S
20241107;104706;2656.5;3;2033124586056322096;S
20241107;104734;2656.5;2;2033124586056322097;B
20241107;104742;2656;2;2033124586056322098;B
20241107;104744;2656;1;2033124586056322099;B
20241107;104804;2656;6;2033124586056322100;B
20241107;104804;2656;1;2033124586056322101;B
20241107;104804;2656;1;2033124586056322102;B
20241107;104804;2656;3;2033124586056322103;B
20241107;104804;2656;7;2033124586056322104;B
20241107;104804;2656.5;3;2033124586056322105;B
20241107;104806;2656;1;2033124586056322106;S
20241107;104806;2656;5;2033124586056322107;S
20241107;104808;2656.5;10;2033124586056322108;B
20241107;104810;2656;1;2033124586056322109;S
20241107;104836;2657;5;2033124586056322110;B
20241107;104854;2657;1;2033124586056322111;B
20241107;104859;2657;4;2033124586056322112;B
20241107;104859;2657;1;2033124586056322113;B
20241107;104910;2657;1;2033124586056322114;B
20241107;104921;2656;2;2033124586056322115;S
20241107;104934;2657;10;2033124586056322116;B
20241107;104949;2657.5;4;2033124586056322117;B
20241107;104954;2656.5;2;2033124586056322118;S
20241107;104954;2656.5;2;2033124586056322119;S
20241107;104954;2656.5;1;2033124586056322120;B
20241107;104957;2656.5;2;2033124586056322121;S
20241107;105025;2657;10;2033124586056322122;B
20241107;105038;2657;6;2033124586056322123;S
20241107;105040;2657;10;2033124586056322124;S
20241107;105052;2657;37;2033124586056322125;S
20241107;105052;2657;3;2033124586056322126;S
20241107;105059;2657;1;2033124586056322127;S
20241107;105108;2657;10;2033124586056322128;S
20241107;105110;2657.5;2;2033124586056322129;B
20241107;105115;2657;1;2033124586056322130;S
20241107;105118;2657;1;2033124586056322131;S
20241107;105121;2657;84;2033124586056322132;S
20241107;105123;2656.5;10;2033124586056322133;S
20241107;105125;2656.5;1;2033124586056322134;S
20241107;105125;2656.5;6;2033124586056322135;S
20241107;105125;2656;3;2033124586056322136;S
20241107;105129;2657;5;2033124586056322137;B
20241107;105143;2656.5;1;2033124586056322138;B
20241107;105156;2656.5;5;2033124586056322139;B
20241107;105213;2656.5;1;2033124586056322140;B
20241107;105218;2656.5;1;2033124586056322141;B
20241107;105258;2656;1;2033124586056322142;S
20241107;105258;2656.5;1;2033124586056322143;B
20241107;105302;2656.5;1;2033124586056322144;B
20241107;105304;2656.5;5;2033124586056322145;B
20241107;105304;2657;10;2033124586056322146;B
20241107;105304;2657;6;2033124586056322147;B
20241107;105304;2657;1;2033124586056322148;B
20241107;105323;2657;3;2033124586056322149;S
20241107;105331;2657;15;2033124586056322150;S
20241107;105333;2657;15;2033124586056322151;B
20241107;105336;2657;10;2033124586056322152;B
20241107;105411;2657;3;2033124586056322153;B
20241107;105417;2657;1;2033124586056322154;B
20241107;105420;2657;6;2033124586056322155;B
20241107;105420;2657;5;2033124586056322156;B
20241107;105444;2657;2;2033124586056322157;B
20241107;105445;2656;10;2033124586056322158;S
20241107;105447;2656;1;2033124586056322159;S
20241107;105447;2656.5;6;2033124586056322160;B
20241107;105451;2656.5;34;2033124586056322161;B
20241107;105451;2656.5;9;2033124586056322162;B
20241107;105451;2656.5;9;2033124586056322163;B
20241107;105451;2656.5;24;2033124586056322164;B
20241107;105451;2656.5;4;2033124586056322165;B
20241107;105452;2656;10;2033124586056322166;S
20241107;105502;2656;40;2033124586056322167;S
20241107;105507;2656;1;2033124586056322168;S
20241107;105537;2656;38;2033124586056322169;S
20241107;105537;2656;1;2033124586056322170;S
20241107;105537;2656;1;2033124586056322171;S
20241107;105537;2656;1;2033124586056322172;S
20241107;105537;2656;5;2033124586056322173;S
20241107;105537;2656;9;2033124586056322174;S
20241107;105537;2656;40;2033124586056322175;S
20241107;105537;2656;17;2033124586056322176;S
20241107;105537;2656;3;2033124586056322177;S
20241107;105537;2655.5;5;2033124586056322178;S
20241107;105537;2655.5;1;2033124586056322179;S
20241107;105537;2655.5;40;2033124586056322180;S
20241107;105537;2655.5;60;2033124586056322181;S
20241107;105537;2655.5;60;2033124586056322182;S
20241107;105537;2655;40;2033124586056322183;S
20241107;105537;2655;5;2033124586056322184;S
20241107;105537;2655;1;2033124586056322185;S
20241107;105537;2655;10;2033124586056322186;S
20241107;105537;2655;4;2033124586056322187;S
20241107;105537;2655;1;2033124586056322188;S
20241107;105537;2655;1;2033124586056322189;S
20241107;105537;2655;10;2033124586056322190;S
20241107;105537;2655;9;2033124586056322191;S
20241107;105537;2655;1;2033124586056322192;S
20241107;105537;2655;1;2033124586056322193;S
20241107;105537;2655;12;2033124586056322194;S
20241107;105537;2655;18;2033124586056322195;S
20241107;105537;2655;6;2033124586056322196;S
20241107;105537;2655;3;2033124586056322197;S
20241107;105537;2655;4;2033124586056322198;S
20241107;105537;2655;12;2033124586056322199;S
20241107;105537;2655;9;2033124586056322200;S
20241107;105537;2655;2;2033124586056322201;S
20241107;105537;2655;6;2033124586056322202;S
20241107;105537;2655;1;2033124586056322203;B
20241107;105550;2655;1;2033124586056322204;B
20241107;105556;2654.5;1;2033124586056322205;S
20241107;105556;2654.5;2;2033124586056322206;S
20241107;105600;2654.5;2;2033124586056322207;S
20241107;105600;2654.5;2;2033124586056322208;S
20241107;105600;2654.5;3;2033124586056322209;S
20241107;105641;2655;10;2033124586056322210;B
20241107;105706;2654.5;7;2033124586056322211;S
20241107;105711;2655;100;2033124586056322212;B
20241107;105719;2655;70;2033124586056322213;B
20241107;105721;2655;1;2033124586056322214;B
20241107;105721;2655;60;2033124586056322215;B
20241107;105729;2655;1;2033124586056322216;B
20241107;105747;2655;10;2033124586056322217;B
20241107;105749;2655;10;2033124586056322218;B
20241107;105815;2654.5;1;2033124586056322219;S
20241107;105819;2655;40;2033124586056322220;B
20241107;105827;2655;150;2033124586056322221;B
20241107;105827;2655;40;2033124586056322222;B
20241107;105841;2654.5;1;2033124586056322223;S
20241107;105849;2655;5;2033124586056322224;B
20241107;105852;2655;2;2033124586056322225;B
20241107;105920;2655;1;2033124586056322226;B
20241107;105922;2655;3;2033124586056322227;B
20241107;105931;2655;5;2033124586056322228;B
20241107;105931;2655;1;2033124586056322229;B
20241107;105935;2654.5;3;2033124586056322230;S
20241107;105936;2655;20;2033124586056322231;B
20241107;110000;2655;5;2033124586056322232;B
20241107;110000;2654.5;20;2033124586056322233;S
20241107;110000;2655;4;2033124586056322234;B
20241107;110000;2655;4;2033124586056322235;B
20241107;110005;2654.5;6;2033124586056322236;S
20241107;110005;2654.5;2;2033124586056322237;S
20241107;110024;2654;4;2033124586056322238;S
20241107;110024;2654;8;2033124586056322239;S
20241107;110024;2654;5;2033124586056322240;S
20241107;110024;2654;1;2033124586056322241;S
20241107;110024;2654;8;2033124586056322242;S
20241107;110024;2654;2;2033124586056322243;S
20241107;110024;2654;2;2033124586056322244;S
20241107;110026;2654;9;2033124586056322245;S
20241107;110028;2654;12;2033124586056322246;S
20241107;110029;2654;1;2033124586056322247;S
20241107;110032;2654;6;2033124586056322248;S
20241107;110032;2654;51;2033124586056322249;S
20241107;110032;2653.5;5;2033124586056322250;S
20241107;110032;2653.5;38;2033124586056322251;S
20241107;110033;2653.5;7;2033124586056322252;S
20241107;110037;2653.5;1;2033124586056322253;S
20241107;110048;2653.5;1;2033124586056322254;S
20241107;110048;2653.5;1;2033124586056322255;S
20241107;110053;2653.5;1;2033124586056322256;S
20241107;110053;2653;5;2033124586056322257;S
20241107;110053;2653;6;2033124586056322258;S
20241107;110057;2653.5;3;2033124586056322259;B
20241107;110100;2654;4;2033124586056322260;B
20241107;110105;2653;10;2033124586056322261;S
20241107;110110;2653;1;2033124586056322262;S
20241107;110120;2653.5;1;2033124586056322263;B
20241107;110126;2653.5;2;2033124586056322264;B
20241107;110128;2653.5;1;2033124586056322265;B
20241107;110141;2653.5;2;2033124586056322266;B
20241107;110154;2653;13;2033124586056322267;S
20241107;110154;2653;1;2033124586056322268;S
20241107;110154;2653;5;2033124586056322269;S
20241107;110154;2653;9;2033124586056322270;S
20241107;110154;2653;40;2033124586056322271;S
20241107;110154;2653;6;2033124586056322272;S
20241107;110154;2653;40;2033124586056322273;S
20241107;110154;2652.5;5;2033124586056322274;S
20241107;110154;2652.5;40;2033124586056322275;S
20241107;110154;2652.5;15;2033124586056322276;S
20241107;110154;2652.5;100;2033124586056322277;S
20241107;110154;2652.5;1;2033124586056322278;S
20241107;110159;2652.5;1;2033124586056322279;S
20241107;110210;2652.5;2;2033124586056322280;S
20241107;110210;2652.5;4;2033124586056322281;S
20241107;110210;2652.5;16;2033124586056322282;S
20241107;110210;2652.5;2;2033124586056322283;B
20241107;110214;2652.5;1;2033124586056322284;S
20241107;110226;2653;1;2033124586056322285;B
20241107;110226;2652.5;1;2033124586056322286;S
20241107;110229;2652.5;2;2033124586056322287;S
20241107;110229;2652.5;5;2033124586056322288;S
20241107;110229;2652;1;2033124586056322289;S
20241107;110229;2652;12;2033124586056322290;S
20241107;110230;2652;10;2033124586056322291;S
20241107;110231;2653;5;2033124586056322292;B
20241107;110231;2653.5;10;2033124586056322293;B
20241107;110231;2653.5;25;2033124586056322294;B
20241107;110232;2653.5;10;2033124586056322295;B
20241107;110240;2653;1;2033124586056322296;S
20241107;110242;2653.5;1;2033124586056322297;S
20241107;110251;2653.5;10;2033124586056322298;S
20241107;110252;2654;5;2033124586056322299;B
20241107;110252;2654;5;2033124586056322300;B
20241107;110304;2654;10;2033124586056322301;B
20241107;110321;2653.5;1;2033124586056322302;S
20241107;110323;2654;10;2033124586056322303;B
20241107;110330;2653.5;2;2033124586056322304;S
20241107;110331;2653.5;3;2033124586056322305;B
20241107;110342;2653.5;2;2033124586056322306;S
20241107;110344;2654;4;2033124586056322307;B
20241107;110446;2654;90;2033124586056322308;B
20241107;110447;2654;381;2033124586056322309;B
20241107;110447;2654;1;2033124586056322310;B
20241107;110447;2654;1;2033124586056322311;B
20241107;110447;2654.5;40;2033124586056322312;B
20241107;110447;2654.5;5;2033124586056322313;B
20241107;110447;2654.5;6;2033124586056322314;B
20241107;110447;2655;10;2033124586056322315;B
20241107;110447;2655;6;2033124586056322316;B
20241107;110447;2655;4;2033124586056322317;B
20241107;110447;2655;2;2033124586056322318;B
20241107;110450;2655.5;1;2033124586056322319;B
20241107;110450;2656;4;2033124586056322320;B
20241107;110452;2656;1;2033124586056322321;B
20241107;110452;2656;40;2033124586056322322;B
20241107;110452;2656;12;2033124586056322323;B
20241107;110452;2656;9;2033124586056322324;B
20241107;110452;2656;6;2033124586056322325;B
20241107;110452;2656;3;2033124586056322326;B
20241107;110452;2656;9;2033124586056322327;B
20241107;110452;2656;20;2033124586056322328;B
20241107;110507;2656.5;1;2033124586056322329;B
20241107;110507;2656.5;2;2033124586056322330;B
20241107;110522;2656.5;1;2033124586056322331;B
20241107;110524;2655.5;1;2033124586056322332;S
20241107;110528;2656;1;2033124586056322333;S
20241107;110529;2655.5;5;2033124586056322334;S
20241107;110541;2656.5;1;2033124586056322335;B
20241107;110542;2656.5;1;2033124586056322336;B
20241107;110542;2657;15;2033124586056322337;B
20241107;110558;2657;10;2033124586056322338;B
20241107;110604;2655.5;2;2033124586056322339;S
20241107;110611;2656.5;1;2033124586056322340;S
20241107;110618;2657;15;2033124586056322341;B
20241107;110638;2657;1;2033124586056322342;B
20241107;110638;2657;5;2033124586056322343;B
20241107;110638;2657;24;2033124586056322344;B
20241107;110704;2657;30;2033124586056322345;B
20241107;110729;2657;10;2033124586056322346;B
20241107;110729;2657;5;2033124586056322347;B
20241107;110729;2657.5;19;2033124586056322348;B
20241107;110738;2657.5;9;2033124586056322349;B
20241107;110743;2657;5;2033124586056322350;S
20241107;110756;2656.5;2;2033124586056322351;S
20241107;110813;2656.5;1;2033124586056322352;S
20241107;110813;2656.5;4;2033124586056322353;S
20241107;110816;2656.5;2;2033124586056322354;S
20241107;110821;2656.5;10;2033124586056322355;S
20241107;110829;2657;1;2033124586056322356;B
20241107;110858;2656.5;1;2033124586056322357;S
20241107;110901;2656.5;2;2033124586056322358;S
20241107;110911;2655.5;5;2033124586056322359;S
20241107;110914;2656;20;2033124586056322360;B
20241107;110914;2656;100;2033124586056322361;B
20241107;110931;2656;12;2033124586056322362;B
20241107;110931;2656;12;2033124586056322363;B
20241107;110931;2656;3;2033124586056322364;B
20241107;110931;2656;12;2033124586056322365;B
20241107;110931;2656;3;2033124586056322366;B
20241107;110931;2656;6;2033124586056322367;B
20241107;110931;2656;34;2033124586056322368;B
20241107;110931;2656;18;2033124586056322369;B
20241107;110931;2656;2;2033124586056322370;B
20241107;111043;2656;1;2033124586056322371;B
20241107;111044;2656;1;2033124586056322372;B
20241107;111221;2655.5;1;2033124586056322373;S
20241107;111229;2656;1;2033124586056322374;B
20241107;111229;2656;1;2033124586056322375;B
20241107;111229;2656;1;2033124586056322376;B
20241107;111229;2656;1;2033124586056322377;B
20241107;111229;2656;1;2033124586056322378;B
20241107;111229;2656.5;1;2033124586056322379;B
20241107;111229;2656.5;1;2033124586056322380;B
20241107;111229;2656.5;2;2033124586056322381;B
20241107;111234;2655.5;1;2033124586056322382;S
20241107;111234;2655.5;3;2033124586056322383;S
20241107;111240;2656.5;1;2033124586056322384;B
20241107;111251;2656.5;1;2033124586056322385;B
20241107;111303;2656.5;22;2033124586056322386;B
20241107;111303;2656.5;1;2033124586056322387;B
20241107;111303;2656.5;40;2033124586056322388;B
20241107;111303;2656.5;5;2033124586056322389;B
20241107;111303;2656.5;6;2033124586056322390;B
20241107;111303;2657;176;2033124586056322391;B
20241107;111324;2657;1;2033124586056322392;B
20241107;111337;2656.5;1;2033124586056322393;B
20241107;111417;2656;1;2033124586056322394;S
20241107;111417;2656;4;2033124586056322395;S
20241107;111417;2656;3;2033124586056322396;S
20241107;111447;2656.5;1;2033124586056322397;B
20241107;111450;2655.5;1;2033124586056322398;S
20241107;111523;2655.5;10;2033124586056322399;S
20241107;111552;2655.5;10;2033124586056322400;S
20241107;111614;2655.5;1;2033124586056322401;S
20241107;111751;2655.5;5;2033124586056322402;S
20241107;111751;2655.5;1;2033124586056322403;S
20241107;111751;2655.5;9;2033124586056322404;S
20241107;111751;2655.5;6;2033124586056322405;S
20241107;111805;2655;40;2033124586056322406;S
20241107;111842;2655;2;2033124586056322407;S
20241107;111842;2655;2;2033124586056322408;S
20241107;111842;2654.5;4;2033124586056322409;S
20241107;111842;2654;1;2033124586056322410;S
20241107;111845;2654;5;2033124586056322411;S
20241107;111848;2654;1;2033124586056322412;S
20241107;111848;2653.5;9;2033124586056322413;S
20241107;111904;2654;2;2033124586056322414;S
20241107;111905;2654;2;2033124586056322415;S
20241107;111905;2653.5;31;2033124586056322416;S
20241107;111905;2653.5;5;2033124586056322417;S
20241107;111905;2653.5;12;2033124586056322418;S
20241107;111906;2653.5;5;2033124586056322419;S
20241107;111912;2653.5;1;2033124586056322420;S
20241107;111912;2653.5;1;2033124586056322421;S
20241107;111912;2653.5;6;2033124586056322422;S
20241107;111912;2653.5;2;2033124586056322423;S
20241107;111936;2654.5;1;2033124586056322424;B
20241107;111939;2654;1;2033124586056322425;S
20241107;112000;2654.5;10;2033124586056322426;B
20241107;112005;2654.5;29;2033124586056322427;B
20241107;112005;2654.5;21;2033124586056322428;B
20241107;112008;2654.5;2;2033124586056322429;B
20241107;112008;2654.5;3;2033124586056322430;B
20241107;112017;2654;1;2033124586056322431;S
20241107;112100;2654;30;2033124586056322432;S
20241107;112146;2655;1;2033124586056322433;B
20241107;112203;2655;15;2033124586056322434;B
20241107;112211;2654.5;1;2033124586056322435;S
20241107;112211;2654.5;3;2033124586056322436;S
20241107;112235;2654;13;2033124586056322437;S
20241107;112250;2654;4;2033124586056322438;S
20241107;112300;2654;4;2033124586056322439;S
20241107;112313;2654;28;2033124586056322440;S
20241107;112315;2655;5;2033124586056322441;B
20241107;112315;2655;1;2033124586056322442;B
20241107;112315;2655;10;2033124586056322443;B
20241107;112315;2655;4;2033124586056322444;B
20241107;112315;2655;7;2033124586056322445;B
20241107;112315;2655;3;2033124586056322446;B
20241107;112315;2655;18;2033124586056322447;B
20241107;112315;2655;2;2033124586056322448;B
20241107;112323;2654.5;3;2033124586056322449;S
20241107;112323;2654.5;40;2033124586056322450;S
20241107;112323;2654.5;5;2033124586056322451;S
20241107;112323;2654;2;2033124586056322452;S
20241107;112332;2655;2;2033124586056322453;B
20241107;112332;2655;40;2033124586056322454;B
20241107;112332;2655.5;8;2033124586056322455;B
20241107;112504;2655;1;2033124586056322456;B
20241107;112545;2655;10;2033124586056322457;B
20241107;112545;2655;14;2033124586056322458;B
20241107;112545;2655;6;2033124586056322459;B
20241107;112554;2654.5;40;2033124586056322460;S
20241107;112554;2654.5;18;2033124586056322461;S
20241107;112554;2654.5;2;2033124586056322462;S
20241107;112554;2654.5;4;2033124586056322463;S
20241107;112554;2654.5;40;2033124586056322464;S
20241107;112554;2654.5;3;2033124586056322465;S
20241107;112554;2654;18;2033124586056322466;S
20241107;112554;2654;5;2033124586056322467;S
20241107;112554;2654;5;2033124586056322468;S
20241107;112554;2654;40;2033124586056322469;S
20241107;112554;2654;1;2033124586056322470;S
20241107;112554;2654;1;2033124586056322471;S
20241107;112554;2654;23;2033124586056322472;S
20241107;112608;2655;10;2033124586056322473;B
20241107;112616;2654.5;40;2033124586056322474;S
20241107;112616;2654.5;40;2033124586056322475;S
20241107;112616;2654.5;40;2033124586056322476;B
20241107;112616;2654.5;40;2033124586056322477;B
20241107;112616;2654.5;40;2033124586056322478;B
20241107;112616;2654.5;40;2033124586056322479;B
20241107;112616;2654.5;40;2033124586056322480;B
20241107;112616;2654.5;5;2033124586056322481;B
20241107;112654;2654.5;15;2033124586056322482;B
20241107;112654;2654.5;3;2033124586056322483;B
20241107;112654;2654.5;32;2033124586056322484;B
20241107;112718;2654;3;2033124586056322485;S
20241107;112723;2654;5;2033124586056322486;S
20241107;112729;2655;1;2033124586056322487;B
20241107;112810;2654.5;2;2033124586056322488;B
20241107;112810;2655;9;2033124586056322489;B
20241107;112811;2655;4;2033124586056322490;B
20241107;112811;2655;5;2033124586056322491;B
20241107;112811;2655;1;2033124586056322492;B
20241107;112844;2655;5;2033124586056322493;B
20241107;112951;2655;10;2033124586056322494;B
20241107;112951;2655;10;2033124586056322495;B
20241107;112956;2655;1;2033124586056322496;B
20241107;113002;2655;4;2033124586056322497;B
20241107;113002;2655.5;5;2033124586056322498;B
20241107;113002;2655.5;1;2033124586056322499;B
20241107;113002;2654.5;1;2033124586056322500;S
20241107;113002;2654.5;3;2033124586056322501;S
20241107;113002;2654.5;1;2033124586056322502;S
20241107;113021;2655;4;2033124586056322503;B
20241107;113021;2655.5;6;2033124586056322504;B
20241107;113036;2654.5;9;2033124586056322505;S
20241107;113036;2654.5;40;2033124586056322506;S
20241107;113036;2654.5;9;2033124586056322507;S
20241107;113036;2654.5;62;2033124586056322508;S
20241107;113048;2655;2;2033124586056322509;S
20241107;113059;2655.5;20;2033124586056322510;B
20241107;113059;2655.5;20;2033124586056322511;B
20241107;113100;2655.5;20;2033124586056322512;B
20241107;113101;2655.5;10;2033124586056322513;B
20241107;113101;2655.5;10;2033124586056322514;B
20241107;113103;2655.5;10;2033124586056322515;B
20241107;113104;2655.5;1;2033124586056322516;B
20241107;113104;2655.5;1;2033124586056322517;B
20241107;113110;2655.5;1;2033124586056322518;B
20241107;113110;2656;20;2033124586056322519;B
20241107;113110;2655.5;5;2033124586056322520;S
20241107;113111;2656;1;2033124586056322521;B
20241107;113112;2656;4;2033124586056322522;B
20241107;113112;2656;1;2033124586056322523;B
20241107;113112;2656;1;2033124586056322524;B
20241107;113112;2656.5;40;2033124586056322525;B
20241107;113112;2656.5;1;2033124586056322526;B
20241107;113112;2656.5;5;2033124586056322527;B
20241107;113112;2656.5;9;2033124586056322528;B
20241107;113112;2656.5;39;2033124586056322529;B
20241107;113123;2656;1;2033124586056322530;B
20241107;113210;2656;3;2033124586056322531;B
20241107;113303;2656.5;20;2033124586056322532;B
20241107;113322;2656;1;2033124586056322533;S
20241107;113322;2656;1;2033124586056322534;S
20241107;113327;2656;1;2033124586056322535;B
20241107;113327;2656.5;16;2033124586056322536;B
20241107;113333;2656.5;5;2033124586056322537;B
20241107;113334;2656.5;2;2033124586056322538;B
20241107;113336;2656;1;2033124586056322539;B
20241107;113349;2656.5;5;2033124586056322540;B
20241107;113356;2656.5;1;2033124586056322541;B
20241107;113405;2656.5;12;2033124586056322542;B
20241107;113405;2656.5;5;2033124586056322543;B
20241107;113405;2656.5;1;2033124586056322544;B
20241107;113409;2657;20;2033124586056322545;B
20241107;113409;2657;20;2033124586056322546;B
20241107;113409;2657;10;2033124586056322547;B
20241107;113410;2657;10;2033124586056322548;B
20241107;113410;2657;20;2033124586056322549;B
20241107;113410;2657;3;2033124586056322550;B
20241107;113411;2657;20;2033124586056322551;B
20241107;113412;2657;20;2033124586056322552;B
20241107;113415;2657;20;2033124586056322553;B
20241107;113415;2657;20;2033124586056322554;B
20241107;113416;2657;10;2033124586056322555;B
20241107;113416;2657;10;2033124586056322556;B
20241107;113417;2657;20;2033124586056322557;B
20241107;113417;2657;1;2033124586056322558;B
20241107;113420;2657;10;2033124586056322559;B
20241107;113422;2657;10;2033124586056322560;B
20241107;113422;2657;10;2033124586056322561;B
20241107;113422;2657;10;2033124586056322562;B
20241107;113423;2657;10;2033124586056322563;B
20241107;113439;2657;8;2033124586056322564;B
20241107;113439;2657;10;2033124586056322565;B
20241107;113439;2657;10;2033124586056322566;B
20241107;113441;2657;1;2033124586056322567;B
20241107;113442;2657;39;2033124586056322568;B
20241107;113442;2657;5;2033124586056322569;B
20241107;113442;2657;25;2033124586056322570;B
20241107;113442;2657.5;1;2033124586056322571;B
20241107;113442;2657.5;5;2033124586056322572;B
20241107;113442;2657.5;1;2033124586056322573;B
20241107;113442;2657.5;10;2033124586056322574;B
20241107;113442;2657.5;6;2033124586056322575;B
20241107;113442;2657.5;4;2033124586056322576;B
20241107;113442;2657.5;3;2033124586056322577;S
20241107;113529;2658;1;2033124586056322578;B
20241107;113552;2658;1;2033124586056322579;B
20241107;113552;2658;1;2033124586056322580;B
20241107;113552;2658;3;2033124586056322581;B
20241107;113552;2658;25;2033124586056322582;B
20241107;113552;2658;1;2033124586056322583;B
20241107;113552;2658;1;2033124586056322584;B
20241107;113617;2658.5;1;2033124586056322585;B
20241107;113617;2658.5;5;2033124586056322586;B
20241107;113617;2658.5;10;2033124586056322587;B
20241107;113618;2658.5;10;2033124586056322588;B
20241107;113618;2658.5;2;2033124586056322589;B
20241107;113626;2658.5;6;2033124586056322590;B
20241107;113626;2658.5;10;2033124586056322591;B
20241107;113626;2659;2;2033124586056322592;B
20241107;113626;2659;1;2033124586056322593;B
20241107;113626;2659;1;2033124586056322594;B
20241107;113626;2659;3;2033124586056322595;B
20241107;113626;2659;10;2033124586056322596;B
20241107;113627;2659;4;2033124586056322597;B
20241107;113627;2659;5;2033124586056322598;B
20241107;113627;2659;6;2033124586056322599;B
20241107;113627;2659;38;2033124586056322600;B
20241107;113627;2659;22;2033124586056322601;B
20241107;113627;2659;3;2033124586056322602;B
20241107;113627;2659.5;1;2033124586056322603;B
20241107;113627;2659.5;9;2033124586056322604;B
20241107;113627;2659.5;11;2033124586056322605;B
20241107;113627;2660;1;2033124586056322606;B
20241107;113627;2660;2;2033124586056322607;B
20241107;113627;2660;1;2033124586056322608;B
20241107;113627;2660;1;2033124586056322609;B
20241107;113627;2660;8;2033124586056322610;B
20241107;113627;2660;2;2033124586056322611;B
20241107;113628;2660;2;2033124586056322612;B
20241107;113628;2660;3;2033124586056322613;B
20241107;113628;2660;1;2033124586056322614;B
20241107;113628;2660;49;2033124586056322615;B
20241107;113628;2660;1;2033124586056322616;B
20241107;113628;2660;1;2033124586056322617;B
20241107;113628;2660;5;2033124586056322618;B
20241107;113628;2660;25;2033124586056322619;B
20241107;113628;2660;1;2033124586056322620;B
20241107;113628;2660;3;2033124586056322621;B
20241107;113628;2660.5;5;2033124586056322622;B
20241107;113628;2660.5;1;2033124586056322623;B
20241107;113628;2660.5;4;2033124586056322624;B
20241107;113628;2660.5;1;2033124586056322625;B
20241107;113628;2660.5;20;2033124586056322626;B
20241107;113628;2660.5;6;2033124586056322627;B
20241107;113628;2660.5;18;2033124586056322628;B
20241107;113628;2661;5;2033124586056322629;B
20241107;113628;2661;2;2033124586056322630;B
20241107;113628;2661;3;2033124586056322631;B
20241107;113628;2661;30;2033124586056322632;B
20241107;113629;2660.5;1;2033124586056322633;B
20241107;113629;2660.5;1;2033124586056322634;B
20241107;113629;2660.5;1;2033124586056322635;B
20241107;113636;2660.5;20;2033124586056322636;B
20241107;113639;2660.5;4;2033124586056322637;B
20241107;113647;2660;2;2033124586056322638;B
20241107;113647;2660;1;2033124586056322639;B
20241107;113650;2660;4;2033124586056322640;B
20241107;113700;2659;7;2033124586056322641;S
20241107;113719;2658.5;2;2033124586056322642;S
20241107;113719;2658.5;18;2033124586056322643;S
20241107;113719;2658.5;22;2033124586056322644;S
20241107;113719;2658.5;8;2033124586056322645;S
20241107;113725;2658;6;2033124586056322646;S
20241107;113726;2658.5;1;2033124586056322647;B
20241107;113726;2658;10;2033124586056322648;S
20241107;113730;2658;5;2033124586056322649;B
20241107;113731;2657;5;2033124586056322650;S
20241107;113731;2657;20;2033124586056322651;S
20241107;113731;2657;5;2033124586056322652;S
20241107;113736;2657;4;2033124586056322653;S
20241107;113752;2658;3;2033124586056322654;B
20241107;113819;2657;1;2033124586056322655;B
20241107;113836;2657;20;2033124586056322656;B
20241107;113855;2658;32;2033124586056322657;B
20241107;113855;2658;5;2033124586056322658;B
20241107;113855;2658;4;2033124586056322659;B
20241107;113855;2658;3;2033124586056322660;B
20241107;113855;2658;2;2033124586056322661;B
20241107;113917;2659;25;2033124586056322662;B
20241107;113932;2659;15;2033124586056322663;B
20241107;113932;2659;4;2033124586056322664;B
20241107;113948;2659;1;2033124586056322665;S
20241107;113955;2659.5;1;2033124586056322666;B
20241107;114006;2659;1;2033124586056322667;S
20241107;114013;2659;28;2033124586056322668;S
20241107;114013;2659.5;1;2033124586056322669;B
20241107;114030;2659.5;100;2033124586056322670;B
20241107;114039;2659;40;2033124586056322671;S
20241107;114058;2659;5;2033124586056322672;S
20241107;114107;2659;30;2033124586056322673;S
20241107;114107;2659;3;2033124586056322674;S
20241107;114107;2659;7;2033124586056322675;S
20241107;114107;2659;12;2033124586056322676;S
20241107;114110;2659;6;2033124586056322677;B
20241107;114128;2659.5;25;2033124586056322678;B
20241107;114141;2659.5;2;2033124586056322679;B
20241107;114141;2659.5;1;2033124586056322680;B
20241107;114208;2658;1;2033124586056322681;S
20241107;114208;2658;1;2033124586056322682;S
20241107;114208;2658;1;2033124586056322683;S
20241107;114237;2657;1;2033124586056322684;B
20241107;114321;2657;2;2033124586056322685;B
20241107;114340;2657.5;1;2033124586056322686;B
20241107;114401;2657.5;2;2033124586056322687;B
20241107;114401;2657.5;1;2033124586056322688;B
20241107;114425;2657;1;2033124586056322689;S
20241107;114425;2656.5;1;2033124586056322690;S
20241107;114425;2656.5;1;2033124586056322691;S
20241107;114436;2656.5;4;2033124586056322692;S
20241107;114436;2656.5;5;2033124586056322693;S
20241107;114436;2656.5;1;2033124586056322694;S
20241107;114446;2656.5;10;2033124586056322695;S
20241107;114451;2656.5;2;2033124586056322696;S
20241107;114452;2657.5;1;2033124586056322697;B
20241107;114532;2656.5;2;2033124586056322698;S
20241107;114532;2656.5;3;2033124586056322699;S
20241107;114532;2656.5;1;2033124586056322700;S
20241107;114532;2656.5;1;2033124586056322701;S
20241107;114533;2656.5;3;2033124586056322702;S
20241107;114533;2656.5;1;2033124586056322703;S
20241107;114533;2656.5;2;2033124586056322704;S
20241107;114636;2658;6;2033124586056322705;B
20241107;114638;2657;4;2033124586056322706;S
20241107;114638;2657;2;2033124586056322707;S
20241107;114709;2657.5;1;2033124586056322708;S
20241107;114813;2658;3;2033124586056322709;B
20241107;114813;2658;1;2033124586056322710;B
20241107;114818;2658;4;2033124586056322711;B
20241107;114818;2658;4;2033124586056322712;B
20241107;114845;2657.5;1;2033124586056322713;S
20241107;114845;2657.5;3;2033124586056322714;S
20241107;114845;2657.5;2;2033124586056322715;S
20241107;114845;2657.5;5;2033124586056322716;S
20241107;114845;2657.5;40;2033124586056322717;S
20241107;114845;2657;5;2033124586056322718;S
20241107;114845;2657;40;2033124586056322719;S
20241107;114845;2657;4;2033124586056322720;S
20241107;114919;2658;1;2033124586056322721;B
20241107;115001;2658;5;2033124586056322722;S
20241107;115210;2658.5;4;2033124586056322723;B
20241107;115210;2658.5;3;2033124586056322724;B
20241107;115226;2658.5;5;2033124586056322725;S
20241107;115226;2659;3;2033124586056322726;B
20241107;115239;2659;2;2033124586056322727;B
20241107;115239;2659;5;2033124586056322728;B
20241107;115239;2659;1;2033124586056322729;S
20241107;115316;2659.5;1;2033124586056322730;B
20241107;115319;2659.5;1;2033124586056322731;B
20241107;115323;2659.5;3;2033124586056322732;B
20241107;115323;2659.5;3;2033124586056322733;B
20241107;115323;2659.5;3;2033124586056322734;B
20241107;115324;2659.5;3;2033124586056322735;B
20241107;115324;2659.5;3;2033124586056322736;B
20241107;115324;2659.5;3;2033124586056322737;B
20241107;115324;2659.5;3;2033124586056322738;B
20241107;115324;2659.5;3;2033124586056322739;B
20241107;115325;2659.5;3;2033124586056322740;B
20241107;115325;2659.5;3;2033124586056322741;B
20241107;115325;2659.5;3;2033124586056322742;B
20241107;115330;2659;2;2033124586056322743;S
20241107;115330;2658.5;2;2033124586056322744;S
20241107;115332;2659;3;2033124586056322745;B
20241107;115332;2659;3;2033124586056322746;B
20241107;115332;2659;3;2033124586056322747;B
20241107;115332;2659.5;3;2033124586056322748;B
20241107;115332;2659.5;3;2033124586056322749;B
20241107;115333;2659.5;3;2033124586056322750;B
20241107;115336;2659.5;1;2033124586056322751;B
20241107;115448;2658.5;12;2033124586056322752;B
20241107;115448;2659;5;2033124586056322753;B
20241107;115448;2659;8;2033124586056322754;B
20241107;115527;2659.5;6;2033124586056322755;B
20241107;115527;2659.5;10;2033124586056322756;B
20241107;115529;2659;1;2033124586056322757;S
20241107;115529;2659;1;2033124586056322758;S
20241107;115529;2659;15;2033124586056322759;S
20241107;115529;2659;9;2033124586056322760;S
20241107;115529;2659;8;2033124586056322761;S
20241107;115529;2659;40;2033124586056322762;S
20241107;115529;2659;9;2033124586056322763;S
20241107;115539;2659;10;2033124586056322764;B
20241107;115554;2658.5;2;2033124586056322765;S
20241107;115559;2659;3;2033124586056322766;B
20241107;115625;2658.5;38;2033124586056322767;S
20241107;115625;2658.5;32;2033124586056322768;S
20241107;115630;2658.5;3;2033124586056322769;S
20241107;115705;2658.5;6;2033124586056322770;S
20241107;115705;2658.5;4;2033124586056322771;S
20241107;115709;2658;5;2033124586056322772;S
20241107;115733;2658.5;1;2033124586056322773;B
20241107;115733;2658.5;3;2033124586056322774;B
20241107;115737;2657.5;4;2033124586056322775;S
20241107;115738;2657.5;1;2033124586056322776;S
20241107;115747;2657;4;2033124586056322777;S
20241107;115747;2657;16;2033124586056322778;S
20241107;115747;2657;1;2033124586056322779;S
20241107;115747;2657;1;2033124586056322780;S
20241107;115747;2657;2;2033124586056322781;S
20241107;115747;2657;20;2033124586056322782;S
20241107;115758;2656.5;5;2033124586056322783;S
20241107;115758;2656.5;5;2033124586056322784;S
20241107;115811;2656;1;2033124586056322785;S
20241107;115811;2656;6;2033124586056322786;S
20241107;115811;2656;5;2033124586056322787;S
20241107;115811;2656;37;2033124586056322788;S
20241107;115812;2656;3;2033124586056322789;S
20241107;115812;2656;7;2033124586056322790;S
20241107;115830;2656.5;4;2033124586056322791;S
20241107;115927;2658;40;2033124586056322792;B
20241107;115927;2658;5;2033124586056322793;B
20241107;115927;2658;3;2033124586056322794;B
20241107;115946;2658;1;2033124586056322795;S
20241107;115946;2658;1;2033124586056322796;S
20241107;120006;2658;10;2033124586056322797;S
20241107;120006;2658;10;2033124586056322798;S
20241107;120006;2658;3;2033124586056322799;S
20241107;120158;2657.5;1;2033124586056322800;B
20241107;120158;2657.5;1;2033124586056322801;B
20241107;120242;2658.5;1;2033124586056322802;B
20241107;120242;2658.5;1;2033124586056322803;B
20241107;120305;2658.5;4;2033124586056322804;B
20241107;120305;2658.5;1;2033124586056322805;B
20241107;120305;2658.5;1;2033124586056322806;B
20241107;120305;2658.5;5;2033124586056322807;B
20241107;120314;2659;4;2033124586056322808;B
20241107;120323;2659;3;2033124586056322809;B
20241107;120323;2659;10;2033124586056322810;B
20241107;120327;2659;10;2033124586056322811;B
20241107;120328;2659;10;2033124586056322812;B
20241107;120328;2659;10;2033124586056322813;B
20241107;120329;2659;10;2033124586056322814;B
20241107;120337;2659;6;2033124586056322815;B
20241107;120337;2659;10;2033124586056322816;B
20241107;120338;2659;10;2033124586056322817;B
20241107;120338;2659;10;2033124586056322818;B
20241107;120344;2659;1;2033124586056322819;B
20241107;120355;2659;8;2033124586056322820;B
20241107;120355;2659;2;2033124586056322821;B
20241107;120357;2659;20;2033124586056322822;B
20241107;120403;2659;21;2033124586056322823;B
20241107;120403;2659;28;2033124586056322824;B
20241107;120408;2659;5;2033124586056322825;B
20241107;120410;2659;20;2033124586056322826;B
20241107;120415;2659;10;2033124586056322827;B
20241107;120415;2659;10;2033124586056322828;B
20241107;120416;2659;10;2033124586056322829;B
20241107;120416;2658.5;10;2033124586056322830;S
20241107;120419;2659;10;2033124586056322831;B
20241107;120420;2659;10;2033124586056322832;B
20241107;120420;2659;10;2033124586056322833;B
20241107;120420;2659;10;2033124586056322834;B
20241107;120421;2659;10;2033124586056322835;B
20241107;120421;2659;10;2033124586056322836;B
20241107;120421;2659;10;2033124586056322837;B
20241107;120514;2658.5;30;2033124586056322838;S
20241107;120535;2658.5;2;2033124586056322839;S
20241107;120539;2659;1;2033124586056322840;B
20241107;120550;2659;1;2033124586056322841;B
20241107;120612;2658.5;3;2033124586056322842;S
20241107;120622;2659;1;2033124586056322843;B
