<DATE>;<TIME>;<LAST>;<VOL>;<ID>;<OPER>
20241015;095935;20900;1;2025243213693977113;S
20241015;095935;20900;2;2025243213693977114;S
20241015;095935;20900;17;2025243213693977115;S
20241015;095935;20900;1;2025243213693977116;S
20241015;095935;20900;1;2025243213693977117;S
20241015;095935;20900;1;2025243213693977118;S
20241015;095935;20900;1;2025243213693977119;S
20241015;095935;20900;1;2025243213693977120;S
20241015;095935;20900;1;2025243213693977121;S
20241015;095935;20900;1;2025243213693977122;S
20241015;095935;20900;50;2025243213693977123;S
20241015;095935;20900;26;2025243213693977124;S
20241015;095935;20900;1;2025243213693977125;S
20241015;095935;20900;10;2025243213693977126;S
20241015;095935;20900;10;2025243213693977127;S
20241015;095935;20900;10;2025243213693977128;S
20241015;095935;20900;15;2025243213693977129;S
20241015;095935;20900;5;2025243213693977130;S
20241015;095935;20900;15;2025243213693977131;S
20241015;095935;20900;10;2025243213693977132;S
20241015;095935;20900;4;2025243213693977133;S
20241015;095935;20900;2;2025243213693977134;S
20241015;095935;20900;92;2025243213693977135;S
20241015;095935;20900;22;2025243213693977136;S
20241015;095935;20900;1;2025243213693977137;S
20241015;095935;20900;21;2025243213693977138;S
20241015;095935;20900;54;2025243213693977139;S
20241015;095935;20900;22;2025243213693977140;S
20241015;095935;20900;1;2025243213693977141;S
20241015;095935;20900;100;2025243213693977142;S
20241015;095935;20900;77;2025243213693977143;S
20241015;095935;20900;23;2025243213693977144;B
20241015;095935;20900;50;2025243213693977145;B
20241015;095935;20900;10;2025243213693977146;S
20241015;095935;20900;1;2025243213693977147;B
20241015;095935;20900;1;2025243213693977148;S
20241015;095935;20900;100;2025243213693977149;S
20241015;095935;20900;20;2025243213693977150;B
20241015;095935;20900;9;2025243213693977151;S
20241015;095935;20900;2;2025243213693977152;S
20241015;095935;20900;20;2025243213693977153;B
20241015;095935;20900;1;2025243213693977160;B
20241015;095935;20900;1;2025243213693977165;B
20241015;095935;20900;12;2025243213693977170;B
20241015;095935;21096;1;2025243213693977175;B
20241015;100011;20829;10;2025243213693977179;S
20241015;100011;20826;7;2025243213693977180;S
20241015;100011;20822;1;2025243213693977181;S
20241015;100011;20815;12;2025243213693977182;S
20241015;100011;20796;30;2025243213693977183;S
20241015;100011;20787;2;2025243213693977184;S
20241015;100011;20787;10;2025243213693977185;S
20241015;100011;20751;11;2025243213693977186;S
20241015;100011;20748;14;2025243213693977187;S
20241015;100011;20785;1;2025243213693977188;B
20241015;100011;20748;1;2025243213693977189;S
20241015;100012;20785;2;2025243213693977190;B
20241015;100012;20784;1;2025243213693977193;B
20241015;100012;20791;3;2025243213693977194;B
20241015;100012;20740;12;2025243213693977195;S
20241015;100012;20739;500;2025243213693977196;S
20241015;100012;20716;12;2025243213693977197;S
20241015;100012;20679;15;2025243213693977198;S
20241015;100012;20662;10;2025243213693977199;S
20241015;100012;20645;250;2025243213693977200;S
20241015;100012;20642;1;2025243213693977201;S
20241015;100012;20640;250;2025243213693977206;S
20241015;100012;20791;3;2025243213693977208;B
20241015;100012;20742;1;2025243213693977209;S
20241015;100012;20742;11;2025243213693977210;S
20241015;100012;20741;239;2025243213693977211;S
20241015;100012;20791;1;2025243213693977213;B
20241015;100012;20762;1;2025243213693977214;B
20241015;100012;20742;10;2025243213693977215;S
20241015;100012;20742;12;2025243213693977216;S
20241015;100012;20741;11;2025243213693977217;S
20241015;100012;20638;1;2025243213693977218;S
20241015;100012;20634;1;2025243213693977223;S
20241015;100012;20633;15;2025243213693977228;S
20241015;100012;20632;40;2025243213693977229;S
20241015;100012;20632;30;2025243213693977230;S
20241015;100012;20630;1;2025243213693977231;S
20241015;100012;20626;1;2025243213693977236;S
20241015;100012;20625;18;2025243213693977241;S
20241015;100012;20762;5;2025243213693977242;B
20241015;100012;20658;4;2025243213693977243;S
20241015;100012;20760;3;2025243213693977244;B
20241015;100012;20724;75;2025243213693977245;S
20241015;100013;20658;12;2025243213693977246;S
20241015;100013;20657;11;2025243213693977247;S
20241015;100013;20655;62;2025243213693977248;S
20241015;100013;20656;1;2025243213693977249;S
20241015;100013;20944;11;2025243213693977250;B
20241015;100013;20944;1;2025243213693977251;B
20241015;100013;20944;3;2025243213693977252;B
20241015;100013;20944;7;2025243213693977253;B
20241015;100013;20741;10;2025243213693977254;B
20241015;100013;20739;4;2025243213693977255;B
20241015;100013;20739;6;2025243213693977256;B
20241015;100013;20738;10;2025243213693977257;B
20241015;100013;20738;2;2025243213693977258;B
20241015;100013;20739;5;2025243213693977259;B
20241015;100013;20741;3;2025243213693977260;B
20241015;100013;20741;10;2025243213693977261;B
20241015;100013;20740;10;2025243213693977262;B
20241015;100013;20741;2;2025243213693977263;B
20241015;100013;20741;3;2025243213693977264;B
20241015;100013;20720;12;2025243213693977265;S
20241015;100013;20719;13;2025243213693977266;S
20241015;100013;20741;11;2025243213693977267;B
20241015;100013;20720;12;2025243213693977268;S
20241015;100013;20719;8;2025243213693977269;S
20241015;100013;20740;3;2025243213693977270;B
20241015;100013;20740;1;2025243213693977271;B
20241015;100013;20719;10;2025243213693977272;S
20241015;100013;20740;12;2025243213693977273;B
20241015;100013;20741;57;2025243213693977274;B
20241015;100013;20804;1;2025243213693977276;S
20241015;100013;20804;1;2025243213693977281;S
20241015;100013;20804;1;2025243213693977286;S
20241015;100013;20804;1;2025243213693977291;S
20241015;100013;20804;1;2025243213693977296;S
20241015;100013;20804;7;2025243213693977301;S
20241015;100013;20803;3;2025243213693977306;S
20241015;100013;20803;1;2025243213693977311;S
20241015;100013;20803;1;2025243213693977316;S
20241015;100013;20803;1;2025243213693977321;S
20241015;100013;20803;1;2025243213693977326;S
20241015;100013;20803;1;2025243213693977331;S
20241015;100013;20803;1;2025243213693977336;S
20241015;100013;20803;1;2025243213693977341;S
20241015;100013;20803;1;2025243213693977346;S
20241015;100013;20800;9;2025243213693977351;S
20241015;100013;20800;1;2025243213693977356;S
20241015;100013;20800;1;2025243213693977361;S
20241015;100013;20800;1;2025243213693977366;S
20241015;100013;20800;1;2025243213693977371;S
20241015;100013;20800;1;2025243213693977376;S
20241015;100013;20800;1;2025243213693977381;S
20241015;100013;20800;1;2025243213693977386;S
20241015;100013;20800;1;2025243213693977391;S
20241015;100013;20945;1;2025243213693977395;B
20241015;100013;20800;16;2025243213693977397;S
20241015;100013;20800;12;2025243213693977402;S
20241015;100013;20800;5;2025243213693977407;S
20241015;100013;20800;1;2025243213693977412;S
20241015;100013;20800;6;2025243213693977417;S
20241015;100013;20943;5;2025243213693977421;B
20241015;100013;20943;3;2025243213693977422;B
20241015;100013;20801;10;2025243213693977423;S
20241015;100013;20943;4;2025243213693977424;B
20241015;100013;20944;2;2025243213693977425;B
20241015;100013;20943;7;2025243213693977426;B
20241015;100013;20804;12;2025243213693977427;S
20241015;100013;20803;2;2025243213693977428;S
20241015;100013;20800;31;2025243213693977429;S
20241015;100013;20800;110;2025243213693977430;S
20241015;100013;20720;240;2025243213693977431;S
20241015;100013;20655;38;2025243213693977432;S
20241015;100013;20624;10;2025243213693977433;S
20241015;100013;20622;1;2025243213693977434;S
20241015;100013;20622;100;2025243213693977439;S
20241015;100013;20621;251;2025243213693977440;S
20241015;100013;20624;1;2025243213693977441;S
20241015;100013;20622;12;2025243213693977442;S
20241015;100013;20621;77;2025243213693977443;S
20241015;100013;20624;11;2025243213693977444;B
20241015;100013;20625;11;2025243213693977445;B
20241015;100013;20626;128;2025243213693977446;B
20241015;100013;20626;1;2025243213693977447;B
20241015;100013;20623;35;2025243213693977448;S
20241015;100013;20626;11;2025243213693977449;B
20241015;100013;20626;19;2025243213693977450;B
20241015;100013;20626;3;2025243213693977451;B
20241015;100013;20626;10;2025243213693977452;B
20241015;100013;20622;10;2025243213693977453;S
20241015;100013;20626;1;2025243213693977454;B
20241015;100013;20626;1;2025243213693977455;B
20241015;100013;20626;56;2025243213693977456;B
20241015;100013;20636;1;2025243213693977459;S
20241015;100013;20636;1;2025243213693977464;S
20241015;100013;20636;5;2025243213693977471;S
20241015;100013;20650;3;2025243213693977476;B
20241015;100013;20650;1;2025243213693977480;B
20241015;100014;20650;3;2025243213693977481;B
20241015;100014;20650;4;2025243213693977482;B
20241015;100014;20647;1;2025243213693977483;S
20241015;100014;20650;3;2025243213693977484;B
20241015;100014;20699;12;2025243213693977485;B
20241015;100014;20799;5;2025243213693977486;B
20241015;100014;20799;1;2025243213693977487;B
20241015;100014;20747;1;2025243213693977488;B
20241015;100014;20747;3;2025243213693977489;B
20241015;100014;20711;12;2025243213693977490;S
20241015;100014;20710;13;2025243213693977491;S
20241015;100014;20747;1;2025243213693977492;B
20241015;100014;20799;3;2025243213693977493;B
20241015;100014;20799;1;2025243213693977494;B
20241015;100015;20799;4;2025243213693977497;B
20241015;100015;20799;1;2025243213693977502;B
20241015;100015;20799;1;2025243213693977507;B
20241015;100015;20799;1;2025243213693977512;B
20241015;100015;20799;1;2025243213693977517;B
20241015;100015;20800;1;2025243213693977522;B
20241015;100015;20800;1;2025243213693977527;B
20241015;100015;20799;3;2025243213693977532;B
20241015;100015;20799;1;2025243213693977537;B
20241015;100015;20799;1;2025243213693977541;B
20241015;100015;20756;4;2025243213693977543;B
20241015;100016;20722;2;2025243213693977548;S
20241015;100016;20726;12;2025243213693977549;S
20241015;100016;20725;18;2025243213693977550;S
20241015;100017;20745;10;2025243213693977551;B
20241015;100017;20725;7;2025243213693977552;S
20241015;100017;20725;12;2025243213693977553;S
20241015;100017;20718;181;2025243213693977554;S
20241015;100017;20744;12;2025243213693977555;B
20241015;100017;20745;238;2025243213693977556;B
20241015;100017;20744;12;2025243213693977558;B
20241015;100017;20745;238;2025243213693977559;B
20241015;100018;20701;12;2025243213693977560;S
20241015;100018;20700;10;2025243213693977561;S
20241015;100018;20700;1;2025243213693977562;S
20241015;100018;20694;2;2025243213693977563;S
20241015;100020;20713;25;2025243213693977568;S
20241015;100021;20712;300;2025243213693977569;S
20241015;100021;20702;12;2025243213693977570;S
20241015;100021;20701;2;2025243213693977571;S
20241015;100022;20702;1;2025243213693977572;S
20241015;100023;20713;5;2025243213693977573;S
20241015;100024;20713;5;2025243213693977574;S
20241015;100024;20713;25;2025243213693977575;S
20241015;100026;20734;2;2025243213693977576;B
20241015;100027;20713;15;2025243213693977577;S
20241015;100027;20703;10;2025243213693977578;S
20241015;100027;20701;98;2025243213693977579;S
20241015;100027;20700;62;2025243213693977580;S
20241015;100028;20734;10;2025243213693977581;B
20241015;100028;20735;10;2025243213693977582;B
20241015;100032;20734;12;2025243213693977583;B
20241015;100032;20735;6;2025243213693977584;B
20241015;100032;20735;32;2025243213693977585;B
20241015;100032;20703;12;2025243213693977586;S
20241015;100032;20703;18;2025243213693977587;S
20241015;100033;20696;25;2025243213693977588;S
20241015;100034;20698;25;2025243213693977589;S
20241015;100035;20734;12;2025243213693977590;B
20241015;100035;20735;8;2025243213693977591;B
20241015;100038;20706;12;2025243213693977592;S
20241015;100038;20705;13;2025243213693977593;S
20241015;100039;20704;25;2025243213693977594;S
20241015;100040;20706;10;2025243213693977595;S
20241015;100040;20703;480;2025243213693977596;S
20241015;100042;20729;5;2025243213693977597;B
20241015;100044;20711;6;2025243213693977598;S
20241015;100044;20710;64;2025243213693977599;S
20241015;100047;20719;12;2025243213693977600;S
20241015;100047;20715;12;2025243213693977601;S
20241015;100047;20710;76;2025243213693977602;S
20241015;100048;20773;12;2025243213693977603;B
20241015;100048;20774;70;2025243213693977604;B
20241015;100048;20789;2;2025243213693977605;B
20241015;100048;20790;916;2025243213693977606;B
20241015;100056;20747;12;2025243213693977608;B
20241015;100057;20779;12;2025243213693977609;B
20241015;100057;20780;8;2025243213693977610;B
20241015;100101;20755;100;2025243213693977611;B
20241015;100108;20756;12;2025243213693977613;S
20241015;100110;20748;2;2025243213693977614;S
20241015;100110;20747;8;2025243213693977615;S
20241015;100113;20755;12;2025243213693977616;B
20241015;100113;20755;158;2025243213693977617;B
20241015;100113;20756;18;2025243213693977618;B
20241015;100113;20756;25;2025243213693977619;B
20241015;100114;20755;18;2025243213693977620;B
20241015;100118;20752;28;2025243213693977621;B
20241015;100118;20755;10;2025243213693977622;S
20241015;100118;20756;25;2025243213693977623;B
20241015;100118;20758;3;2025243213693977624;B
20241015;100121;20758;9;2025243213693977625;B
20241015;100121;20758;3;2025243213693977626;S
20241015;100121;20757;12;2025243213693977627;S
20241015;100121;20756;10;2025243213693977628;S
20241015;100123;20756;25;2025243213693977629;S
20241015;100125;20756;9;2025243213693977630;S
20241015;100132;20803;12;2025243213693977631;B
20241015;100132;20804;13;2025243213693977632;B
20241015;100132;20761;5;2025243213693977633;S
20241015;100132;20761;20;2025243213693977634;S
20241015;100133;20761;15;2025243213693977635;S
20241015;100134;20761;1;2025243213693977636;B
20241015;100134;20757;50;2025243213693977637;S
20241015;100134;20756;450;2025243213693977638;S
20241015;100135;20753;3;2025243213693977639;S
20241015;100141;20761;10;2025243213693977641;B
20241015;100141;20761;1;2025243213693977646;B
20241015;100142;20761;23;2025243213693977650;B
20241015;100146;20761;2;2025243213693977651;B
20241015;100147;20761;17;2025243213693977652;B
20241015;100149;20760;7;2025243213693977653;S
20241015;100149;20758;3;2025243213693977654;S
20241015;100151;20758;1;2025243213693977656;S
20241015;100151;20758;1;2025243213693977661;S
20241015;100151;20758;1;2025243213693977666;S
20241015;100151;20758;1;2025243213693977671;S
20241015;100155;20759;25;2025243213693977675;S
20241015;100205;20761;23;2025243213693977676;B
20241015;100210;20759;34;2025243213693977677;S
20241015;100212;20759;38;2025243213693977678;S
20241015;100214;20761;2;2025243213693977679;B
20241015;100219;20775;12;2025243213693977680;B
20241015;100219;20776;8;2025243213693977681;B
20241015;100219;20776;5;2025243213693977682;B
20241015;100222;20761;1;2025243213693977683;S
20241015;100222;20761;4;2025243213693977684;S
20241015;100227;20775;12;2025243213693977685;B
20241015;100229;20776;20;2025243213693977686;B
20241015;100229;20779;50;2025243213693977687;B
20241015;100229;20781;12;2025243213693977688;B
20241015;100229;20800;1;2025243213693977689;B
20241015;100229;20804;12;2025243213693977690;B
20241015;100229;20826;50;2025243213693977691;B
20241015;100229;20836;5;2025243213693977692;B
20241015;100229;20838;1;2025243213693977693;B
20241015;100229;20842;1;2025243213693977698;B
20241015;100229;20846;1;2025243213693977703;B
20241015;100229;20847;1;2025243213693977708;B
20241015;100229;20854;554;2025243213693977713;B
20241015;100231;20801;4;2025243213693977714;B
20241015;100231;20790;1;2025243213693977716;B
20241015;100234;20786;2;2025243213693977720;S
20241015;100236;20805;1;2025243213693977721;B
20241015;100236;20815;1;2025243213693977722;B
20241015;100236;20816;12;2025243213693977723;B
20241015;100236;20830;1;2025243213693977724;B
20241015;100236;20856;5;2025243213693977725;B
20241015;100236;20860;80;2025243213693977726;B
20241015;100238;20791;14;2025243213693977727;B
20241015;100240;20792;2;2025243213693977728;B
20241015;100243;20793;1;2025243213693977730;B
20241015;100247;20792;5;2025243213693977734;S
20241015;100247;20790;5;2025243213693977735;S
20241015;100247;20785;12;2025243213693977736;S
20241015;100248;20783;1;2025243213693977738;B
20241015;100248;20783;7;2025243213693977742;B
20241015;100248;20783;3;2025243213693977743;B
20241015;100303;20793;1;2025243213693977745;B
20241015;100303;20793;1;2025243213693977750;B
20241015;100303;20793;1;2025243213693977755;B
20241015;100303;20793;1;2025243213693977760;B
20241015;100303;20793;7;2025243213693977765;B
20241015;100311;20794;60;2025243213693977769;B
20241015;100317;20793;5;2025243213693977770;B
20241015;100319;20792;10;2025243213693977771;B
20241015;100319;20792;30;2025243213693977772;B
20241015;100321;20792;11;2025243213693977773;B
20241015;100323;20792;25;2025243213693977774;B
20241015;100325;20792;11;2025243213693977775;B
20241015;100329;20792;40;2025243213693977776;B
20241015;100332;20792;70;2025243213693977777;B
20241015;100340;20791;10;2025243213693977778;B
20241015;100340;20791;473;2025243213693977779;B
20241015;100358;20778;1;2025243213693977781;S
20241015;100359;20791;2;2025243213693977786;B
20241015;100359;20791;8;2025243213693977787;B
20241015;100417;20778;12;2025243213693977788;S
20241015;100417;20778;1;2025243213693977789;S
20241015;100423;20791;2;2025243213693977790;B
20241015;100423;20797;12;2025243213693977791;B
20241015;100423;20800;5;2025243213693977792;B
20241015;100423;20808;5;2025243213693977793;B
20241015;100431;20789;9;2025243213693977794;B
20241015;100431;20789;1;2025243213693977796;B
20241015;100435;20779;12;2025243213693977800;S
20241015;100435;20778;1;2025243213693977801;S
20241015;100435;20777;25;2025243213693977802;S
20241015;100436;20777;12;2025243213693977804;B
20241015;100438;20775;5;2025243213693977808;S
20241015;100438;20774;45;2025243213693977809;S
20241015;100439;20786;6;2025243213693977811;B
20241015;100444;20787;4;2025243213693977816;B
20241015;100444;20787;1;2025243213693977821;B
20241015;100444;20787;7;2025243213693977826;B
20241015;100444;20787;1;2025243213693977831;B
20241015;100447;20779;50;2025243213693977835;S
20241015;100449;20779;50;2025243213693977836;S
20241015;100449;20785;10;2025243213693977837;B
20241015;100450;20778;4;2025243213693977838;S
20241015;100450;20765;14;2025243213693977839;S
20241015;100450;20765;12;2025243213693977840;S
20241015;100450;20761;1;2025243213693977841;S
20241015;100450;20761;19;2025243213693977842;S
20241015;100453;20778;2;2025243213693977843;B
20241015;100458;20760;5;2025243213693977844;S
20241015;100458;20760;5;2025243213693977845;S
20241015;100500;20771;6;2025243213693977846;B
20241015;100506;20771;1;2025243213693977849;B
20241015;100507;20760;1;2025243213693977854;S
20241015;100507;20760;1;2025243213693977859;S
20241015;100511;20771;1;2025243213693977864;B
20241015;100515;20760;3;2025243213693977868;S
20241015;100515;20760;1;2025243213693977869;S
20241015;100515;20760;6;2025243213693977870;S
20241015;100516;20771;1;2025243213693977872;B
20241015;100518;20760;4;2025243213693977876;S
20241015;100519;20758;2;2025243213693977877;S
20241015;100519;20758;2;2025243213693977878;S
20241015;100519;20759;2;2025243213693977879;S
20241015;100521;20760;10;2025243213693977881;B
20241015;100524;20758;1;2025243213693977885;S
20241015;100526;20770;12;2025243213693977887;B
20241015;100531;20772;5;2025243213693977892;B
20241015;100535;20777;3;2025243213693977897;B
20241015;100542;20778;1;2025243213693977901;B
20241015;100553;20778;6;2025243213693977902;B
20241015;100559;20775;1;2025243213693977904;B
20241015;100604;20775;4;2025243213693977909;B
20241015;100609;20776;12;2025243213693977914;B
20241015;100614;20777;10;2025243213693977919;B
20241015;100618;20779;3;2025243213693977923;B
20241015;100618;20779;7;2025243213693977924;B
20241015;100619;20782;4;2025243213693977926;B
20241015;100624;20776;1;2025243213693977931;B
20241015;100624;20776;3;2025243213693977936;B
20241015;100629;20782;1;2025243213693977941;B
20241015;100634;20778;1;2025243213693977946;B
20241015;100634;20778;4;2025243213693977951;B
20241015;100637;20781;25;2025243213693977955;B
20241015;100639;20777;26;2025243213693977957;B
20241015;100640;20782;5;2025243213693977961;B
20241015;100640;20783;12;2025243213693977962;B
20241015;100640;20790;3;2025243213693977963;B
20241015;100645;20777;10;2025243213693977965;B
20241015;100647;20770;1;2025243213693977966;S
20241015;100647;20781;5;2025243213693977971;S
20241015;100647;20779;5;2025243213693977976;S
20241015;100647;20778;3;2025243213693977981;S
20241015;100649;20772;27;2025243213693977987;B
20241015;100649;20772;1;2025243213693977992;B
20241015;100649;20772;9;2025243213693977997;B
20241015;100655;20773;100;2025243213693978002;B
20241015;100657;20778;1;2025243213693978004;B
20241015;100657;20778;50;2025243213693978009;B
20241015;100702;20773;10;2025243213693978015;B
20241015;100703;20782;20;2025243213693978019;S
20241015;100703;20779;1;2025243213693978024;S
20241015;100703;20777;4;2025243213693978029;S
20241015;100705;20790;2;2025243213693978035;B
20241015;100724;20773;25;2025243213693978039;B
20241015;100727;20773;200;2025243213693978040;B
20241015;100744;20771;6;2025243213693978041;S
20241015;100746;20781;17;2025243213693978042;B
20241015;100755;20790;5;2025243213693978043;B
20241015;100809;20787;1;2025243213693978044;B
20241015;100812;20790;3;2025243213693978047;B
20241015;100819;20780;1;2025243213693978048;S
20241015;100825;20780;4;2025243213693978049;S
20241015;100831;20780;6;2025243213693978050;B
20241015;100831;20781;44;2025243213693978051;B
20241015;100856;20778;1;2025243213693978052;S
20241015;100901;20778;12;2025243213693978053;B
20241015;100909;20780;5;2025243213693978054;S
20241015;100909;20780;200;2025243213693978055;S
20241015;100911;20783;1;2025243213693978057;B
20241015;100912;20780;10;2025243213693978061;S
20241015;100914;20780;5;2025243213693978062;S
20241015;100929;20790;1;2025243213693978064;B
20241015;100947;20790;5;2025243213693978067;B
20241015;100949;20790;2;2025243213693978071;B
20241015;100950;20790;5;2025243213693978072;B
20241015;101001;20790;3;2025243213693978073;B
20241015;101006;20781;4;2025243213693978074;S
20241015;101011;20782;12;2025243213693978075;S
20241015;101011;20781;4;2025243213693978076;S
20241015;101011;20780;114;2025243213693978077;S
20241015;101026;20780;4;2025243213693978078;S
20241015;101033;20790;5;2025243213693978079;B
20241015;101035;20790;5;2025243213693978080;B
20241015;101035;20790;10;2025243213693978081;B
20241015;101045;20790;4;2025243213693978083;B
20241015;101052;20786;5;2025243213693978088;S
20241015;101054;20790;5;2025243213693978092;B
20241015;101058;20790;1;2025243213693978093;B
20241015;101140;20781;1;2025243213693978094;S
20241015;101141;20790;2;2025243213693978095;B
20241015;101209;20781;1;2025243213693978096;S
20241015;101209;20777;5;2025243213693978097;S
20241015;101213;20790;29;2025243213693978098;B
20241015;101213;20793;12;2025243213693978099;B
20241015;101213;20797;28;2025243213693978100;B
20241015;101213;20799;250;2025243213693978101;B
20241015;101221;20799;81;2025243213693978102;S
20241015;101221;20785;12;2025243213693978103;S
20241015;101221;20775;207;2025243213693978104;S
20241015;101234;20777;2;2025243213693978105;S
20241015;101234;20775;2;2025243213693978106;S
20241015;101239;20776;5;2025243213693978107;S
20241015;101258;20775;1;2025243213693978108;S
20241015;101318;20797;11;2025243213693978109;B
20241015;101342;20786;1;2025243213693978110;B
20241015;101350;20782;9;2025243213693978111;S
20241015;101425;20792;4;2025243213693978112;B
20241015;101445;20779;4;2025243213693978114;B
20241015;101445;20779;1;2025243213693978115;B
20241015;101504;20777;5;2025243213693978116;S
20241015;101509;20777;4;2025243213693978117;S
20241015;101509;20777;2;2025243213693978118;S
20241015;101509;20777;102;2025243213693978119;S
20241015;101510;20776;90;2025243213693978120;B
20241015;101527;20770;14;2025243213693978121;S
20241015;101527;20767;2;2025243213693978126;B
20241015;101544;20768;1;2025243213693978127;B
20241015;101640;20762;1;2025243213693978129;S
20241015;101640;20762;1;2025243213693978134;S
20241015;101710;20767;12;2025243213693978138;S
20241015;101710;20766;1;2025243213693978139;S
20241015;101710;20761;5;2025243213693978140;S
20241015;101710;20760;2;2025243213693978141;S
20241015;101710;20759;4;2025243213693978142;S
20241015;101717;20760;12;2025243213693978143;S
20241015;101717;20759;23;2025243213693978144;S
20241015;101717;20760;1;2025243213693978146;S
20241015;101717;20760;1;2025243213693978151;S
20241015;101717;20760;6;2025243213693978156;S
20241015;101728;20759;72;2025243213693978160;S
20241015;101738;20758;6;2025243213693978162;S
20241015;101743;20758;41;2025243213693978166;S
20241015;101743;20758;3;2025243213693978167;S
20241015;101743;20758;2;2025243213693978168;S
20241015;101743;20757;5;2025243213693978169;S
20241015;101743;20757;5;2025243213693978170;S
20241015;101743;20750;2;2025243213693978171;S
20241015;101743;20750;12;2025243213693978172;S
20241015;101744;20760;1;2025243213693978173;B
20241015;101808;20769;3;2025243213693978174;B
20241015;101814;20751;4;2025243213693978175;S
20241015;101814;20751;1;2025243213693978176;S
20241015;101818;20750;201;2025243213693978177;S
20241015;101822;20751;5;2025243213693978178;B
20241015;101823;20751;10;2025243213693978179;B
20241015;101829;20751;2;2025243213693978180;B
20241015;101859;20751;50;2025243213693978181;B
20241015;101903;20751;10;2025243213693978182;B
20241015;101918;20750;100;2025243213693978183;S
20241015;101926;20751;40;2025243213693978184;B
20241015;101928;20751;100;2025243213693978185;B
20241015;101931;20751;28;2025243213693978186;B
20241015;101948;20764;1;2025243213693978187;B
20241015;102021;20752;12;2025243213693978188;B
20241015;102021;20752;13;2025243213693978189;B
20241015;102027;20751;9;2025243213693978190;S
20241015;102027;20750;11;2025243213693978191;S
20241015;102029;20751;10;2025243213693978192;B
20241015;102032;20750;23;2025243213693978193;S
20241015;102033;20750;50;2025243213693978194;S
20241015;102036;20750;203;2025243213693978195;S
20241015;102036;20750;1;2025243213693978196;S
20241015;102036;20750;1;2025243213693978197;S
20241015;102036;20750;5;2025243213693978198;S
20241015;102036;20750;25;2025243213693978199;S
20241015;102036;20750;4;2025243213693978200;S
20241015;102036;20750;10;2025243213693978201;S
20241015;102036;20750;1;2025243213693978202;S
20241015;102116;20746;10;2025243213693978203;S
20241015;102117;20746;3;2025243213693978204;S
20241015;102117;20746;1;2025243213693978205;S
20241015;102117;20745;100;2025243213693978206;S
20241015;102117;20745;1;2025243213693978207;S
20241015;102117;20745;10;2025243213693978208;S
20241015;102127;20740;1;2025243213693978209;B
20241015;102145;20740;4;2025243213693978210;B
20241015;102148;20739;3;2025243213693978211;S
20241015;102148;20739;1;2025243213693978212;S
20241015;102148;20739;2;2025243213693978213;S
20241015;102152;20734;6;2025243213693978214;B
20241015;102155;20733;8;2025243213693978215;B
20241015;102200;20732;4;2025243213693978216;B
20241015;102200;20732;11;2025243213693978217;B
20241015;102201;20730;1;2025243213693978218;S
20241015;102201;20728;1;2025243213693978219;S
20241015;102201;20722;6;2025243213693978220;S
20241015;102207;20722;1;2025243213693978221;S
20241015;102214;20722;93;2025243213693978222;S
20241015;102220;20721;50;2025243213693978223;S
20241015;102220;20721;25;2025243213693978224;S
20241015;102220;20721;1;2025243213693978225;S
20241015;102222;20720;2;2025243213693978226;S
20241015;102222;20720;10;2025243213693978227;S
20241015;102222;20718;38;2025243213693978228;S
20241015;102228;20718;62;2025243213693978229;S
20241015;102228;20716;2;2025243213693978230;S
20241015;102230;20714;1;2025243213693978235;B
20241015;102236;20710;9;2025243213693978236;S
20241015;102237;20713;25;2025243213693978237;B
20241015;102246;20716;2;2025243213693978238;B
20241015;102258;20710;8;2025243213693978239;S
20241015;102302;20710;33;2025243213693978240;S
20241015;102302;20710;1;2025243213693978241;S
20241015;102302;20700;1;2025243213693978242;S
20241015;102302;20700;5;2025243213693978243;S
20241015;102302;20700;2;2025243213693978244;S
20241015;102302;20700;10;2025243213693978245;S
20241015;102302;20700;3;2025243213693978246;S
20241015;102302;20700;5;2025243213693978247;S
20241015;102323;20703;4;2025243213693978248;B
20241015;102334;20704;1;2025243213693978249;B
20241015;102357;20700;1;2025243213693978250;S
20241015;102357;20700;5;2025243213693978251;S
20241015;102404;20700;5;2025243213693978252;S
20241015;102404;20700;1;2025243213693978253;S
20241015;102404;20700;25;2025243213693978254;S
20241015;102404;20700;1;2025243213693978255;S
20241015;102404;20700;1;2025243213693978256;S
20241015;102404;20700;1;2025243213693978257;S
20241015;102406;20699;12;2025243213693978258;B
20241015;102406;20700;18;2025243213693978259;B
20241015;102409;20688;4;2025243213693978260;S
20241015;102409;20687;1;2025243213693978261;S
20241015;102409;20685;15;2025243213693978262;S
20241015;102409;20685;1;2025243213693978263;S
20241015;102409;20684;5;2025243213693978264;S
20241015;102409;20681;4;2025243213693978265;S
20241015;102409;20681;12;2025243213693978270;S
20241015;102424;20680;100;2025243213693978271;S
20241015;102424;20677;1;2025243213693978272;S
20241015;102424;20675;1;2025243213693978273;S
20241015;102424;20674;1;2025243213693978274;S
20241015;102424;20670;1;2025243213693978279;S
20241015;102424;20670;10;2025243213693978284;S
20241015;102424;20669;12;2025243213693978285;S
20241015;102424;20667;1;2025243213693978286;S
20241015;102424;20666;1;2025243213693978291;S
20241015;102424;20662;1;2025243213693978296;S
20241015;102424;20661;27;2025243213693978301;S
20241015;102424;20660;2;2025243213693978306;S
20241015;102424;20657;50;2025243213693978311;S
20241015;102425;20658;3;2025243213693978312;S
20241015;102433;20686;4;2025243213693978313;B
20241015;102449;20687;10;2025243213693978314;S
20241015;102456;20670;1;2025243213693978315;S
20241015;102456;20669;12;2025243213693978316;S
20241015;102456;20668;2;2025243213693978317;S
20241015;102503;20686;500;2025243213693978318;S
20241015;102503;20676;12;2025243213693978319;S
20241015;102503;20660;5;2025243213693978320;S
20241015;102503;20660;15;2025243213693978321;S
20241015;102503;20658;1;2025243213693978322;S
20241015;102503;20655;1;2025243213693978323;S
20241015;102503;20654;2;2025243213693978324;S
20241015;102503;20654;27;2025243213693978325;S
20241015;102503;20654;500;2025243213693978326;S
20241015;102503;20650;10;2025243213693978327;S
20241015;102503;20650;10;2025243213693978328;S
20241015;102503;20650;700;2025243213693978329;S
20241015;102503;20650;10;2025243213693978330;S
20241015;102503;20650;1;2025243213693978331;S
20241015;102503;20650;206;2025243213693978332;B
20241015;102503;20709;12;2025243213693978333;B
20241015;102503;20710;11;2025243213693978334;B
20241015;102508;20665;5;2025243213693978335;S
20241015;102527;20702;12;2025243213693978336;B
20241015;102527;20703;488;2025243213693978337;B
20241015;102547;20705;4;2025243213693978338;B
20241015;102556;20723;1;2025243213693978339;B
20241015;102559;20715;1;2025243213693978340;B
20241015;102630;20696;10;2025243213693978341;S
20241015;102658;20695;5;2025243213693978343;S
20241015;102658;20695;10;2025243213693978344;S
20241015;102658;20695;35;2025243213693978345;S
20241015;102658;20691;94;2025243213693978346;S
20241015;102658;20691;10;2025243213693978347;S
20241015;102658;20686;12;2025243213693978348;S
20241015;102658;20685;134;2025243213693978349;S
20241015;102659;20696;1;2025243213693978350;B
20241015;102710;20683;224;2025243213693978351;S
20241015;102711;20674;100;2025243213693978352;S
20241015;102713;20669;12;2025243213693978353;S
20241015;102713;20668;7;2025243213693978354;S
20241015;102719;20695;1;2025243213693978355;B
20241015;102722;20695;4;2025243213693978356;B
20241015;102725;20695;1;2025243213693978357;B
20241015;102824;20674;1;2025243213693978359;S
20241015;102824;20674;1;2025243213693978364;S
20241015;102824;20675;2;2025243213693978368;B
20241015;102825;20675;1;2025243213693978370;B
20241015;102825;20675;1;2025243213693978375;B
20241015;102825;20675;1;2025243213693978380;B
20241015;102825;20675;50;2025243213693978385;B
20241015;102825;20675;1;2025243213693978390;B
20241015;102840;20675;2;2025243213693978394;B
20241015;102842;20675;185;2025243213693978395;B
20241015;102846;20670;3;2025243213693978396;S
20241015;102847;20675;1;2025243213693978397;B
20241015;102848;20675;30;2025243213693978398;B
20241015;102849;20675;4;2025243213693978399;B
20241015;102851;20675;1;2025243213693978400;B
20241015;102857;20675;15;2025243213693978401;B
20241015;102902;20675;4;2025243213693978402;B
20241015;102909;20670;4;2025243213693978403;S
20241015;102910;20675;1;2025243213693978404;B
20241015;102923;20670;1;2025243213693978405;S
20241015;102939;20675;4;2025243213693978407;B
20241015;102950;20670;1;2025243213693978408;S
20241015;103012;20670;1;2025243213693978410;S
20241015;103012;20670;2;2025243213693978411;S
20241015;103014;20670;26;2025243213693978412;S
20241015;103021;20675;2;2025243213693978413;B
20241015;103025;20671;1;2025243213693978414;S
20241015;103025;20670;9;2025243213693978415;S
20241015;103039;20670;11;2025243213693978416;S
20241015;103119;20675;95;2025243213693978417;B
20241015;103119;20675;200;2025243213693978418;B
20241015;103120;20695;1;2025243213693978419;B
20241015;103120;20696;1;2025243213693978424;B
20241015;103120;20696;28;2025243213693978425;B
20241015;103143;20696;20;2025243213693978426;B
20241015;103147;20695;2;2025243213693978427;B
20241015;103147;20696;4;2025243213693978428;B
20241015;103152;20687;12;2025243213693978429;S
20241015;103152;20687;23;2025243213693978430;S
20241015;103201;20696;348;2025243213693978431;B
20241015;103220;20700;10;2025243213693978432;B
20241015;103220;20700;2;2025243213693978433;B
20241015;103221;20699;12;2025243213693978434;S
20241015;103221;20698;8;2025243213693978435;S
20241015;103225;20717;1;2025243213693978436;B
20241015;103225;20721;1;2025243213693978441;B
20241015;103225;20724;12;2025243213693978446;B
20241015;103225;20730;25;2025243213693978451;B
20241015;103309;20729;6;2025243213693978453;B
20241015;103329;20746;12;2025243213693978457;B
20241015;103329;20747;2;2025243213693978458;B
20241015;103329;20750;10;2025243213693978459;B
20241015;103329;20750;26;2025243213693978460;B
20241015;103330;20750;20;2025243213693978461;B
20241015;103334;20750;1;2025243213693978462;B
20241015;103359;20748;2;2025243213693978463;B
20241015;103437;20745;60;2025243213693978464;B
20241015;103450;20742;10;2025243213693978465;S
20241015;103508;20731;1;2025243213693978466;S
20241015;103508;20731;7;2025243213693978467;S
20241015;103508;20730;500;2025243213693978468;S
20241015;103535;20730;205;2025243213693978469;S
20241015;103535;20730;1;2025243213693978470;S
20241015;103547;20731;6;2025243213693978471;S
20241015;103553;20731;1;2025243213693978477;B
20241015;103606;20728;10;2025243213693978482;S
20241015;103606;20723;1;2025243213693978483;S
20241015;103606;20719;1;2025243213693978488;S
20241015;103653;20702;1;2025243213693978495;S
20241015;103719;20723;3;2025243213693978496;B
20241015;103729;20721;1;2025243213693978498;B
20241015;103827;20729;1;2025243213693978502;B
20241015;103906;20727;3;2025243213693978510;B
20241015;103913;20720;2;2025243213693978511;S
20241015;103915;20712;10;2025243213693978512;B
20241015;104041;20706;500;2025243213693978513;S
20241015;104041;20702;2;2025243213693978514;S
20241015;104041;20701;2;2025243213693978515;S
20241015;104041;20701;1;2025243213693978516;S
20241015;104041;20701;1;2025243213693978517;S
20241015;104041;20700;17;2025243213693978518;S
20241015;104041;20700;10;2025243213693978519;S
20241015;104041;20700;10;2025243213693978520;S
20241015;104041;20700;12;2025243213693978521;S
20241015;104041;20677;5;2025243213693978522;S
20241015;104041;20677;2;2025243213693978523;S
20241015;104041;20675;5;2025243213693978524;S
20241015;104041;20675;10;2025243213693978525;S
20241015;104041;20672;1;2025243213693978526;S
20241015;104041;20671;10;2025243213693978527;S
20241015;104041;20670;2;2025243213693978528;S
20241015;104041;20669;360;2025243213693978529;S
20241015;104100;20704;12;2025243213693978530;B
20241015;104100;20705;7;2025243213693978531;B
20241015;104100;20705;2;2025243213693978532;B
20241015;104100;20706;2;2025243213693978533;B
20241015;104100;20706;2;2025243213693978534;B
20241015;104100;20712;5;2025243213693978535;B
20241015;104154;20705;12;2025243213693978537;B
20241015;104154;20706;8;2025243213693978538;B
20241015;104232;20702;9;2025243213693978539;B
20241015;104253;20702;12;2025243213693978540;B
20241015;104253;20703;18;2025243213693978541;B
20241015;104301;20703;1;2025243213693978542;B
20241015;104307;20687;1;2025243213693978543;S
20241015;104337;20705;1;2025243213693978545;S
20241015;104337;20705;1;2025243213693978550;S
20241015;104337;20705;1;2025243213693978555;S
20241015;104337;20705;1;2025243213693978560;S
20241015;104337;20705;1;2025243213693978565;S
20241015;104337;20705;1;2025243213693978570;S
20241015;104337;20705;1;2025243213693978575;S
20241015;104341;20705;193;2025243213693978579;S
20241015;104341;20701;7;2025243213693978580;S
20241015;104354;20680;12;2025243213693978581;S
20241015;104354;20679;2;2025243213693978582;S
20241015;104354;20679;186;2025243213693978583;S
20241015;104359;20677;2;2025243213693978584;S
20241015;104414;20696;2;2025243213693978585;B
20241015;104433;20688;2;2025243213693978586;B
20241015;104445;20689;1;2025243213693978587;B
20241015;104504;20689;1;2025243213693978588;B
20241015;104511;20688;20;2025243213693978589;B
20241015;104512;20685;300;2025243213693978590;S
20241015;104515;20688;1;2025243213693978591;B
20241015;104517;20688;179;2025243213693978592;B
20241015;104517;20689;3;2025243213693978593;B
20241015;104520;20696;20;2025243213693978594;B
20241015;104520;20698;5;2025243213693978595;B
20241015;104520;20700;10;2025243213693978596;B
20241015;104520;20703;12;2025243213693978597;B
20241015;104520;20713;3;2025243213693978598;B
20241015;104525;20690;12;2025243213693978599;S
20241015;104525;20689;318;2025243213693978600;S
20241015;104525;20682;170;2025243213693978601;S
20241015;104529;20707;55;2025243213693978602;B
20241015;104536;20700;1;2025243213693978603;S
20241015;104536;20700;1;2025243213693978604;S
20241015;104536;20689;12;2025243213693978605;S
20241015;104536;20681;2;2025243213693978606;S
20241015;104536;20680;5;2025243213693978607;S
20241015;104536;20680;1;2025243213693978608;S
20241015;104536;20680;5;2025243213693978609;S
20241015;104536;20677;2;2025243213693978610;S
20241015;104536;20677;10;2025243213693978611;S
20241015;104536;20676;1;2025243213693978612;S
20241015;104536;20676;158;2025243213693978617;S
20241015;104536;20676;1;2025243213693978618;S
20241015;104536;20676;25;2025243213693978619;S
20241015;104536;20675;10;2025243213693978620;S
20241015;104536;20672;1;2025243213693978621;S
20241015;104536;20668;2;2025243213693978626;S
20241015;104536;20668;1;2025243213693978627;S
20241015;104536;20667;21;2025243213693978632;S
20241015;104536;20664;1;2025243213693978633;S
20241015;104536;20663;40;2025243213693978638;S
20241015;104611;20700;1;2025243213693978639;S
20241015;104611;20700;1;2025243213693978640;S
20241015;104612;20700;1;2025243213693978641;B
20241015;104615;20700;7;2025243213693978642;B
20241015;104615;20707;12;2025243213693978643;B
20241015;104615;20707;31;2025243213693978644;B
20241015;104807;20694;1;2025243213693978646;S
20241015;104807;20694;1;2025243213693978651;S
20241015;104814;20703;2;2025243213693978655;B
20241015;104814;20704;2;2025243213693978656;B
20241015;104814;20705;4;2025243213693978657;B
20241015;104914;20686;12;2025243213693978661;S
20241015;104914;20685;8;2025243213693978662;S
20241015;104937;20721;1;2025243213693978666;B
20241015;104938;20704;1;2025243213693978670;S
20241015;104956;20724;1;2025243213693978671;B
20241015;104956;20725;10;2025243213693978672;B
20241015;104956;20731;12;2025243213693978673;B
20241015;104956;20736;1;2025243213693978674;B
20241015;104956;20740;28;2025243213693978675;B
20241015;105028;20739;1;2025243213693978676;B
20241015;105120;20727;6;2025243213693978677;S
20241015;105120;20725;12;2025243213693978678;S
20241015;105120;20724;1;2025243213693978679;S
20241015;105120;20689;1;2025243213693978680;S
20241015;105233;20728;1;2025243213693978681;B
20241015;105233;20728;1;2025243213693978682;B
20241015;105233;20729;7;2025243213693978683;B
20241015;105233;20730;26;2025243213693978684;B
20241015;105233;20735;2;2025243213693978685;B
20241015;105233;20740;2;2025243213693978686;B
20241015;105245;20740;12;2025243213693978687;B
20241015;105300;20740;10;2025243213693978688;B
20241015;105300;20740;4;2025243213693978689;B
20241015;105308;20732;12;2025243213693978690;S
20241015;105308;20731;21;2025243213693978691;S
20241015;105320;20740;10;2025243213693978692;B
20241015;105338;20740;5;2025243213693978693;B
20241015;105349;20737;5;2025243213693978694;S
20241015;105349;20740;100;2025243213693978695;B
20241015;105412;20740;75;2025243213693978696;B
20241015;105414;20740;2;2025243213693978697;B
20241015;105418;20739;2;2025243213693978698;S
20241015;105418;20739;198;2025243213693978699;S
20241015;105433;20738;12;2025243213693978700;S
20241015;105433;20738;28;2025243213693978701;S
20241015;105549;20740;252;2025243213693978702;B
20241015;105611;20749;18;2025243213693978703;B
20241015;105625;20748;15;2025243213693978704;S
20241015;105625;20749;2;2025243213693978705;B
20241015;105625;20750;453;2025243213693978706;B
20241015;105625;20750;10;2025243213693978707;B
20241015;105625;20750;1;2025243213693978708;B
20241015;105648;20760;2;2025243213693978709;B
20241015;105649;20760;59;2025243213693978710;B
20241015;105654;20760;31;2025243213693978711;B
20241015;105654;20760;108;2025243213693978712;B
20241015;105654;20760;57;2025243213693978713;B
20241015;105710;20760;42;2025243213693978714;B
20241015;105717;20760;12;2025243213693978715;S
20241015;105733;20759;10;2025243213693978716;S
20241015;105737;20760;5;2025243213693978717;B
20241015;105759;20760;13;2025243213693978718;B
20241015;105900;20762;5;2025243213693978719;S
20241015;110005;20762;5;2025243213693978720;S
20241015;110037;20759;1;2025243213693978721;S
20241015;110040;20759;10;2025243213693978722;S
20241015;110041;20759;1;2025243213693978723;S
20241015;110045;20759;1;2025243213693978724;S
20241015;110049;20759;1;2025243213693978725;S
20241015;110053;20759;1;2025243213693978726;S
20241015;110132;20765;4;2025243213693978727;B
20241015;110132;20766;1;2025243213693978728;B
20241015;110132;20767;12;2025243213693978729;B
20241015;110132;20770;73;2025243213693978730;B
20241015;110133;20769;4;2025243213693978731;B
20241015;110133;20770;5;2025243213693978732;B
20241015;110228;20769;2;2025243213693978733;B
20241015;110323;20769;10;2025243213693978734;B
20241015;110323;20769;10;2025243213693978735;B
20241015;110329;20770;2;2025243213693978736;B
20241015;110342;20770;20;2025243213693978737;B
20241015;110342;20771;12;2025243213693978738;B
20241015;110404;20769;1;2025243213693978740;S
20241015;110507;20769;2;2025243213693978744;S
20241015;110507;20767;7;2025243213693978745;S
20241015;110513;20773;1;2025243213693978746;B
20241015;110513;20776;1;2025243213693978751;B
20241015;110532;20760;2;2025243213693978752;S
20241015;110603;20760;10;2025243213693978753;B
20241015;110603;20769;10;2025243213693978754;B
20241015;110729;20777;1;2025243213693978755;B
20241015;110729;20779;1;2025243213693978760;B
20241015;110729;20780;1;2025243213693978761;B
20241015;110729;20781;1;2025243213693978762;B
20241015;110729;20783;5;2025243213693978767;B
20241015;110729;20783;1;2025243213693978772;B
20241015;110729;20789;51;2025243213693978777;B
20241015;110736;20790;1;2025243213693978778;B
20241015;110752;20790;20;2025243213693978779;B
20241015;110757;20790;50;2025243213693978780;B
20241015;110802;20790;429;2025243213693978781;B
20241015;110802;20790;200;2025243213693978782;B
20241015;110802;20791;2;2025243213693978783;B
20241015;110802;20791;1;2025243213693978784;B
20241015;110802;20792;1;2025243213693978785;B
20241015;110832;20783;1;2025243213693978786;S
20241015;110832;20782;2;2025243213693978787;S
20241015;110832;20777;77;2025243213693978788;S
20241015;110854;20792;30;2025243213693978789;B
20241015;110915;20792;1;2025243213693978790;S
20241015;110952;20776;12;2025243213693978791;S
20241015;110952;20775;2;2025243213693978792;S
20241015;110957;20771;1;2025243213693978793;S
20241015;110957;20771;12;2025243213693978794;S
20241015;111103;20783;4;2025243213693978795;S
20241015;111107;20781;12;2025243213693978796;B
20241015;111133;20793;10;2025243213693978797;S
20241015;111155;20796;1;2025243213693978800;B
20241015;111155;20796;1;2025243213693978805;B
20241015;111155;20800;1;2025243213693978810;B
20241015;111155;20800;4;2025243213693978815;B
20241015;111155;20800;1;2025243213693978820;B
20241015;111156;20800;4;2025243213693978824;B
20241015;111156;20800;46;2025243213693978825;B
20241015;111245;20799;1;2025243213693978826;B
20241015;111247;20800;10;2025243213693978827;B
20241015;111357;20796;4;2025243213693978828;S
20241015;111357;20795;66;2025243213693978829;S
20241015;111419;20799;5;2025243213693978830;B
20241015;111447;20800;7;2025243213693978831;B
20241015;111529;20799;4;2025243213693978832;B
20241015;111529;20800;8;2025243213693978833;B
20241015;111732;20795;10;2025243213693978834;S
20241015;111755;20795;5;2025243213693978835;S
20241015;111901;20795;185;2025243213693978836;S
20241015;111915;20795;6;2025243213693978837;S
20241015;111928;20795;10;2025243213693978838;S
20241015;111943;20797;2;2025243213693978839;B
20241015;111943;20795;45;2025243213693978840;S
20241015;112013;20795;6;2025243213693978841;S
20241015;112019;20795;167;2025243213693978842;S
20241015;112019;20793;33;2025243213693978843;S
20241015;112027;20797;12;2025243213693978844;B
20241015;112027;20798;4;2025243213693978845;B
20241015;112027;20800;17;2025243213693978846;B
20241015;112044;20800;16;2025243213693978847;B
20241015;112055;20800;10;2025243213693978848;B
20241015;112100;20797;19;2025243213693978849;S
20241015;112108;20797;9;2025243213693978850;S
20241015;112118;20797;172;2025243213693978851;S
20241015;112157;20797;10;2025243213693978852;B
20241015;112242;20793;23;2025243213693978853;S
20241015;112304;20792;1;2025243213693978854;B
20241015;112324;20795;1;2025243213693978855;B
20241015;112422;20770;4;2025243213693978856;S
20241015;112424;20770;1;2025243213693978857;S
20241015;112435;20770;3;2025243213693978858;S
20241015;112512;20771;13;2025243213693978859;S
20241015;112531;20773;10;2025243213693978860;S
20241015;112947;20793;2;2025243213693978861;B
20241015;113008;20797;3;2025243213693978862;B
20241015;113226;20775;1;2025243213693978863;S
20241015;113312;20795;2;2025243213693978864;B
20241015;113312;20796;4;2025243213693978865;B
20241015;113312;20797;4;2025243213693978866;B
20241015;113344;20800;10;2025243213693978867;B
20241015;113345;20800;18;2025243213693978868;B
20241015;113351;20800;30;2025243213693978869;B
20241015;113359;20799;10;2025243213693978870;B
20241015;113408;20800;28;2025243213693978871;B
20241015;113408;20800;12;2025243213693978872;B
20241015;113421;20800;8;2025243213693978873;B
20241015;113421;20800;10;2025243213693978874;B
20241015;113421;20801;12;2025243213693978875;B
20241015;113421;20805;1;2025243213693978876;B
20241015;113421;20814;1;2025243213693978877;B
20241015;113421;20818;1;2025243213693978882;B
20241015;113421;20818;1;2025243213693978883;B
20241015;113421;20819;2;2025243213693978888;B
20241015;113421;20820;3;2025243213693978893;B
20241015;113421;20822;1;2025243213693978898;B
20241015;113433;20820;1;2025243213693978903;S
20241015;113435;20822;4;2025243213693978904;B
20241015;113435;20823;1;2025243213693978909;B
20241015;113435;20826;1;2025243213693978914;B
20241015;113435;20829;4;2025243213693978919;B
20241015;113452;20820;1;2025243213693978921;S
20241015;113522;20820;10;2025243213693978927;S
20241015;113552;20820;17;2025243213693978928;S
20241015;113552;20808;12;2025243213693978929;S
20241015;113552;20801;1;2025243213693978930;S
20241015;113552;20778;2;2025243213693978935;S
20241015;113552;20776;2;2025243213693978936;S
20241015;113552;20773;4;2025243213693978937;S
20241015;113552;20768;1;2025243213693978938;S
20241015;113552;20764;1;2025243213693978943;S
20241015;113552;20762;2;2025243213693978948;S
20241015;113552;20761;1;2025243213693978949;S
20241015;113552;20760;21;2025243213693978950;S
20241015;113552;20760;1;2025243213693978951;S
20241015;113552;20759;100;2025243213693978956;S
20241015;113654;20807;12;2025243213693978958;B
20241015;113827;20815;2;2025243213693978959;B
20241015;113827;20816;8;2025243213693978960;B
20241015;113938;20820;1;2025243213693978961;B
20241015;113953;20820;4;2025243213693978962;B
20241015;114025;20820;5;2025243213693978963;B
20241015;114035;20820;3;2025243213693978964;B
20241015;114035;20821;7;2025243213693978965;B
20241015;114142;20807;8;2025243213693978966;S
20241015;114142;20807;10;2025243213693978967;S
20241015;114142;20807;12;2025243213693978968;S
20241015;114142;20778;20;2025243213693978969;S
20241015;114147;20779;3;2025243213693978970;S
20241015;114244;20779;9;2025243213693978971;S
20241015;114244;20779;1;2025243213693978972;S
20241015;114306;20782;10;2025243213693978973;S
20241015;114454;20782;2;2025243213693978974;S
20241015;114454;20781;15;2025243213693978975;S
20241015;114553;20815;1;2025243213693978976;B
20241015;114654;20826;1;2025243213693978977;B
20241015;114654;20828;12;2025243213693978982;B
20241015;114654;20829;50;2025243213693978983;B
20241015;114654;20830;37;2025243213693978984;B
20241015;114752;20829;10;2025243213693978985;B
20241015;114828;20829;2;2025243213693978986;B
20241015;114828;20830;28;2025243213693978987;B
20241015;114904;20829;12;2025243213693978988;B
20241015;114905;20829;8;2025243213693978989;S
20241015;115140;20828;12;2025243213693978992;B
20241015;115140;20829;8;2025243213693978993;B
20241015;115140;20830;130;2025243213693978994;B
20241015;115202;20830;5;2025243213693978995;B
20241015;115311;20830;5;2025243213693978996;S
20241015;115311;20822;2;2025243213693978997;S
20241015;115344;20831;2;2025243213693979000;B
20241015;115344;20831;10;2025243213693979001;B
20241015;115344;20832;1;2025243213693979002;B
20241015;115344;20835;2;2025243213693979003;B
20241015;115344;20835;7;2025243213693979004;B
20241015;115557;20831;20;2025243213693979005;S
20241015;115608;20830;1;2025243213693979006;S
20241015;115628;20832;4;2025243213693979007;B
20241015;115725;20806;2;2025243213693979008;S
20241015;115726;20806;2;2025243213693979009;S
20241015;115732;20803;1;2025243213693979010;S
20241015;115738;20830;1;2025243213693979011;B
20241015;115738;20831;12;2025243213693979012;B
20241015;115738;20832;2;2025243213693979013;B
20241015;115738;20833;2;2025243213693979014;B
20241015;115738;20835;3;2025243213693979015;B
20241015;115738;20802;1;2025243213693979016;S
20241015;115752;20837;2;2025243213693979019;B
20241015;115753;20837;3;2025243213693979024;B
20241015;115753;20837;1;2025243213693979029;B
20241015;115753;20837;5;2025243213693979034;B
20241015;115753;20837;1;2025243213693979039;B
20241015;115753;20838;5;2025243213693979044;B
20241015;115753;20838;5;2025243213693979049;B
20241015;115753;20839;5;2025243213693979054;B
20241015;115805;20839;10;2025243213693979059;B
20241015;120151;20839;1;2025243213693979064;B
20241015;120151;20839;1;2025243213693979069;B
20241015;120151;20839;1;2025243213693979074;B
20241015;120151;20839;5;2025243213693979079;B
20241015;120151;20839;1;2025243213693979084;B
20241015;120151;20839;12;2025243213693979089;B
20241015;120151;20839;17;2025243213693979094;B
20241015;120151;20839;1;2025243213693979099;B
20241015;120151;20839;6;2025243213693979104;B
20241015;120248;20830;20;2025243213693979109;S
20241015;120248;20830;12;2025243213693979110;S
20241015;120248;20810;1;2025243213693979111;S
20241015;120248;20809;1;2025243213693979112;S
20241015;120248;20804;2;2025243213693979117;S
20241015;120248;20803;2;2025243213693979118;S
20241015;120248;20802;2;2025243213693979119;S
20241015;120248;20800;5;2025243213693979120;S
20241015;120248;20780;99;2025243213693979121;S
20241015;120248;20779;89;2025243213693979122;S
20241015;120248;20777;1;2025243213693979123;S
20241015;120248;20776;16;2025243213693979128;S
20241015;120250;20781;1;2025243213693979133;S
20241015;120418;20783;1;2025243213693979134;S
20241015;120439;20780;11;2025243213693979136;S
20241015;120450;20780;1;2025243213693979138;S
20241015;120450;20779;6;2025243213693979139;S
20241015;120522;20821;1;2025243213693979140;B
20241015;120522;20822;12;2025243213693979141;B
20241015;120522;20824;2;2025243213693979142;B
20241015;120522;20825;5;2025243213693979143;B
20241015;120611;20825;1;2025243213693979145;S
20241015;120611;20825;1;2025243213693979150;S
20241015;120611;20825;18;2025243213693979155;S
20241015;120611;20823;12;2025243213693979160;S
20241015;120635;20822;20;2025243213693979166;B
20241015;120959;20826;12;2025243213693979167;B
20241015;120959;20827;21;2025243213693979168;B
20241015;120959;20827;1;2025243213693979170;S
20241015;121000;20836;1;2025243213693979174;B
20241015;121016;20836;1;2025243213693979175;B
20241015;121157;20826;2;2025243213693979177;S
20241015;121157;20821;2;2025243213693979178;S
20241015;121204;20820;1;2025243213693979179;S
20241015;121204;20817;3;2025243213693979180;S
20241015;121208;20836;1;2025243213693979182;B
20241015;121208;20836;10;2025243213693979187;B
20241015;121237;20837;2;2025243213693979191;B
20241015;121237;20838;10;2025243213693979192;B
20241015;121237;20839;13;2025243213693979193;B
20241015;121250;20814;12;2025243213693979194;S
20241015;121250;20813;2;2025243213693979195;S
20241015;121250;20809;1;2025243213693979196;S
20241015;121250;20802;2;2025243213693979197;S
20241015;121317;20800;8;2025243213693979199;B
20241015;121317;20800;12;2025243213693979204;B
20241015;121317;20800;1;2025243213693979209;B
20241015;121317;20800;1;2025243213693979214;B
20241015;121317;20800;6;2025243213693979219;B
20241015;121317;20800;1;2025243213693979224;B
20241015;121317;20800;5;2025243213693979229;B
20241015;121317;20800;10;2025243213693979234;B
20241015;121317;20800;30;2025243213693979239;B
20241015;121317;20800;1;2025243213693979244;B
20241015;121317;20800;18;2025243213693979249;B
20241015;121318;20798;1;2025243213693979253;S
20241015;121318;20793;12;2025243213693979254;S
20241015;121318;20790;3;2025243213693979255;S
20241015;121318;20787;2;2025243213693979256;S
20241015;121318;20772;21;2025243213693979257;S
20241015;121332;20799;2;2025243213693979262;B
20241015;121332;20800;44;2025243213693979263;B
20241015;121406;20774;1;2025243213693979265;S
20241015;121419;20774;11;2025243213693979266;S
20241015;121500;20774;9;2025243213693979268;B
20241015;121715;20798;2;2025243213693979270;B
20241015;121731;20798;2;2025243213693979274;B
20241015;121731;20799;2;2025243213693979275;B
20241015;121731;20800;86;2025243213693979276;B
20241015;121832;20800;100;2025243213693979277;B
20241015;121844;20800;1;2025243213693979278;B
20241015;121921;20800;25;2025243213693979279;B
20241015;121944;20800;21;2025243213693979280;B
20241015;122008;20800;113;2025243213693979281;B
20241015;122008;20800;125;2025243213693979282;B
20241015;122025;20815;2;2025243213693979283;B
20241015;122025;20816;1;2025243213693979284;B
20241015;122025;20820;1;2025243213693979289;B
20241015;122025;20823;6;2025243213693979294;B
20241015;122105;20801;1;2025243213693979302;S
20241015;122108;20801;1;2025243213693979304;S
20241015;122144;20800;20;2025243213693979305;S
20241015;122651;20800;30;2025243213693979306;S
20241015;122954;20800;70;2025243213693979308;S
20241015;123141;20804;75;2025243213693979309;B
20241015;123309;20804;100;2025243213693979310;B
20241015;123330;20804;1;2025243213693979311;B
20241015;123331;20801;21;2025243213693979312;S
20241015;123331;20801;40;2025243213693979313;S
20241015;123410;20800;500;2025243213693979314;S
20241015;123430;20800;138;2025243213693979315;S
20241015;123607;20795;1;2025243213693979316;S
20241015;123607;20795;5;2025243213693979317;S
20241015;123645;20785;2;2025243213693979318;S
20241015;123645;20784;6;2025243213693979319;S
20241015;123658;20783;1;2025243213693979324;S
20241015;123658;20781;40;2025243213693979329;S
20241015;123658;20779;1;2025243213693979330;S
20241015;123658;20778;8;2025243213693979335;S
20241015;123658;20778;1;2025243213693979340;S
20241015;123658;20777;30;2025243213693979345;S
20241015;123837;20776;1;2025243213693979350;S
20241015;124053;20774;1;2025243213693979351;S
20241015;124053;20774;5;2025243213693979356;S
20241015;124053;20773;2;2025243213693979361;S
20241015;124053;20773;24;2025243213693979362;S
20241015;124114;20772;25;2025243213693979363;S
20241015;124114;20771;21;2025243213693979368;S
20241015;124114;20770;454;2025243213693979369;S
20241015;124132;20773;245;2025243213693979370;B
20241015;124137;20773;4;2025243213693979371;S
20241015;124137;20770;45;2025243213693979372;S
20241015;124211;20770;1;2025243213693979373;S
20241015;124211;20768;5;2025243213693979374;S
20241015;124211;20766;5;2025243213693979375;S
20241015;124211;20764;1;2025243213693979380;S
20241015;124211;20763;30;2025243213693979385;S
20241015;124211;20763;12;2025243213693979390;S
20241015;124211;20762;50;2025243213693979391;S
20241015;124211;20761;20;2025243213693979396;S
20241015;124211;20761;8;2025243213693979397;S
20241015;124211;20760;2;2025243213693979402;S
20241015;124211;20760;1;2025243213693979403;S
20241015;124211;20760;5;2025243213693979404;S
20241015;124211;20759;10;2025243213693979405;S
20241015;124444;20761;4;2025243213693979406;S
20241015;124444;20760;1;2025243213693979407;S
20241015;124444;20759;89;2025243213693979408;S
20241015;124721;20764;4;2025243213693979409;S
20241015;124721;20759;25;2025243213693979410;S
20241015;124944;20760;1;2025243213693979411;S
20241015;124944;20759;24;2025243213693979412;S
20241015;125001;20770;4;2025243213693979413;B
20241015;125049;20759;2;2025243213693979414;S
20241015;125219;20770;10;2025243213693979415;B
20241015;125243;20770;1;2025243213693979416;B
20241015;125315;20770;185;2025243213693979417;B
20241015;125315;20770;100;2025243213693979418;B
20241015;125406;20784;1;2025243213693979419;B
20241015;125406;20768;21;2025243213693979420;S
20241015;125406;20765;9;2025243213693979421;S
20241015;125414;20784;12;2025243213693979422;B
20241015;125453;20784;1;2025243213693979423;S
20241015;125500;20779;2;2025243213693979424;B
20241015;125633;20764;17;2025243213693979425;S
20241015;125902;20764;1;2025243213693979426;S
20241015;125928;20764;2;2025243213693979427;S
20241015;125946;20765;2;2025243213693979428;B
20241015;130019;20765;1;2025243213693979430;B
20241015;130145;20768;1;2025243213693979431;B
20241015;130202;20792;10;2025243213693979432;B
20241015;130213;20793;10;2025243213693979433;B
20241015;130253;20790;2;2025243213693979434;B
20241015;130515;20767;12;2025243213693979435;S
20241015;130515;20766;88;2025243213693979436;S
20241015;130915;20776;32;2025243213693979437;B
20241015;130925;20776;2;2025243213693979438;B
20241015;130926;20776;1;2025243213693979439;B
20241015;130926;20777;48;2025243213693979440;B
20241015;130936;20776;1;2025243213693979441;B
20241015;130936;20778;18;2025243213693979442;B
20241015;131138;20782;2;2025243213693979443;B
20241015;131138;20787;1;2025243213693979444;B
20241015;131755;20762;4;2025243213693979445;S
20241015;131755;20762;2;2025243213693979446;S
20241015;131809;20762;12;2025243213693979447;S
20241015;131859;20761;1;2025243213693979448;S
20241015;131859;20760;10;2025243213693979449;S
20241015;131937;20776;3;2025243213693979450;B
20241015;132443;20778;2;2025243213693979451;B
20241015;132449;20778;3;2025243213693979452;B
20241015;132815;20777;4;2025243213693979453;B
20241015;132826;20761;1;2025243213693979454;S
20241015;132951;20761;1;2025243213693979457;S
20241015;132951;20761;1;2025243213693979462;S
20241015;132951;20760;1;2025243213693979467;S
20241015;132951;20759;2;2025243213693979472;S
20241015;133107;20778;5;2025243213693979476;B
20241015;133116;20778;7;2025243213693979477;B
20241015;133116;20779;3;2025243213693979478;B
20241015;133304;20776;3;2025243213693979479;B
20241015;133406;20761;12;2025243213693979480;S
20241015;133406;20760;1;2025243213693979481;S
20241015;133406;20759;2;2025243213693979482;S
20241015;133411;20760;3;2025243213693979483;S
20241015;133411;20760;12;2025243213693979484;S
20241015;133411;20759;45;2025243213693979485;S
20241015;133450;20777;1;2025243213693979486;B
20241015;133452;20760;1;2025243213693979487;S
20241015;133452;20759;29;2025243213693979488;S
20241015;134236;20760;4;2025243213693979489;S
20241015;134236;20760;1;2025243213693979490;S
20241015;134236;20759;14;2025243213693979491;S
20241015;134241;20759;243;2025243213693979492;S
20241015;134241;20759;2;2025243213693979493;S
20241015;134241;20752;1;2025243213693979494;S
20241015;134243;20750;5;2025243213693979495;S
20241015;134243;20750;2;2025243213693979496;S
20241015;134243;20741;4;2025243213693979497;S
20241015;134243;20740;1;2025243213693979498;S
20241015;134243;20739;1;2025243213693979499;S
20241015;134329;20735;12;2025243213693979500;S
20241015;134329;20734;68;2025243213693979501;S
20241015;134648;20744;1;2025243213693979502;B
20241015;134648;20746;4;2025243213693979503;B
20241015;134928;20762;1;2025243213693979504;B
20241015;134928;20766;47;2025243213693979505;B
20241015;134928;20767;5;2025243213693979510;B
20241015;134928;20767;1;2025243213693979515;B
20241015;134928;20767;1;2025243213693979520;B
20241015;134928;20767;1;2025243213693979525;B
20241015;134928;20767;1;2025243213693979530;B
20241015;134928;20768;1;2025243213693979535;B
20241015;134928;20768;1;2025243213693979540;B
20241015;134928;20768;1;2025243213693979545;B
20241015;134928;20768;1;2025243213693979550;B
20241015;134928;20768;1;2025243213693979555;B
20241015;134928;20768;1;2025243213693979560;B
20241015;134928;20768;1;2025243213693979565;B
20241015;134928;20769;1;2025243213693979570;B
20241015;134928;20769;1;2025243213693979575;B
20241015;134928;20769;1;2025243213693979580;B
20241015;135609;20767;4;2025243213693979586;B
20241015;135708;20760;1;2025243213693979587;S
20241015;135807;20760;3;2025243213693979588;S
20241015;135807;20760;4;2025243213693979589;S
20241015;135807;20760;3;2025243213693979590;S
20241015;140634;20770;8;2025243213693979591;S
20241015;140816;20777;4;2025243213693979592;B
20241015;140816;20777;6;2025243213693979593;B
20241015;140917;20770;2;2025243213693979594;S
20241015;140917;20763;3;2025243213693979595;S
20241015;141002;20776;1;2025243213693979596;S
20241015;141040;20782;1;2025243213693979597;B
20241015;141040;20782;2;2025243213693979598;B
20241015;141126;20782;1;2025243213693979599;B
20241015;141126;20783;21;2025243213693979600;B
20241015;141126;20786;12;2025243213693979601;B
20241015;141126;20789;500;2025243213693979602;B
20241015;141126;20800;1;2025243213693979603;B
20241015;141126;20800;415;2025243213693979604;B
20241015;141143;20800;1;2025243213693979605;B
20241015;141151;20788;1;2025243213693979606;S
20241015;141207;20800;4;2025243213693979607;B
20241015;141207;20809;3;2025243213693979608;B
20241015;141243;20818;1;2025243213693979609;B
20241015;141243;20818;15;2025243213693979610;B
20241015;141243;20822;12;2025243213693979611;B
20241015;141243;20824;2;2025243213693979612;B
20241015;141243;20824;45;2025243213693979613;B
20241015;141243;20825;5;2025243213693979614;B
20241015;141502;20824;9;2025243213693979615;B
20241015;141535;20804;5;2025243213693979616;S
20241015;141611;20824;3;2025243213693979617;B
20241015;141611;20824;5;2025243213693979618;B
20241015;141611;20825;22;2025243213693979619;B
20241015;141702;20800;12;2025243213693979620;S
20241015;141717;20799;2;2025243213693979621;S
20241015;141726;20799;3;2025243213693979622;B
20241015;141758;20799;3;2025243213693979623;B
20241015;141821;20799;2;2025243213693979624;B
20241015;141821;20799;3;2025243213693979625;B
20241015;142337;20780;4;2025243213693979626;S
20241015;143003;20781;12;2025243213693979627;S
20241015;143003;20780;7;2025243213693979628;S
20241015;143024;20784;39;2025243213693979629;S
20241015;143040;20782;19;2025243213693979630;S
20241015;143240;20794;1;2025243213693979631;B
20241015;143359;20795;1;2025243213693979633;B
20241015;143359;20795;2;2025243213693979638;B
20241015;143359;20795;7;2025243213693979643;B
20241015;143359;20795;20;2025243213693979648;B
20241015;143413;20797;1;2025243213693979653;B
20241015;143430;20795;10;2025243213693979657;S
20241015;143443;20797;2;2025243213693979662;B
20241015;143443;20798;12;2025243213693979663;B
20241015;143443;20798;85;2025243213693979664;B
20241015;144109;20788;2;2025243213693979665;S
20241015;144354;20799;7;2025243213693979666;B
20241015;144354;20799;4;2025243213693979667;B
20241015;144354;20800;8;2025243213693979668;B
20241015;144354;20804;1;2025243213693979669;B
20241015;144354;20805;48;2025243213693979670;B
20241015;144355;20815;1;2025243213693979671;B
20241015;144355;20820;1;2025243213693979672;B
20241015;144356;20823;2;2025243213693979673;B
20241015;144356;20823;12;2025243213693979674;B
20241015;144356;20823;2;2025243213693979675;B
20241015;144356;20824;21;2025243213693979676;B
20241015;144356;20824;1;2025243213693979677;B
20241015;144356;20825;172;2025243213693979678;B
20241015;144356;20825;1;2025243213693979679;B
20241015;144356;20828;1;2025243213693979680;B
20241015;144356;20830;200;2025243213693979681;B
20241015;144356;20830;1;2025243213693979682;B
20241015;144356;20835;1;2025243213693979683;B
20241015;144357;20839;1;2025243213693979684;B
20241015;144357;20841;38;2025243213693979689;B
20241015;144407;20806;12;2025243213693979694;S
20241015;144407;20807;2;2025243213693979695;S
20241015;144410;20838;2;2025243213693979696;B
20241015;144419;20843;12;2025243213693979697;B
20241015;144419;20844;268;2025243213693979698;B
20241015;144424;20850;5;2025243213693979699;B
20241015;144424;20850;100;2025243213693979700;B
20241015;144424;20850;5;2025243213693979701;B
20241015;144424;20850;1;2025243213693979702;B
20241015;144424;20851;1;2025243213693979703;B
20241015;144424;20855;5;2025243213693979704;B
20241015;144424;20856;5;2025243213693979709;B
20241015;144425;20857;1;2025243213693979710;B
20241015;144425;20857;3;2025243213693979711;B
20241015;144426;20848;4;2025243213693979713;S
20241015;144441;20832;4;2025243213693979714;S
20241015;144445;20830;2;2025243213693979715;B
20241015;144507;20847;2;2025243213693979716;B
20241015;144507;20848;6;2025243213693979717;B
20241015;144522;20850;2;2025243213693979718;B
20241015;144522;20860;5;2025243213693979719;B
20241015;144522;20863;1;2025243213693979720;B
20241015;144522;20863;12;2025243213693979721;B
20241015;144522;20867;1;2025243213693979722;B
20241015;144522;20880;6;2025243213693979723;B
20241015;144531;20854;10;2025243213693979724;B
20241015;144532;20861;10;2025243213693979725;S
20241015;144546;20864;50;2025243213693979726;B
20241015;144646;20861;10;2025243213693979727;B
20241015;144648;20864;3;2025243213693979728;B
20241015;144648;20864;7;2025243213693979729;B
20241015;144651;20875;2;2025243213693979730;B
20241015;144809;20863;12;2025243213693979731;S
20241015;144809;20862;8;2025243213693979732;S
20241015;144816;20863;12;2025243213693979733;S
20241015;144816;20862;33;2025243213693979734;S
20241015;144851;20862;54;2025243213693979735;S
20241015;144911;20858;1;2025243213693979736;S
20241015;144911;20858;1;2025243213693979737;S
20241015;144944;20848;1;2025243213693979739;B
20241015;145053;20836;2;2025243213693979743;S
20241015;145118;20848;1;2025243213693979745;B
20241015;145124;20848;1;2025243213693979746;B
20241015;145145;20845;1;2025243213693979747;S
20241015;145327;20848;7;2025243213693979748;B
20241015;145327;20848;1;2025243213693979749;B
20241015;145414;20860;25;2025243213693979751;B
20241015;145414;20860;16;2025243213693979752;B
20241015;145414;20866;1;2025243213693979753;B
20241015;145443;20863;12;2025243213693979758;S
20241015;145443;20862;188;2025243213693979759;S
20241015;145605;20870;1;2025243213693979760;B
20241015;145718;20853;2;2025243213693979761;B
20241015;145729;20828;1;2025243213693979762;S
20241015;145806;20847;3;2025243213693979763;B
20241015;150046;20848;1;2025243213693979764;S
20241015;150046;20848;49;2025243213693979765;S
20241015;150102;20850;1;2025243213693979767;B
20241015;150120;20845;15;2025243213693979771;S
20241015;150147;20850;4;2025243213693979772;B
20241015;150147;20850;200;2025243213693979773;B
20241015;150155;20854;5;2025243213693979774;B
20241015;150208;20857;10;2025243213693979775;B
20241015;150305;20877;12;2025243213693979776;B
20241015;150336;20878;4;2025243213693979777;B
20241015;150359;20878;67;2025243213693979778;S
20241015;150457;20863;1;2025243213693979779;B
20241015;150514;20873;1;2025243213693979780;B
20241015;150537;20872;1;2025243213693979782;B
20241015;150547;20871;2;2025243213693979786;B
20241015;150707;20879;2;2025243213693979787;B
20241015;150843;20880;5;2025243213693979788;B
20241015;150941;20863;5;2025243213693979789;S
20241015;151125;20864;1;2025243213693979790;S
20241015;151202;20880;10;2025243213693979791;B
20241015;151238;20866;2;2025243213693979792;S
20241015;151304;20880;18;2025243213693979793;B
20241015;151311;20874;12;2025243213693979794;S
20241015;151311;20873;38;2025243213693979795;S
20241015;151349;20880;2;2025243213693979796;B
20241015;151452;20875;4;2025243213693979797;S
20241015;151452;20874;496;2025243213693979798;S
20241015;152012;20879;1;2025243213693979799;B
20241015;152254;20876;12;2025243213693979800;S
20241015;152254;20876;4;2025243213693979801;S
20241015;152409;20863;10;2025243213693979802;S
20241015;152427;20863;4;2025243213693979803;S
20241015;152606;20863;3;2025243213693979805;S
20241015;152609;20863;5;2025243213693979806;S
20241015;152646;20865;1;2025243213693979807;B
20241015;153024;20869;2;2025243213693979812;B
20241015;153026;20870;1;2025243213693979817;B
20241015;153029;20872;1;2025243213693979822;B
20241015;153110;20865;20;2025243213693979827;S
20241015;153111;20863;2;2025243213693979828;S
20241015;153111;20862;3;2025243213693979829;S
20241015;153112;20856;12;2025243213693979830;S
20241015;153114;20852;1;2025243213693979831;S
20241015;153114;20847;1;2025243213693979836;S
20241015;153114;20843;37;2025243213693979841;S
20241015;153114;20842;1;2025243213693979846;S
20241015;153142;20843;12;2025243213693979852;S
20241015;153220;20843;500;2025243213693979853;S
20241015;153304;20837;12;2025243213693979854;S
20241015;153304;20836;127;2025243213693979855;S
20241015;153312;20836;15;2025243213693979856;S
20241015;153345;20854;4;2025243213693979857;B
20241015;153345;20855;16;2025243213693979858;B
20241015;153350;20833;5;2025243213693979859;S
20241015;153352;20833;3;2025243213693979860;S
20241015;153853;20843;12;2025243213693979861;B
20241015;153911;20843;12;2025243213693979862;B
20241015;154124;20842;1;2025243213693979863;S
20241015;154355;20835;1;2025243213693979864;S
20241015;154408;20833;58;2025243213693979865;S
20241015;154408;20833;1;2025243213693979866;S
20241015;154509;20827;2;2025243213693979868;S
20241015;154723;20825;2;2025243213693979869;S
20241015;154723;20822;9;2025243213693979870;S
20241015;154723;20821;1;2025243213693979875;S
20241015;154723;20820;1;2025243213693979880;S
20241015;154916;20822;4;2025243213693979888;S
20241015;154916;20821;46;2025243213693979894;S
20241015;154916;20821;1;2025243213693979899;S
20241015;154916;20821;1;2025243213693979904;S
20241015;154916;20821;1;2025243213693979909;S
20241015;154916;20821;1;2025243213693979914;S
20241015;154916;20821;1;2025243213693979919;S
20241015;155243;20811;1;2025243213693979923;S
20241015;155302;20810;2;2025243213693979924;S
20241015;155349;20809;12;2025243213693979925;B
20241015;155349;20810;2;2025243213693979926;B
20241015;155349;20810;4;2025243213693979927;S
20241015;155631;20813;12;2025243213693979928;B
20241015;155635;20813;12;2025243213693979929;B
20241015;155806;20815;11;2025243213693979930;S
20241015;155906;20825;1;2025243213693979931;B
20241015;155906;20826;12;2025243213693979936;B
20241015;155907;20827;2;2025243213693979937;B
20241015;155908;20830;1;2025243213693979938;B
20241015;155924;20834;20;2025243213693979943;B
20241015;155924;20834;12;2025243213693979948;B
20241015;155926;20834;12;2025243213693979949;B
20241015;155926;20835;1;2025243213693979950;B
20241015;160005;20840;1;2025243213693979951;B
20241015;160029;20842;1;2025243213693979952;S
20241015;160102;20844;12;2025243213693979953;B
20241015;160102;20845;1;2025243213693979954;B
20241015;160106;20850;1;2025243213693979955;B
20241015;160106;20851;5;2025243213693979956;B
20241015;160106;20860;1;2025243213693979957;B
20241015;160106;20860;12;2025243213693979958;B
20241015;160106;20865;1;2025243213693979959;B
20241015;160106;20867;4;2025243213693979964;B
20241015;160106;20870;10;2025243213693979969;B
20241015;160106;20870;1;2025243213693979974;B
20241015;160106;20873;1;2025243213693979979;B
20241015;160106;20875;21;2025243213693979984;B
20241015;160106;20875;5;2025243213693979985;B
20241015;160106;20875;5;2025243213693979990;B
20241015;160106;20875;5;2025243213693979995;B
20241015;160106;20875;6;2025243213693980000;B
20241015;160106;20875;111;2025243213693980005;B
20241015;160141;20875;1;2025243213693980006;B
20241015;160141;20876;18;2025243213693980007;B
20241015;160244;20874;15;2025243213693980008;B
20241015;160315;20869;10;2025243213693980009;B
20241015;160517;20876;15;2025243213693980010;B
20241015;160738;20876;9;2025243213693980011;B
20241015;160738;20879;30;2025243213693980012;B
20241015;160738;20880;2;2025243213693980013;B
20241015;160738;20880;1;2025243213693980014;B
20241015;160738;20880;8;2025243213693980015;B
20241015;160753;20880;10;2025243213693980016;B
20241015;160834;20869;10;2025243213693980017;S
20241015;160837;20870;3;2025243213693980018;B
20241015;160841;20869;2;2025243213693980019;S
20241015;160841;20869;8;2025243213693980020;S
20241015;160850;20869;10;2025243213693980021;S
20241015;160902;20869;4;2025243213693980022;S
20241015;160902;20869;6;2025243213693980023;S
20241015;160903;20870;7;2025243213693980024;B
20241015;161001;20876;4;2025243213693980025;S
20241015;161001;20876;11;2025243213693980026;S
20241015;161259;20864;3;2025243213693980028;S
20241015;161441;20880;500;2025243213693980029;B
20241015;161458;20880;482;2025243213693980030;B
20241015;161458;20880;4;2025243213693980031;B
20241015;161458;20880;1;2025243213693980036;B
20241015;161458;20880;1;2025243213693980037;B
20241015;161605;20880;300;2025243213693980042;S
20241015;161615;20878;1;2025243213693980046;S
20241015;161621;20879;200;2025243213693980050;B
20241015;161636;20882;1;2025243213693980051;B
20241015;161636;20882;1;2025243213693980052;B
20241015;161636;20882;1;2025243213693980053;B
20241015;161636;20885;10;2025243213693980054;B
20241015;161636;20887;2;2025243213693980055;B
20241015;161725;20887;1;2025243213693980061;S
20241015;161727;20884;25;2025243213693980065;S
20241015;161735;20880;10;2025243213693980066;S
20241015;161913;20887;1;2025243213693980067;B
20241015;161920;20897;1;2025243213693980072;B
20241015;161920;20899;5;2025243213693980073;B
20241015;161922;20900;1;2025243213693980074;B
20241015;161922;20900;10;2025243213693980075;B
20241015;161922;20900;25;2025243213693980076;B
20241015;161922;20900;2;2025243213693980077;B
20241015;161922;20900;5;2025243213693980078;B
20241015;161922;20900;110;2025243213693980079;B
20241015;161922;20900;1;2025243213693980080;B
20241015;161922;20900;10;2025243213693980081;B
20241015;161923;20905;1;2025243213693980082;S
20241015;162058;20911;4;2025243213693980083;B
20241015;162058;20912;1;2025243213693980084;B
20241015;162058;20915;1;2025243213693980085;B
20241015;162058;20918;4;2025243213693980086;B
20241015;162145;20904;55;2025243213693980087;B
20241015;162403;20901;20;2025243213693980088;S
20241015;162408;20899;1;2025243213693980090;S
20241015;162408;20899;1;2025243213693980095;S
20241015;162408;20899;3;2025243213693980100;S
20241015;162432;20899;5;2025243213693980104;S
20241015;162849;20899;25;2025243213693980105;S
20241015;162857;20900;4;2025243213693980106;S
20241015;162857;20899;6;2025243213693980107;S
20241015;162911;20903;10;2025243213693980108;B
20241015;163001;20900;1;2025243213693980109;S
20241015;163001;20899;169;2025243213693980110;S
20241015;163017;20901;1;2025243213693980112;S
20241015;163018;20904;5;2025243213693980116;B
20241015;163029;20904;2;2025243213693980117;S
20241015;163047;20916;1;2025243213693980118;B
20241015;163104;20900;12;2025243213693980123;S
20241015;163105;20900;12;2025243213693980124;S
20241015;163105;20899;39;2025243213693980125;S
20241015;163212;20885;10;2025243213693980126;S
20241015;163355;20874;1;2025243213693980127;B
20241015;163438;20853;10;2025243213693980128;S
20241015;163530;20859;12;2025243213693980129;B
20241015;163535;20859;5;2025243213693980130;B
20241015;163549;20860;12;2025243213693980131;B
20241015;163549;20861;4;2025243213693980132;B
20241015;163549;20863;1;2025243213693980133;B
20241015;163549;20863;3;2025243213693980134;S
20241015;163551;20864;12;2025243213693980135;S
20241015;163551;20865;1;2025243213693980136;S
20241015;163551;20863;4;2025243213693980137;S
20241015;163625;20859;1;2025243213693980138;B
20241015;163632;20867;1;2025243213693980139;S
20241015;163659;20877;1;2025243213693980140;B
20241015;163659;20878;9;2025243213693980141;B
20241015;163810;20855;2;2025243213693980142;B
20241015;163833;20856;3;2025243213693980143;B
20241015;163842;20850;2;2025243213693980144;S
20241015;163842;20850;5;2025243213693980145;S
20241015;163842;20850;1;2025243213693980146;S
20241015;163857;20845;4;2025243213693980147;S
20241015;164033;20835;1;2025243213693980149;S
20241015;164059;20832;3;2025243213693980155;S
20241015;164210;20832;12;2025243213693980159;B
20241015;164222;20832;12;2025243213693980160;B
20241015;164230;20815;1;2025243213693980172;S
20241015;164230;20815;5;2025243213693980177;S
20241015;164230;20815;1;2025243213693980183;S
20241015;164230;20815;5;2025243213693980189;S
20241015;164230;20815;1;2025243213693980194;S
20241015;164230;20815;10;2025243213693980199;S
20241015;164230;20815;1;2025243213693980204;S
20241015;164230;20815;1;2025243213693980209;S
20241015;164230;20815;1;2025243213693980214;S
20241015;164340;20811;21;2025243213693980220;S
20241015;164352;20811;6;2025243213693980221;B
20241015;164352;20816;7;2025243213693980222;S
20241015;164414;20824;1;2025243213693980223;B
20241015;164423;20856;4;2025243213693980224;B
20241015;164742;20830;75;2025243213693980225;S
20241015;164742;20830;30;2025243213693980226;S
20241015;164756;20828;1;2025243213693980227;B
20241015;164820;20844;1;2025243213693980228;B
20241015;164836;20844;1;2025243213693980229;B
20241015;165048;20852;101;2025243213693980230;S
20241015;165113;20861;1;2025243213693980231;B
20241015;165512;20875;1;2025243213693980232;B
20241015;165538;20869;1;2025243213693980233;S
20241015;165852;20838;1;2025243213693980234;S
20241015;170110;20855;500;2025243213693980235;S
20241015;170754;20875;10;2025243213693980236;B
20241015;170911;20877;1;2025243213693980237;B
20241015;170911;20883;8;2025243213693980238;B
20241015;171022;20881;12;2025243213693980239;S
20241015;171022;20881;500;2025243213693980240;S
20241015;171022;20880;4;2025243213693980241;S
20241015;171022;20875;484;2025243213693980242;S
20241015;171240;20876;12;2025243213693980243;S
20241015;171240;20875;56;2025243213693980244;S
20241015;171240;20872;932;2025243213693980245;S
20241015;171327;20879;2;2025243213693980246;B
20241015;171411;20871;8;2025243213693980247;B
20241015;171543;20865;1;2025243213693980248;S
20241015;171724;20850;2;2025243213693980249;S
20241015;171724;20847;5;2025243213693980250;S
20241015;171728;20856;1;2025243213693980252;S
20241015;171728;20847;3;2025243213693980257;S
20241015;171947;20867;10;2025243213693980261;B
20241015;172025;20889;1;2025243213693980262;B
20241015;172131;20858;2;2025243213693980263;S
20241015;172259;20864;100;2025243213693980264;S
20241015;172321;20838;2;2025243213693980265;S
20241015;172323;20832;12;2025243213693980266;B
20241015;172323;20833;38;2025243213693980267;B
20241015;172331;20821;1;2025243213693980268;S
20241015;172331;20817;1;2025243213693980273;S
20241015;172331;20817;5;2025243213693980278;S
20241015;172331;20816;13;2025243213693980279;S
20241015;172331;20813;37;2025243213693980284;S
20241015;172331;20812;1;2025243213693980289;S
20241015;172331;20812;12;2025243213693980294;S
20241015;172625;20840;200;2025243213693980295;S
20241015;172648;20830;5;2025243213693980296;B
20241015;172721;20810;2;2025243213693980297;S
20241015;172853;20810;80;2025243213693980298;S
20241015;172853;20810;2;2025243213693980299;S
20241015;172926;20803;12;2025243213693980300;B
20241015;172926;20803;3;2025243213693980301;B
20241015;172932;20800;5;2025243213693980302;S
20241015;172932;20800;5;2025243213693980303;S
20241015;172932;20800;1;2025243213693980304;S
20241015;172932;20800;1;2025243213693980305;S
20241015;172933;20795;1;2025243213693980306;B
20241015;172934;20795;9;2025243213693980307;B
20241015;173003;20793;4;2025243213693980308;S
20241015;173003;20789;2;2025243213693980309;S
20241015;173003;20789;1;2025243213693980314;S
20241015;173023;20783;1;2025243213693980319;S
20241015;173023;20783;1;2025243213693980324;S
20241015;173023;20783;1;2025243213693980329;S
20241015;173023;20783;1;2025243213693980334;S
20241015;173023;20783;1;2025243213693980339;S
20241015;173023;20783;1;2025243213693980344;S
20241015;173023;20783;1;2025243213693980349;S
20241015;173023;20783;1;2025243213693980354;S
20241015;173023;20783;1;2025243213693980359;S
20241015;173023;20783;1;2025243213693980364;S
20241015;173040;20781;22;2025243213693980369;S
20241015;173046;20780;1;2025243213693980370;S
20241015;173048;20777;500;2025243213693980371;S
20241015;173200;20785;30;2025243213693980372;S
20241015;173223;20808;12;2025243213693980373;B
20241015;173223;20809;8;2025243213693980374;B
20241015;173249;20793;2;2025243213693980375;B
20241015;173252;20780;2;2025243213693980376;S
20241015;173252;20768;12;2025243213693980377;S
20241015;173252;20764;1;2025243213693980378;S
20241015;173252;20761;21;2025243213693980379;S
20241015;173252;20759;64;2025243213693980380;S
20241015;173304;20756;100;2025243213693980381;S
20241015;173323;20768;5;2025243213693980382;B
20241015;173331;20763;2;2025243213693980383;B
20241015;173405;20763;12;2025243213693980384;S
20241015;173405;20751;10;2025243213693980385;S
20241015;173405;20750;5;2025243213693980386;S
20241015;173405;20750;273;2025243213693980387;S
20241015;173425;20750;27;2025243213693980388;S
20241015;173425;20746;23;2025243213693980389;S
20241015;173435;20742;2;2025243213693980390;S
20241015;173452;20749;12;2025243213693980391;B
20241015;173452;20750;38;2025243213693980392;B
20241015;173506;20742;1;2025243213693980394;S
20241015;173506;20742;4;2025243213693980399;S
20241015;173506;20742;1;2025243213693980404;S
20241015;173506;20742;4;2025243213693980409;S
20241015;173506;20741;4;2025243213693980414;S
20241015;173506;20740;5;2025243213693980419;S
20241015;173506;20740;5;2025243213693980424;S
20241015;173506;20731;32;2025243213693980430;S
20241015;173506;20731;1;2025243213693980435;S
20241015;173506;20731;1;2025243213693980441;S
20241015;173506;20731;1;2025243213693980446;S
20241015;173506;20731;1;2025243213693980451;S
20241015;173506;20731;1;2025243213693980456;S
20241015;173506;20731;30;2025243213693980461;S
20241015;173506;20731;1;2025243213693980466;S
20241015;173506;20731;6;2025243213693980471;S
20241015;173507;20741;1;2025243213693980476;B
20241015;173507;20741;1;2025243213693980481;B
20241015;173507;20741;8;2025243213693980486;B
20241015;173521;20736;78;2025243213693980490;S
20241015;173539;20738;100;2025243213693980491;B
20241015;173608;20742;18;2025243213693980492;B
20241015;173610;20727;2;2025243213693980493;S
20241015;173610;20725;12;2025243213693980494;S
20241015;173610;20722;25;2025243213693980495;S
20241015;173610;20722;11;2025243213693980496;S
20241015;173616;20741;12;2025243213693980498;B
20241015;173646;20741;4;2025243213693980502;S
20241015;173722;20741;3;2025243213693980507;S
20241015;173722;20739;1;2025243213693980512;S
20241015;173754;20727;2;2025243213693980517;B
20241015;173804;20725;2;2025243213693980518;S
20241015;173826;20724;2;2025243213693980519;S
20241015;173826;20724;12;2025243213693980520;S
20241015;173847;20724;12;2025243213693980521;B
20241015;173847;20725;98;2025243213693980522;B
20241015;174003;20724;12;2025243213693980523;S
20241015;174003;20723;1;2025243213693980524;S
20241015;174009;20723;9;2025243213693980525;S
20241015;174009;20721;12;2025243213693980526;S
20241015;174009;20720;100;2025243213693980527;S
20241015;174010;20714;1;2025243213693980528;S
20241015;174010;20712;5;2025243213693980533;S
20241015;174010;20710;1;2025243213693980538;S
20241015;174010;20710;2;2025243213693980543;S
20241015;174013;20737;12;2025243213693980548;B
20241015;174013;20738;28;2025243213693980549;B
20241015;174050;20710;3;2025243213693980551;S
20241015;174050;20707;5;2025243213693980556;S
20241015;174058;20708;6;2025243213693980557;S
20241015;174059;20707;3;2025243213693980558;S
20241015;174118;20700;1;2025243213693980561;S
20241015;174118;20700;1;2025243213693980566;S
20241015;174145;20701;12;2025243213693980570;S
20241015;174145;20700;5;2025243213693980571;S
20241015;174150;20701;12;2025243213693980572;S
20241015;174150;20700;3;2025243213693980573;S
20241015;174150;20700;9;2025243213693980574;S
20241015;174150;20700;3;2025243213693980575;S
20241015;174150;20700;5;2025243213693980576;S
20241015;174150;20700;1;2025243213693980577;S
20241015;174150;20700;1;2025243213693980578;S
20241015;174150;20689;27;2025243213693980579;S
20241015;174204;20707;17;2025243213693980580;B
20241015;174350;20710;1;2025243213693980581;S
20241015;174355;20710;20;2025243213693980582;S
20241015;174355;20710;12;2025243213693980583;S
20241015;174401;20706;1;2025243213693980585;S
20241015;174401;20706;3;2025243213693980590;S
20241015;174405;20716;1;2025243213693980594;S
20241015;174405;20716;33;2025243213693980595;S
20241015;174406;20713;118;2025243213693980596;S
20241015;174408;20733;1;2025243213693980597;B
20241015;174421;20741;12;2025243213693980598;B
20241015;174421;20742;2;2025243213693980599;B
20241015;174421;20742;6;2025243213693980600;B
20241015;174436;20730;25;2025243213693980601;B
20241015;174527;20708;10;2025243213693980602;S
20241015;174527;20705;12;2025243213693980603;S
20241015;174527;20700;6;2025243213693980604;S
20241015;174549;20732;1;2025243213693980605;S
20241015;174552;20734;1;2025243213693980606;S
20241015;174657;20735;1;2025243213693980607;S
20241015;174701;20741;1;2025243213693980608;S
20241015;174856;20741;5;2025243213693980609;S
20241015;174907;20746;4;2025243213693980610;B
20241015;174907;20747;6;2025243213693980611;B
20241015;174918;20741;10;2025243213693980612;S
20241015;174927;20742;3;2025243213693980613;S
20241015;174927;20741;27;2025243213693980614;S
20241015;174945;20741;30;2025243213693980615;S
20241015;174949;20751;12;2025243213693980616;B
20241015;174949;20752;388;2025243213693980617;B
20241015;175017;20750;1;2025243213693980619;B
20241015;175017;20750;1;2025243213693980624;B
20241015;175017;20750;8;2025243213693980629;B
20241015;175017;20757;12;2025243213693980635;B
20241015;175017;20746;64;2025243213693980639;S
20241015;175018;20763;3;2025243213693980641;B
20241015;175018;20764;7;2025243213693980647;B
20241015;175035;20746;12;2025243213693980651;S
20241015;175035;20746;28;2025243213693980652;S
20241015;175051;20764;1;2025243213693980653;B
20241015;175101;20764;2;2025243213693980654;B
20241015;175101;20765;2;2025243213693980655;B
20241015;175123;20773;1;2025243213693980656;B
20241015;175140;20773;1;2025243213693980657;B
20241015;175150;20773;1;2025243213693980658;B
20241015;175204;20773;1;2025243213693980659;B
20241015;175224;20761;1;2025243213693980660;S
20241015;175224;20761;100;2025243213693980661;S
20241015;175254;20773;1;2025243213693980662;B
20241015;175319;20773;1;2025243213693980663;B
20241015;175333;20765;2;2025243213693980664;S
20241015;175339;20767;10;2025243213693980665;S
20241015;175340;20770;1;2025243213693980666;B
20241015;175404;20770;1;2025243213693980667;B
20241015;175413;20773;1;2025243213693980668;B
20241015;175500;20757;12;2025243213693980669;S
20241015;175506;20772;1;2025243213693980670;B
20241015;175657;20765;5;2025243213693980671;B
20241015;175735;20773;1;2025243213693980672;B
20241015;175846;20768;2;2025243213693980673;B
20241015;175847;20765;1;2025243213693980674;S
20241015;175847;20763;50;2025243213693980675;S
20241015;175953;20763;10;2025243213693980676;S
20241015;180002;20752;1;2025243213693980677;S
20241015;180028;20749;50;2025243213693980681;S
20241015;180033;20768;1;2025243213693980682;B
20241015;180040;20741;8;2025243213693980683;S
20241015;180040;20741;2;2025243213693980684;S
20241015;180100;20734;2;2025243213693980685;S
20241015;180100;20729;3;2025243213693980686;S
20241015;180109;20729;1;2025243213693980687;S
20241015;180109;20724;1;2025243213693980688;S
20241015;180109;20721;12;2025243213693980693;S
20241015;180109;20719;1;2025243213693980694;S
20241015;180109;20715;38;2025243213693980699;S
20241015;180109;20715;1;2025243213693980700;S
20241015;180109;20714;40;2025243213693980705;S
20241015;180109;20714;2;2025243213693980710;S
20241015;180109;20708;175;2025243213693980715;S
20241015;180112;20764;12;2025243213693980718;B
20241015;180112;20765;14;2025243213693980723;B
20241015;180422;20747;30;2025243213693980727;S
20241015;180813;20751;2;2025243213693980729;S
20241015;180816;20749;7;2025243213693980730;S
20241015;180841;20744;14;2025243213693980731;S
20241015;180858;20759;3;2025243213693980732;B
20241015;180926;20732;3;2025243213693980733;S
20241015;180926;20730;2;2025243213693980734;S
20241015;181031;20714;3;2025243213693980735;S
20241015;181235;20715;1;2025243213693980737;S
20241015;181331;20710;12;2025243213693980738;S
20241015;181331;20709;1;2025243213693980739;S
20241015;181331;20708;35;2025243213693980740;S
20241015;181331;20707;3;2025243213693980741;S
20241015;181418;20707;2;2025243213693980742;S
20241015;181429;20706;50;2025243213693980743;S
20241015;181745;20718;9;2025243213693980745;B
20241015;181745;20718;3;2025243213693980750;B
20241015;181821;20719;12;2025243213693980754;S
20241015;181832;20706;1;2025243213693980755;S
20241015;181840;20706;1;2025243213693980756;S
20241015;181841;20706;1;2025243213693980757;S
20241015;182004;20706;3;2025243213693980758;S
20241015;182015;20700;2;2025243213693980759;S
20241015;182032;20700;10;2025243213693980760;B
20241015;182034;20690;1;2025243213693980761;S
20241015;182034;20689;23;2025243213693980762;S
20241015;182034;20689;4;2025243213693980763;S
20241015;182034;20688;4;2025243213693980764;S
20241015;182034;20688;1;2025243213693980765;S
20241015;182034;20684;1;2025243213693980770;S
20241015;182034;20684;1;2025243213693980771;S
20241015;182034;20684;10;2025243213693980776;S
20241015;182035;20689;5;2025243213693980777;S
20241015;182035;20689;1;2025243213693980778;S
20241015;182035;20685;3;2025243213693980779;S
20241015;182035;20681;1;2025243213693980780;S
20241015;182045;20681;45;2025243213693980781;S
20241015;182216;20682;12;2025243213693980782;S
20241015;182232;20682;12;2025243213693980783;B
20241015;182244;20682;6;2025243213693980784;S
20241015;182244;20681;54;2025243213693980785;S
20241015;182315;20681;2;2025243213693980786;S
20241015;182315;20681;5;2025243213693980787;S
20241015;182315;20680;1;2025243213693980788;S
20241015;182315;20680;3;2025243213693980793;S
20241015;182315;20679;3;2025243213693980798;S
20241015;182318;20678;3;2025243213693980803;B
20241015;182337;20672;1;2025243213693980804;S
20241015;182337;20670;20;2025243213693980805;S
20241015;182337;20669;1;2025243213693980806;S
20241015;182413;20660;50;2025243213693980811;S
20241015;182413;20660;2;2025243213693980812;S
20241015;182438;20654;1;2025243213693980813;B
20241015;182502;20654;2;2025243213693980814;B
20241015;182502;20654;12;2025243213693980815;B
20241015;182502;20661;186;2025243213693980816;B
20241015;182516;20653;1;2025243213693980818;S
20241015;183115;20682;4;2025243213693980822;S
20241015;183219;20700;2;2025243213693980823;B
20241015;183224;20698;10;2025243213693980824;S
20241015;183235;20700;8;2025243213693980825;B
20241015;183501;20700;10;2025243213693980826;B
20241015;183501;20700;41;2025243213693980827;B
20241015;183644;20700;10;2025243213693980828;S
20241015;183647;20701;1;2025243213693980829;B
20241015;183647;20701;12;2025243213693980830;B
20241015;183701;20710;1;2025243213693980832;S
20241015;183739;20710;1;2025243213693980836;S
20241015;183817;20713;5;2025243213693980837;B
20241015;183827;20714;3;2025243213693980838;B
20241015;183835;20710;1;2025243213693980839;S
20241015;183838;20713;12;2025243213693980840;B
20241015;183838;20713;388;2025243213693980841;B
20241015;183959;20710;84;2025243213693980842;S
20241015;184008;20700;30;2025243213693980843;S
20241015;184008;20700;40;2025243213693980844;S
20241015;184008;20698;10;2025243213693980845;S
20241015;184008;20688;12;2025243213693980846;S
20241015;184008;20680;127;2025243213693980847;S
20241015;184141;20678;12;2025243213693980848;B
20241015;184141;20679;53;2025243213693980849;B
20241015;184158;20678;1;2025243213693980850;B
20241015;184242;20674;1;2025243213693980852;B
20241015;184512;20684;200;2025243213693980856;B
20241015;184513;20680;2;2025243213693980857;S
20241015;184513;20678;18;2025243213693980858;S
20241015;184705;20691;12;2025243213693980859;B
20241015;184705;20692;10;2025243213693980860;B
20241015;184834;20678;382;2025243213693980861;S
20241015;190530;20673;1;2025243217988943873;S
20241015;190530;20672;1;2025243217988943874;S
20241015;190530;20668;1;2025243217988943879;S
20241015;190530;20664;1;2025243217988943884;S
20241015;190530;20662;10;2025243217988943889;S
20241015;190530;20660;1;2025243217988943894;S
20241015;190530;20660;1;2025243217988943899;S
20241015;190530;20656;1;2025243217988943900;S
20241015;190530;20663;25;2025243217988943905;S
20241015;190647;20652;10;2025243217988943907;B
20241015;190658;20650;1;2025243217988943908;S
20241015;190658;20650;1;2025243217988943909;S
20241015;190658;20650;5;2025243217988943910;S
20241015;190658;20650;3;2025243217988943911;S
20241015;190729;20652;2;2025243217988943912;B
20241015;190759;20652;8;2025243217988943913;S
20241015;190759;20650;2;2025243217988943914;S
20241015;190814;20656;12;2025243217988943915;B
20241015;190846;20657;10;2025243217988943916;B
20241015;190903;20668;12;2025243217988943917;B
20241015;190903;20669;3;2025243217988943918;B
20241015;190903;20670;5;2025243217988943919;B
20241015;191111;20652;12;2025243217988943920;S
20241015;191111;20651;1;2025243217988943921;S
20241015;191111;20650;2;2025243217988943922;S
20241015;191111;20650;2;2025243217988943923;S
20241015;191111;20650;20;2025243217988943924;S
20241015;191111;20650;10;2025243217988943925;S
20241015;191111;20650;2;2025243217988943926;S
20241015;191111;20645;1;2025243217988943927;S
20241015;191111;20646;3;2025243217988943928;S
20241015;191111;20646;5;2025243217988943929;S
20241015;191209;20665;10;2025243217988943930;B
20241015;191222;20645;9;2025243217988943931;S
20241015;191222;20645;1;2025243217988943932;S
20241015;191235;20645;91;2025243217988943933;S
20241015;191242;20646;5;2025243217988943934;S
20241015;191242;20645;6;2025243217988943939;S
20241015;191242;20663;2;2025243217988943940;B
20241015;191256;20646;11;2025243217988943941;S
20241015;191309;20646;1;2025243217988943942;S
20241015;191311;20664;3;2025243217988943943;B
20241015;191339;20664;1;2025243217988943944;B
20241015;191357;20670;100;2025243217988943945;B
20241015;191540;20653;10;2025243217988943946;B
20241015;191633;20649;3;2025243217988943947;S
20241015;191639;20648;12;2025243217988943948;S
20241015;191641;20645;152;2025243217988943949;S
20241015;191641;20645;10;2025243217988943950;S
20241015;191738;20637;4;2025243217988943951;S
20241015;191738;20637;10;2025243217988943952;S
20241015;191739;20633;1;2025243217988943953;S
20241015;191739;20633;4;2025243217988943954;S
20241015;191807;20633;10;2025243217988943955;S
20241015;191820;20636;10;2025243217988943956;S
20241015;191911;20647;50;2025243217988943957;B
20241015;191923;20661;3;2025243217988943958;B
20241015;191945;20661;1;2025243217988943959;S
20241015;191946;20661;39;2025243217988943960;S
20241015;192010;20662;40;2025243217988943961;B
20241015;192010;20662;3;2025243217988943962;S
20241015;192019;20661;157;2025243217988943963;S
20241015;192133;20644;1;2025243217988943965;S
20241015;192133;20644;1;2025243217988943970;S
20241015;192216;20646;38;2025243217988943974;S
20241015;192310;20643;3;2025243217988943975;B
20241015;192310;20645;7;2025243217988943976;B
20241015;192336;20635;14;2025243217988943977;S
20241015;192336;20635;2;2025243217988943978;S
20241015;192336;20635;10;2025243217988943979;S
20241015;192336;20634;3;2025243217988943980;S
20241015;192336;20633;40;2025243217988943981;S
20241015;192336;20633;1;2025243217988943982;S
20241015;192336;20633;80;2025243217988943983;S
20241015;192343;20635;3;2025243217988943984;B
20241015;192343;20635;7;2025243217988943985;B
20241015;192353;20635;50;2025243217988943986;S
20241015;192353;20634;3;2025243217988943987;S
20241015;192353;20633;20;2025243217988943988;S
20241015;192353;20630;1;2025243217988943989;S
20241015;192353;20630;12;2025243217988943990;S
20241015;192353;20618;1;2025243217988943991;S
20241015;192353;20616;333;2025243217988943996;S
20241015;192406;20626;1;2025243217988943997;S
20241015;192427;20625;1;2025243217988943998;S
20241015;192444;20626;1;2025243217988944000;S
20241015;192444;20626;1;2025243217988944005;S
20241015;192534;20629;2;2025243217988944009;S
20241015;192538;20643;3;2025243217988944010;B
20241015;192538;20643;7;2025243217988944011;B
20241015;192838;20628;1;2025243217988944012;S
20241015;192838;20628;2;2025243217988944013;S
20241015;192844;20628;8;2025243217988944014;S
20241015;192844;20625;7;2025243217988944015;S
20241015;192844;20625;10;2025243217988944016;S
20241015;192844;20622;2;2025243217988944017;S
20241015;192844;20621;2;2025243217988944018;S
20241015;192844;20619;12;2025243217988944019;S
20241015;192844;20616;1;2025243217988944020;S
20241015;192844;20612;1;2025243217988944021;S
