<DATE>;<TIME>;<LAST>;<VOL>;<ID>;<OPER>
20241016;095905;13848;1;1896046203678754986;S
20241016;095905;13848;1;1896046203678754987;B
20241016;095905;13848;1;1896046203678754988;B
20241016;095905;13848;1;1896046203678754989;B
20241016;095905;13848;1;1896046203678754990;B
20241016;095905;13848;1;1896046203678754991;B
20241016;095905;13848;10;1896046203678754992;S
20241016;095905;13848;4;1896046203678754993;S
20241016;095905;13848;21;1896046203678754994;S
20241016;095905;13848;1;1896046203678754995;S
20241016;095905;13848;3;1896046203678754996;S
20241016;095905;13848;3;1896046203678754997;S
20241016;095905;13848;2;1896046203678754998;S
20241016;095905;13848;10;1896046203678754999;B
20241016;095905;13849;1;1896046203678755000;S
20241016;095905;13849;1;1896046203678755005;S
20241016;095905;13848;1;1896046203678755010;S
20241016;095905;13848;1;1896046203678755015;S
20241016;100000;13848;1;1896046203678755021;B
20241016;100000;13848;36;1896046203678755022;B
20241016;100001;13847;3;1896046203678755023;S
20241016;100001;13847;2;1896046203678755024;S
20241016;100001;13847;1;1896046203678755025;S
20241016;100001;13847;9;1896046203678755030;S
20241016;100001;13848;2;1896046203678755031;B
20241016;100001;13848;2;1896046203678755032;B
20241016;100001;13848;1;1896046203678755033;B
20241016;100001;13848;1;1896046203678755034;B
20241016;100002;13848;40;1896046203678755035;B
20241016;100002;13847;2;1896046203678755036;S
20241016;100002;13847;6;1896046203678755037;S
20241016;100002;13847;4;1896046203678755038;S
20241016;100002;13847;2;1896046203678755039;S
20241016;100003;13848;2;1896046203678755040;B
20241016;100003;13848;2;1896046203678755041;B
20241016;100003;13847;4;1896046203678755042;S
20241016;100003;13847;2;1896046203678755043;S
20241016;100003;13847;8;1896046203678755044;S
20241016;100003;13848;1;1896046203678755045;B
20241016;100004;13848;2;1896046203678755046;B
20241016;100004;13848;5;1896046203678755047;B
20241016;100004;13848;4;1896046203678755048;B
20241016;100004;13847;1;1896046203678755049;S
20241016;100004;13848;2;1896046203678755050;B
20241016;100004;13848;8;1896046203678755051;B
20241016;100004;13848;4;1896046203678755052;B
20241016;100004;13848;3;1896046203678755053;B
20241016;100004;13853;2;1896046203678755054;B
20241016;100004;13854;3;1896046203678755055;B
20241016;100004;13862;3;1896046203678755056;B
20241016;100005;13864;4;1896046203678755057;B
20241016;100005;13865;1;1896046203678755058;B
20241016;100005;13865;2;1896046203678755059;S
20241016;100005;13869;5;1896046203678755060;B
20241016;100007;13870;5;1896046203678755061;B
20241016;100007;13869;2;1896046203678755062;S
20241016;100007;13869;2;1896046203678755063;S
20241016;100007;13869;2;1896046203678755064;S
20241016;100007;13869;2;1896046203678755065;S
20241016;100008;13869;2;1896046203678755066;S
20241016;100008;13869;2;1896046203678755067;S
20241016;100008;13869;2;1896046203678755068;S
20241016;100008;13869;3;1896046203678755069;S
20241016;100008;13869;11;1896046203678755070;S
20241016;100009;13869;1;1896046203678755071;B
20241016;100010;13868;2;1896046203678755072;S
20241016;100010;13868;2;1896046203678755073;S
20241016;100010;13868;2;1896046203678755074;S
20241016;100010;13868;2;1896046203678755075;S
20241016;100010;13868;2;1896046203678755076;S
20241016;100010;13868;2;1896046203678755077;S
20241016;100011;13869;1;1896046203678755078;B
20241016;100011;13869;2;1896046203678755079;B
20241016;100011;13870;2;1896046203678755080;B
20241016;100011;13868;2;1896046203678755081;S
20241016;100011;13869;2;1896046203678755082;B
20241016;100011;13869;2;1896046203678755083;B
20241016;100011;13870;2;1896046203678755084;B
20241016;100011;13869;2;1896046203678755085;B
20241016;100011;13870;1;1896046203678755086;B
20241016;100011;13868;2;1896046203678755087;S
20241016;100011;13870;2;1896046203678755088;B
20241016;100011;13870;2;1896046203678755089;B
20241016;100011;13871;1;1896046203678755090;B
20241016;100011;13870;2;1896046203678755091;B
20241016;100011;13871;1;1896046203678755092;B
20241016;100011;13871;3;1896046203678755093;B
20241016;100011;13870;2;1896046203678755094;B
20241016;100011;13870;1;1896046203678755095;B
20241016;100011;13867;2;1896046203678755096;S
20241016;100011;13867;2;1896046203678755097;S
20241016;100011;13867;2;1896046203678755098;S
20241016;100012;13870;2;1896046203678755099;B
20241016;100012;13870;1;1896046203678755100;B
20241016;100012;13871;1;1896046203678755101;B
20241016;100012;13867;2;1896046203678755102;S
20241016;100012;13868;6;1896046203678755103;S
20241016;100012;13867;4;1896046203678755104;S
20241016;100012;13867;1;1896046203678755105;S
20241016;100012;13866;6;1896046203678755106;S
20241016;100012;13866;2;1896046203678755107;S
20241016;100012;13865;1;1896046203678755108;S
20241016;100012;13865;1;1896046203678755109;S
20241016;100013;13864;2;1896046203678755110;S
20241016;100013;13864;2;1896046203678755111;S
20241016;100013;13864;2;1896046203678755112;S
20241016;100013;13864;2;1896046203678755113;S
20241016;100013;13864;2;1896046203678755114;S
20241016;100014;13864;2;1896046203678755115;S
20241016;100014;13864;2;1896046203678755116;S
20241016;100014;13864;2;1896046203678755117;S
20241016;100014;13864;1;1896046203678755118;S
20241016;100014;13864;1;1896046203678755119;S
20241016;100015;13864;2;1896046203678755120;S
20241016;100015;13864;2;1896046203678755121;S
20241016;100015;13864;1;1896046203678755122;S
20241016;100015;13864;1;1896046203678755123;S
20241016;100015;13864;2;1896046203678755124;S
20241016;100015;13864;2;1896046203678755125;S
20241016;100016;13864;3;1896046203678755126;S
20241016;100019;13864;2;1896046203678755127;S
20241016;100019;13864;1;1896046203678755128;S
20241016;100019;13864;1;1896046203678755129;S
20241016;100019;13864;2;1896046203678755130;S
20241016;100019;13864;2;1896046203678755131;S
20241016;100019;13864;1;1896046203678755132;S
20241016;100019;13864;1;1896046203678755133;S
20241016;100022;13864;2;1896046203678755134;S
20241016;100022;13864;2;1896046203678755135;S
20241016;100023;13864;2;1896046203678755137;S
20241016;100024;13864;4;1896046203678755138;S
20241016;100024;13864;1;1896046203678755139;S
20241016;100024;13864;2;1896046203678755140;S
20241016;100024;13864;2;1896046203678755141;S
20241016;100024;13864;1;1896046203678755142;S
20241016;100025;13865;3;1896046203678755143;B
20241016;100028;13865;1;1896046203678755144;B
20241016;100028;13864;6;1896046203678755145;S
20241016;100028;13864;5;1896046203678755146;S
20241016;100028;13864;5;1896046203678755147;S
20241016;100028;13864;4;1896046203678755148;S
20241016;100028;13864;1;1896046203678755149;S
20241016;100028;13864;5;1896046203678755150;S
20241016;100028;13864;5;1896046203678755151;S
20241016;100028;13864;3;1896046203678755152;S
20241016;100028;13864;6;1896046203678755153;S
20241016;100028;13864;4;1896046203678755154;S
20241016;100028;13864;4;1896046203678755155;S
20241016;100028;13864;6;1896046203678755156;S
20241016;100030;13865;3;1896046203678755157;B
20241016;100030;13865;3;1896046203678755158;B
20241016;100031;13864;3;1896046203678755159;S
20241016;100031;13865;4;1896046203678755160;B
20241016;100031;13864;2;1896046203678755161;S
20241016;100031;13864;5;1896046203678755162;S
20241016;100031;13864;5;1896046203678755163;S
20241016;100031;13864;5;1896046203678755164;S
20241016;100031;13864;6;1896046203678755165;S
20241016;100032;13864;3;1896046203678755166;S
20241016;100032;13864;2;1896046203678755167;S
20241016;100032;13864;5;1896046203678755168;S
20241016;100032;13864;5;1896046203678755169;S
20241016;100032;13864;1;1896046203678755170;S
20241016;100032;13864;11;1896046203678755171;S
20241016;100032;13864;6;1896046203678755172;S
20241016;100032;13864;5;1896046203678755173;S
20241016;100032;13863;6;1896046203678755174;S
20241016;100032;13863;39;1896046203678755175;S
20241016;100033;13864;5;1896046203678755176;S
20241016;100033;13864;5;1896046203678755177;S
20241016;100033;13864;11;1896046203678755178;S
20241016;100033;13863;2;1896046203678755179;S
20241016;100034;13864;11;1896046203678755180;S
20241016;100034;13864;5;1896046203678755181;S
20241016;100034;13863;4;1896046203678755182;S
20241016;100035;13864;1;1896046203678755183;S
20241016;100038;13864;10;1896046203678755185;S
20241016;100040;13864;5;1896046203678755186;S
20241016;100042;13864;6;1896046203678755187;S
20241016;100042;13863;14;1896046203678755188;S
20241016;100042;13863;12;1896046203678755189;S
20241016;100043;13863;37;1896046203678755190;S
20241016;100043;13863;5;1896046203678755191;S
20241016;100045;13864;1;1896046203678755192;B
20241016;100046;13863;2;1896046203678755193;S
20241016;100046;13863;1;1896046203678755194;S
20241016;100046;13863;2;1896046203678755195;S
20241016;100047;13863;6;1896046203678755196;S
20241016;100048;13863;14;1896046203678755197;S
20241016;100048;13863;14;1896046203678755198;S
20241016;100049;13864;1;1896046203678755199;B
20241016;100050;13865;1;1896046203678755200;B
20241016;100051;13864;12;1896046203678755201;S
20241016;100052;13865;1;1896046203678755202;B
20241016;100058;13865;1;1896046203678755203;B
20241016;100102;13865;4;1896046203678755204;B
20241016;100102;13865;1;1896046203678755205;B
20241016;100103;13865;1;1896046203678755206;B
20241016;100108;13864;1;1896046203678755207;S
20241016;100108;13864;2;1896046203678755208;S
20241016;100108;13863;2;1896046203678755209;S
20241016;100108;13865;3;1896046203678755210;B
20241016;100108;13865;1;1896046203678755211;B
20241016;100108;13865;1;1896046203678755212;B
20241016;100108;13865;3;1896046203678755213;B
20241016;100113;13864;2;1896046203678755214;S
20241016;100114;13864;2;1896046203678755215;S
20241016;100114;13864;1;1896046203678755216;S
20241016;100117;13864;1;1896046203678755217;S
20241016;100121;13864;2;1896046203678755218;S
20241016;100121;13864;8;1896046203678755219;S
20241016;100123;13864;1;1896046203678755220;S
20241016;100124;13864;2;1896046203678755221;S
20241016;100125;13865;2;1896046203678755222;B
20241016;100125;13868;1;1896046203678755223;B
20241016;100125;13868;1;1896046203678755224;B
20241016;100125;13870;2;1896046203678755225;B
20241016;100126;13869;1;1896046203678755226;B
20241016;100127;13870;1;1896046203678755227;B
20241016;100129;13870;6;1896046203678755228;B
20241016;100130;13870;1;1896046203678755229;B
20241016;100130;13870;1;1896046203678755230;B
20241016;100130;13869;1;1896046203678755231;B
20241016;100132;13868;1;1896046203678755232;S
20241016;100132;13865;1;1896046203678755233;S
20241016;100132;13864;2;1896046203678755234;S
20241016;100132;13864;2;1896046203678755235;S
20241016;100133;13864;1;1896046203678755236;S
20241016;100133;13864;1;1896046203678755237;S
20241016;100133;13864;2;1896046203678755238;S
20241016;100134;13869;1;1896046203678755239;B
20241016;100135;13864;2;1896046203678755240;S
20241016;100135;13864;2;1896046203678755241;S
20241016;100135;13864;1;1896046203678755242;S
20241016;100135;13863;1;1896046203678755243;S
20241016;100135;13863;2;1896046203678755244;S
20241016;100136;13864;1;1896046203678755245;S
20241016;100136;13863;1;1896046203678755246;S
20241016;100138;13865;2;1896046203678755247;B
20241016;100138;13868;1;1896046203678755248;B
20241016;100138;13868;1;1896046203678755249;B
20241016;100138;13868;1;1896046203678755250;B
20241016;100138;13864;2;1896046203678755251;S
20241016;100138;13863;2;1896046203678755252;S
20241016;100138;13864;2;1896046203678755253;S
20241016;100138;13864;2;1896046203678755254;S
20241016;100138;13864;2;1896046203678755255;S
20241016;100138;13863;2;1896046203678755256;S
20241016;100138;13864;2;1896046203678755257;S
20241016;100138;13864;2;1896046203678755258;S
20241016;100138;13864;2;1896046203678755259;S
20241016;100138;13863;2;1896046203678755260;S
20241016;100139;13863;2;1896046203678755261;S
20241016;100139;13863;2;1896046203678755262;S
20241016;100139;13863;2;1896046203678755263;S
20241016;100139;13863;2;1896046203678755264;S
20241016;100139;13863;2;1896046203678755265;S
20241016;100140;13863;2;1896046203678755266;S
20241016;100140;13863;2;1896046203678755267;S
20241016;100141;13863;2;1896046203678755268;S
20241016;100141;13863;5;1896046203678755269;S
20241016;100141;13863;2;1896046203678755270;S
20241016;100141;13863;2;1896046203678755271;S
20241016;100141;13863;2;1896046203678755272;S
20241016;100141;13863;2;1896046203678755273;S
20241016;100141;13863;2;1896046203678755274;S
20241016;100141;13863;2;1896046203678755275;S
20241016;100141;13863;2;1896046203678755276;S
20241016;100141;13863;2;1896046203678755277;S
20241016;100141;13863;2;1896046203678755278;S
20241016;100141;13863;2;1896046203678755279;S
20241016;100141;13863;2;1896046203678755280;S
20241016;100142;13863;2;1896046203678755281;S
20241016;100142;13863;2;1896046203678755282;S
20241016;100143;13863;2;1896046203678755283;S
20241016;100143;13863;2;1896046203678755284;S
20241016;100143;13863;2;1896046203678755285;S
20241016;100143;13863;2;1896046203678755286;S
20241016;100143;13863;2;1896046203678755287;S
20241016;100143;13863;2;1896046203678755288;S
20241016;100144;13863;2;1896046203678755289;S
20241016;100144;13863;2;1896046203678755290;S
20241016;100144;13863;2;1896046203678755291;S
20241016;100145;13863;2;1896046203678755292;S
20241016;100145;13863;2;1896046203678755293;S
20241016;100145;13863;2;1896046203678755294;S
20241016;100145;13863;2;1896046203678755295;S
20241016;100145;13863;2;1896046203678755296;S
20241016;100145;13863;2;1896046203678755297;S
20241016;100146;13863;2;1896046203678755298;S
20241016;100146;13863;2;1896046203678755299;S
20241016;100146;13863;2;1896046203678755300;S
20241016;100146;13863;2;1896046203678755301;S
20241016;100146;13863;2;1896046203678755302;S
20241016;100146;13863;2;1896046203678755303;S
20241016;100146;13863;2;1896046203678755304;S
20241016;100146;13863;2;1896046203678755305;S
20241016;100147;13863;2;1896046203678755306;S
20241016;100148;13863;2;1896046203678755307;S
20241016;100148;13863;2;1896046203678755308;S
20241016;100148;13863;2;1896046203678755309;S
20241016;100149;13863;2;1896046203678755310;S
20241016;100149;13863;2;1896046203678755311;S
20241016;100206;13865;1;1896046203678755312;B
20241016;100206;13865;1;1896046203678755313;B
20241016;100206;13866;5;1896046203678755314;B
20241016;100206;13867;1;1896046203678755315;B
20241016;100210;13865;6;1896046203678755317;B
20241016;100213;13864;5;1896046203678755318;B
20241016;100215;13864;1;1896046203678755319;B
20241016;100218;13864;1;1896046203678755320;B
20241016;100218;13864;3;1896046203678755321;B
20241016;100223;13863;6;1896046203678755322;S
20241016;100228;13864;7;1896046203678755323;B
20241016;100228;13864;12;1896046203678755324;B
20241016;100228;13864;14;1896046203678755325;B
20241016;100229;13867;1;1896046203678755326;B
20241016;100229;13868;1;1896046203678755327;B
20241016;100229;13869;4;1896046203678755328;B
20241016;100229;13870;5;1896046203678755329;B
20241016;100229;13871;4;1896046203678755330;S
20241016;100231;13872;10;1896046203678755331;B
20241016;100234;13875;5;1896046203678755332;B
20241016;100236;13877;5;1896046203678755333;B
20241016;100236;13877;2;1896046203678755334;S
20241016;100236;13876;1;1896046203678755335;S
20241016;100236;13876;1;1896046203678755336;S
20241016;100236;13875;2;1896046203678755337;S
20241016;100236;13875;15;1896046203678755338;S
20241016;100236;13874;4;1896046203678755339;S
20241016;100237;13877;2;1896046203678755340;S
20241016;100237;13876;4;1896046203678755341;S
20241016;100239;13878;3;1896046203678755342;B
20241016;100239;13878;5;1896046203678755343;B
20241016;100239;13878;2;1896046203678755344;B
20241016;100239;13878;1;1896046203678755345;B
20241016;100239;13879;2;1896046203678755346;B
20241016;100239;13879;2;1896046203678755347;B
20241016;100239;13880;1;1896046203678755348;B
20241016;100239;13880;2;1896046203678755349;B
20241016;100239;13881;1;1896046203678755350;B
20241016;100239;13881;1;1896046203678755351;B
20241016;100239;13881;1;1896046203678755352;B
20241016;100239;13881;1;1896046203678755353;B
20241016;100239;13882;1;1896046203678755354;B
20241016;100239;13882;6;1896046203678755355;B
20241016;100239;13882;2;1896046203678755356;B
20241016;100239;13882;10;1896046203678755357;B
20241016;100239;13883;5;1896046203678755358;B
20241016;100239;13883;15;1896046203678755359;B
20241016;100239;13881;5;1896046203678755360;B
20241016;100240;13883;15;1896046203678755361;B
20241016;100240;13883;4;1896046203678755362;B
20241016;100240;13884;1;1896046203678755363;B
20241016;100240;13885;1;1896046203678755364;B
20241016;100242;13885;4;1896046203678755365;B
20241016;100242;13885;1;1896046203678755366;B
20241016;100242;13885;5;1896046203678755367;B
20241016;100242;13885;1;1896046203678755368;B
20241016;100242;13885;1;1896046203678755369;B
20241016;100244;13885;1;1896046203678755370;S
20241016;100244;13886;1;1896046203678755371;B
20241016;100245;13886;5;1896046203678755372;B
20241016;100245;13887;1;1896046203678755373;B
20241016;100246;13887;3;1896046203678755374;B
20241016;100246;13887;5;1896046203678755375;B
20241016;100246;13887;1;1896046203678755376;B
20241016;100247;13889;5;1896046203678755377;B
20241016;100247;13889;1;1896046203678755378;B
20241016;100248;13889;1;1896046203678755379;B
20241016;100248;13889;1;1896046203678755380;B
20241016;100248;13890;1;1896046203678755381;B
20241016;100248;13890;1;1896046203678755382;B
20241016;100248;13890;2;1896046203678755383;B
20241016;100248;13890;4;1896046203678755384;B
20241016;100248;13890;2;1896046203678755385;B
20241016;100248;13891;3;1896046203678755386;B
20241016;100248;13891;5;1896046203678755387;B
20241016;100248;13891;6;1896046203678755388;B
20241016;100248;13892;2;1896046203678755389;B
20241016;100248;13892;2;1896046203678755390;B
20241016;100248;13892;6;1896046203678755391;B
20241016;100248;13893;1;1896046203678755392;B
20241016;100248;13893;3;1896046203678755393;B
20241016;100248;13894;6;1896046203678755394;B
20241016;100248;13894;2;1896046203678755395;B
20241016;100248;13894;2;1896046203678755396;B
20241016;100248;13894;3;1896046203678755397;B
20241016;100248;13894;5;1896046203678755398;B
20241016;100248;13894;2;1896046203678755399;B
20241016;100248;13894;3;1896046203678755400;B
20241016;100248;13894;2;1896046203678755401;B
20241016;100248;13894;1;1896046203678755402;B
20241016;100249;13894;1;1896046203678755403;B
20241016;100249;13893;2;1896046203678755404;S
20241016;100249;13894;4;1896046203678755405;B
20241016;100250;13895;1;1896046203678755406;B
20241016;100250;13895;10;1896046203678755407;B
20241016;100250;13895;3;1896046203678755408;B
20241016;100250;13896;1;1896046203678755409;B
20241016;100250;13896;1;1896046203678755410;B
20241016;100250;13896;2;1896046203678755415;B
20241016;100250;13896;1;1896046203678755420;B
20241016;100250;13897;1;1896046203678755421;B
20241016;100250;13897;4;1896046203678755422;B
20241016;100250;13897;2;1896046203678755427;B
20241016;100250;13897;2;1896046203678755432;B
20241016;100250;13897;5;1896046203678755437;B
20241016;100250;13898;6;1896046203678755438;B
20241016;100250;13898;5;1896046203678755439;B
20241016;100250;13899;1;1896046203678755440;B
20241016;100250;13899;1;1896046203678755441;B
20241016;100250;13898;5;1896046203678755442;B
20241016;100250;13899;1;1896046203678755444;B
20241016;100251;13898;2;1896046203678755448;S
20241016;100252;13899;3;1896046203678755449;B
20241016;100253;13898;5;1896046203678755450;B
20241016;100253;13899;5;1896046203678755451;B
20241016;100253;13897;1;1896046203678755452;S
20241016;100253;13899;1;1896046203678755453;B
20241016;100254;13899;39;1896046203678755454;B
20241016;100254;13899;5;1896046203678755455;B
20241016;100254;13899;10;1896046203678755456;B
20241016;100254;13900;2;1896046203678755457;B
20241016;100254;13900;3;1896046203678755458;B
20241016;100254;13900;1;1896046203678755459;B
20241016;100254;13900;10;1896046203678755460;B
20241016;100254;13900;30;1896046203678755461;B
20241016;100254;13899;2;1896046203678755462;S
20241016;100254;13899;2;1896046203678755463;S
20241016;100254;13899;1;1896046203678755464;B
20241016;100254;13899;2;1896046203678755465;S
20241016;100254;13899;3;1896046203678755466;B
20241016;100254;13901;1;1896046203678755467;B
20241016;100254;13902;1;1896046203678755468;B
20241016;100254;13902;1;1896046203678755469;B
20241016;100254;13899;1;1896046203678755470;S
20241016;100254;13899;1;1896046203678755471;S
20241016;100255;13900;2;1896046203678755472;S
20241016;100255;13900;3;1896046203678755473;B
20241016;100255;13901;2;1896046203678755474;B
20241016;100255;13902;9;1896046203678755475;B
20241016;100255;13902;1;1896046203678755476;B
20241016;100259;13900;2;1896046203678755477;B
20241016;100259;13901;1;1896046203678755478;B
20241016;100259;13901;2;1896046203678755479;S
20241016;100259;13901;1;1896046203678755480;S
20241016;100259;13901;1;1896046203678755481;S
20241016;100259;13901;1;1896046203678755482;S
20241016;100259;13900;2;1896046203678755483;S
20241016;100259;13900;2;1896046203678755484;S
20241016;100300;13899;1;1896046203678755485;S
20241016;100300;13899;1;1896046203678755486;S
20241016;100300;13899;2;1896046203678755487;S
20241016;100300;13899;1;1896046203678755488;S
20241016;100300;13900;1;1896046203678755489;B
20241016;100301;13900;1;1896046203678755490;B
20241016;100305;13901;5;1896046203678755491;B
20241016;100305;13900;1;1896046203678755492;S
20241016;100307;13900;1;1896046203678755493;S
20241016;100307;13900;1;1896046203678755494;S
20241016;100308;13899;19;1896046203678755495;S
20241016;100309;13899;8;1896046203678755496;S
20241016;100309;13899;23;1896046203678755497;S
20241016;100310;13900;2;1896046203678755498;B
20241016;100310;13900;2;1896046203678755499;B
20241016;100310;13900;1;1896046203678755500;B
20241016;100310;13900;1;1896046203678755501;B
20241016;100310;13900;4;1896046203678755502;B
20241016;100310;13900;1;1896046203678755503;B
20241016;100311;13900;6;1896046203678755504;B
20241016;100311;13900;4;1896046203678755505;B
20241016;100311;13900;6;1896046203678755506;B
20241016;100311;13900;6;1896046203678755507;B
20241016;100311;13900;5;1896046203678755508;B
20241016;100311;13900;2;1896046203678755509;B
20241016;100311;13900;2;1896046203678755510;B
20241016;100311;13901;1;1896046203678755511;B
20241016;100311;13901;1;1896046203678755512;B
20241016;100311;13901;2;1896046203678755513;B
20241016;100311;13901;15;1896046203678755514;B
20241016;100311;13901;6;1896046203678755515;B
20241016;100311;13902;1;1896046203678755516;B
20241016;100311;13902;2;1896046203678755517;B
20241016;100311;13902;6;1896046203678755518;B
20241016;100311;13903;1;1896046203678755519;B
20241016;100311;13903;3;1896046203678755524;B
20241016;100311;13903;3;1896046203678755529;B
20241016;100311;13903;1;1896046203678755534;B
20241016;100311;13903;11;1896046203678755539;B
20241016;100311;13903;6;1896046203678755544;B
20241016;100311;13903;2;1896046203678755545;B
20241016;100311;13904;1;1896046203678755546;B
20241016;100311;13904;1;1896046203678755547;B
20241016;100311;13904;1;1896046203678755548;B
20241016;100311;13904;1;1896046203678755549;B
20241016;100311;13904;2;1896046203678755550;B
20241016;100311;13905;10;1896046203678755551;B
20241016;100311;13905;3;1896046203678755552;B
20241016;100311;13906;10;1896046203678755553;B
20241016;100311;13907;1;1896046203678755554;B
20241016;100311;13903;5;1896046203678755555;S
20241016;100311;13907;9;1896046203678755556;B
20241016;100311;13905;5;1896046203678755557;S
20241016;100311;13906;2;1896046203678755558;S
20241016;100311;13906;3;1896046203678755559;S
20241016;100311;13907;5;1896046203678755560;S
20241016;100311;13908;2;1896046203678755561;S
20241016;100311;13907;3;1896046203678755562;S
20241016;100311;13907;5;1896046203678755563;S
20241016;100311;13908;2;1896046203678755564;S
20241016;100311;13907;3;1896046203678755565;S
20241016;100311;13908;1;1896046203678755566;S
20241016;100311;13908;1;1896046203678755567;S
20241016;100311;13907;3;1896046203678755568;S
20241016;100311;13907;5;1896046203678755569;S
20241016;100311;13907;5;1896046203678755570;S
20241016;100311;13907;5;1896046203678755571;S
20241016;100311;13907;5;1896046203678755572;S
20241016;100311;13907;5;1896046203678755573;S
20241016;100311;13907;5;1896046203678755574;S
20241016;100312;13908;1;1896046203678755575;S
20241016;100312;13909;1;1896046203678755576;B
20241016;100312;13909;1;1896046203678755577;B
20241016;100312;13909;1;1896046203678755578;B
20241016;100312;13909;1;1896046203678755579;B
20241016;100312;13909;1;1896046203678755580;B
20241016;100312;13909;1;1896046203678755585;B
20241016;100312;13909;2;1896046203678755586;B
20241016;100312;13908;2;1896046203678755587;S
20241016;100313;13907;5;1896046203678755588;B
20241016;100313;13907;5;1896046203678755589;B
20241016;100313;13907;5;1896046203678755590;B
20241016;100315;13907;1;1896046203678755591;B
20241016;100316;13907;1;1896046203678755592;B
20241016;100317;13907;2;1896046203678755593;B
20241016;100317;13907;2;1896046203678755594;B
20241016;100317;13906;1;1896046203678755595;S
20241016;100318;13907;1;1896046203678755596;B
20241016;100319;13907;2;1896046203678755597;B
20241016;100319;13907;2;1896046203678755598;B
20241016;100320;13909;3;1896046203678755599;B
20241016;100320;13907;2;1896046203678755600;S
20241016;100320;13906;2;1896046203678755601;S
20241016;100320;13906;5;1896046203678755602;S
20241016;100320;13906;5;1896046203678755603;S
20241016;100320;13907;2;1896046203678755604;S
20241016;100320;13906;6;1896046203678755605;S
20241016;100320;13904;6;1896046203678755606;S
20241016;100320;13903;11;1896046203678755607;S
20241016;100320;13902;1;1896046203678755608;S
20241016;100320;13902;8;1896046203678755609;S
20241016;100321;13901;2;1896046203678755610;S
20241016;100321;13901;4;1896046203678755611;S
20241016;100322;13900;6;1896046203678755612;S
20241016;100322;13899;10;1896046203678755613;S
20241016;100322;13899;3;1896046203678755614;S
20241016;100322;13899;1;1896046203678755615;S
20241016;100322;13900;1;1896046203678755616;S
20241016;100323;13899;1;1896046203678755617;S
20241016;100323;13900;13;1896046203678755618;B
20241016;100323;13900;5;1896046203678755619;B
20241016;100323;13907;2;1896046203678755620;B
20241016;100323;13908;1;1896046203678755621;B
20241016;100323;13908;1;1896046203678755622;B
20241016;100323;13908;1;1896046203678755623;B
20241016;100323;13908;2;1896046203678755624;B
20241016;100323;13909;1;1896046203678755625;B
20241016;100323;13909;2;1896046203678755626;B
20241016;100323;13909;2;1896046203678755627;B
20241016;100323;13909;5;1896046203678755628;B
20241016;100323;13910;10;1896046203678755629;B
20241016;100323;13910;10;1896046203678755630;B
20241016;100323;13910;1;1896046203678755631;B
20241016;100323;13910;1;1896046203678755632;B
20241016;100323;13910;5;1896046203678755633;B
20241016;100323;13911;100;1896046203678755634;B
20241016;100323;13911;7;1896046203678755635;B
20241016;100323;13911;5;1896046203678755636;B
20241016;100323;13913;1;1896046203678755637;B
20241016;100323;13914;3;1896046203678755638;B
20241016;100323;13914;2;1896046203678755639;B
20241016;100323;13914;2;1896046203678755640;B
20241016;100323;13915;10;1896046203678755641;B
20241016;100323;13915;2;1896046203678755642;S
20241016;100323;13916;2;1896046203678755643;B
20241016;100323;13916;13;1896046203678755644;B
20241016;100323;13916;5;1896046203678755645;B
20241016;100323;13918;1;1896046203678755646;B
20241016;100323;13918;3;1896046203678755647;B
20241016;100323;13919;1;1896046203678755648;B
20241016;100323;13918;1;1896046203678755649;S
20241016;100323;13919;1;1896046203678755650;B
20241016;100323;13918;2;1896046203678755651;S
20241016;100323;13917;5;1896046203678755652;S
20241016;100323;13917;40;1896046203678755653;S
20241016;100323;13916;2;1896046203678755654;S
20241016;100323;13915;2;1896046203678755655;S
20241016;100323;13915;5;1896046203678755656;S
20241016;100323;13914;2;1896046203678755657;S
20241016;100323;13914;1;1896046203678755658;S
20241016;100323;13913;1;1896046203678755659;S
20241016;100323;13913;1;1896046203678755660;S
20241016;100323;13913;5;1896046203678755661;S
20241016;100323;13918;2;1896046203678755662;B
20241016;100323;13919;1;1896046203678755663;B
20241016;100323;13919;2;1896046203678755664;B
20241016;100323;13920;10;1896046203678755665;B
20241016;100323;13920;10;1896046203678755666;B
20241016;100323;13920;4;1896046203678755667;B
20241016;100324;13920;1;1896046203678755668;B
20241016;100324;13920;1;1896046203678755669;B
20241016;100324;13921;2;1896046203678755670;B
20241016;100324;13920;6;1896046203678755671;S
20241016;100324;13920;1;1896046203678755672;B
20241016;100324;13920;1;1896046203678755673;B
20241016;100324;13917;1;1896046203678755674;S
20241016;100324;13920;2;1896046203678755675;B
20241016;100324;13921;1;1896046203678755676;B
20241016;100324;13921;4;1896046203678755677;B
20241016;100324;13916;1;1896046203678755678;S
20241016;100324;13916;1;1896046203678755679;S
20241016;100324;13918;1;1896046203678755680;B
20241016;100324;13916;2;1896046203678755681;S
20241016;100324;13918;1;1896046203678755682;B
20241016;100324;13918;2;1896046203678755683;B
20241016;100324;13919;17;1896046203678755684;B
20241016;100324;13919;10;1896046203678755685;B
20241016;100324;13917;1;1896046203678755686;B
20241016;100324;13917;2;1896046203678755687;B
20241016;100324;13917;2;1896046203678755688;B
20241016;100324;13918;2;1896046203678755689;B
20241016;100324;13919;4;1896046203678755690;B
20241016;100324;13917;3;1896046203678755691;B
20241016;100324;13917;1;1896046203678755692;B
20241016;100325;13918;2;1896046203678755693;B
20241016;100325;13919;8;1896046203678755694;B
20241016;100325;13918;1;1896046203678755695;B
20241016;100325;13918;2;1896046203678755696;B
20241016;100325;13919;7;1896046203678755697;B
20241016;100326;13916;2;1896046203678755698;S
20241016;100326;13916;26;1896046203678755699;S
20241016;100326;13916;8;1896046203678755700;S
20241016;100326;13918;2;1896046203678755701;B
20241016;100326;13919;8;1896046203678755702;B
20241016;100331;13922;1;1896046203678755703;B
20241016;100332;13920;3;1896046203678755704;S
20241016;100332;13920;13;1896046203678755705;S
20241016;100332;13922;2;1896046203678755706;B
20241016;100332;13923;3;1896046203678755707;B
20241016;100335;13923;1;1896046203678755708;B
20241016;100335;13923;2;1896046203678755709;B
20241016;100335;13923;1;1896046203678755710;B
20241016;100335;13923;1;1896046203678755711;B
20241016;100336;13923;1;1896046203678755712;B
20241016;100336;13923;2;1896046203678755713;B
20241016;100336;13923;1;1896046203678755714;B
20241016;100336;13923;1;1896046203678755715;B
20241016;100336;13923;1;1896046203678755716;B
20241016;100337;13923;1;1896046203678755717;B
20241016;100337;13924;1;1896046203678755718;B
20241016;100337;13924;1;1896046203678755719;B
20241016;100338;13921;2;1896046203678755720;S
20241016;100338;13920;2;1896046203678755721;S
20241016;100338;13920;1;1896046203678755722;S
20241016;100338;13920;1;1896046203678755723;S
20241016;100338;13920;4;1896046203678755724;S
20241016;100339;13923;11;1896046203678755725;B
20241016;100339;13924;2;1896046203678755726;B
20241016;100339;13924;6;1896046203678755727;B
20241016;100339;13924;2;1896046203678755728;B
20241016;100339;13925;9;1896046203678755729;B
20241016;100341;13924;3;1896046203678755730;B
20241016;100342;13924;8;1896046203678755731;B
20241016;100342;13925;1;1896046203678755732;B
20241016;100342;13925;1;1896046203678755733;B
20241016;100342;13925;1;1896046203678755734;B
20241016;100342;13926;3;1896046203678755735;B
20241016;100342;13926;6;1896046203678755736;B
20241016;100342;13927;1;1896046203678755737;B
20241016;100342;13927;6;1896046203678755742;B
20241016;100342;13927;2;1896046203678755743;B
20241016;100342;13927;2;1896046203678755744;B
20241016;100342;13928;1;1896046203678755745;B
20241016;100342;13928;3;1896046203678755746;B
20241016;100342;13923;1;1896046203678755747;S
20241016;100344;13925;3;1896046203678755748;B
20241016;100347;13924;1;1896046203678755749;B
20241016;100348;13924;1;1896046203678755750;B
20241016;100348;13925;11;1896046203678755751;B
20241016;100348;13925;21;1896046203678755752;B
20241016;100349;13921;1;1896046203678755753;S
20241016;100352;13924;2;1896046203678755754;B
20241016;100352;13924;10;1896046203678755755;B
20241016;100353;13924;1;1896046203678755756;B
20241016;100353;13924;2;1896046203678755757;B
20241016;100353;13924;86;1896046203678755758;B
20241016;100353;13925;39;1896046203678755759;B
20241016;100353;13926;6;1896046203678755760;B
20241016;100353;13927;6;1896046203678755761;B
20241016;100353;13927;2;1896046203678755762;B
20241016;100353;13928;2;1896046203678755763;B
20241016;100353;13928;6;1896046203678755764;B
20241016;100353;13928;1;1896046203678755765;B
20241016;100353;13929;1;1896046203678755766;B
20241016;100353;13929;6;1896046203678755767;B
20241016;100353;13929;2;1896046203678755768;B
20241016;100353;13930;10;1896046203678755769;B
20241016;100353;13930;6;1896046203678755770;B
20241016;100353;13930;2;1896046203678755771;B
20241016;100353;13931;1;1896046203678755772;B
20241016;100353;13931;6;1896046203678755773;B
20241016;100353;13931;2;1896046203678755774;B
20241016;100353;13932;1;1896046203678755775;B
20241016;100353;13932;3;1896046203678755776;B
20241016;100353;13932;6;1896046203678755777;B
20241016;100353;13933;1;1896046203678755778;B
20241016;100353;13933;6;1896046203678755779;B
20241016;100353;13934;1;1896046203678755780;B
20241016;100353;13934;20;1896046203678755785;B
20241016;100353;13934;1;1896046203678755790;B
20241016;100353;13934;15;1896046203678755791;B
20241016;100353;13934;6;1896046203678755792;B
20241016;100353;13934;3;1896046203678755793;B
20241016;100353;13924;2;1896046203678755794;S
20241016;100353;13923;1;1896046203678755795;S
20241016;100353;13922;1;1896046203678755796;S
20241016;100353;13922;2;1896046203678755797;S
20241016;100353;13921;2;1896046203678755798;S
20241016;100353;13921;1;1896046203678755799;S
20241016;100353;13921;2;1896046203678755800;S
20241016;100353;13921;2;1896046203678755801;S
20241016;100353;13921;2;1896046203678755802;S
20241016;100353;13921;1;1896046203678755803;S
20241016;100353;13921;1;1896046203678755804;B
20241016;100353;13921;3;1896046203678755805;B
20241016;100353;13923;2;1896046203678755806;B
20241016;100355;13922;1;1896046203678755807;B
20241016;100355;13922;1;1896046203678755808;B
20241016;100355;13922;1;1896046203678755809;B
20241016;100358;13921;2;1896046203678755810;S
20241016;100358;13922;1;1896046203678755811;B
20241016;100402;13921;1;1896046203678755812;B
20241016;100402;13921;1;1896046203678755813;B
20241016;100402;13921;11;1896046203678755814;B
20241016;100402;13921;2;1896046203678755815;B
20241016;100402;13921;2;1896046203678755816;B
20241016;100402;13921;8;1896046203678755817;B
20241016;100403;13920;2;1896046203678755818;S
20241016;100403;13920;1;1896046203678755819;S
20241016;100403;13921;3;1896046203678755820;B
20241016;100403;13921;2;1896046203678755821;B
20241016;100403;13922;15;1896046203678755822;B
20241016;100404;13917;3;1896046203678755823;S
20241016;100404;13916;6;1896046203678755824;S
20241016;100404;13915;1;1896046203678755825;S
20241016;100404;13915;1;1896046203678755826;S
20241016;100404;13915;1;1896046203678755827;S
20241016;100407;13917;2;1896046203678755828;B
20241016;100407;13917;1;1896046203678755829;B
20241016;100407;13914;1;1896046203678755830;S
20241016;100407;13915;1;1896046203678755831;B
20241016;100412;13915;1;1896046203678755832;B
20241016;100412;13915;1;1896046203678755833;B
20241016;100414;13914;4;1896046203678755834;S
20241016;100414;13914;1;1896046203678755835;S
20241016;100415;13915;5;1896046203678755836;B
20241016;100417;13919;1;1896046203678755837;B
20241016;100419;13919;14;1896046203678755838;B
20241016;100419;13919;5;1896046203678755839;B
20241016;100419;13919;5;1896046203678755840;B
20241016;100419;13919;1;1896046203678755841;B
20241016;100419;13920;19;1896046203678755842;B
20241016;100420;13917;2;1896046203678755843;S
20241016;100420;13917;4;1896046203678755844;S
20241016;100420;13917;2;1896046203678755845;S
20241016;100423;13917;9;1896046203678755846;B
20241016;100423;13916;2;1896046203678755847;S
20241016;100425;13914;2;1896046203678755848;S
20241016;100425;13913;1;1896046203678755849;S
20241016;100425;13913;6;1896046203678755850;S
20241016;100425;13913;3;1896046203678755851;S
20241016;100425;13913;12;1896046203678755852;S
20241016;100425;13913;12;1896046203678755853;S
20241016;100425;13912;6;1896046203678755854;S
20241016;100425;13912;3;1896046203678755855;S
20241016;100425;13912;1;1896046203678755856;S
20241016;100425;13911;6;1896046203678755857;S
20241016;100425;13911;1;1896046203678755858;S
20241016;100426;13909;1;1896046203678755859;S
20241016;100426;13909;2;1896046203678755860;S
20241016;100426;13909;1;1896046203678755861;S
20241016;100429;13913;10;1896046203678755862;B
20241016;100434;13909;1;1896046203678755863;S
20241016;100434;13909;1;1896046203678755864;S
20241016;100437;13908;2;1896046203678755865;S
20241016;100438;13907;2;1896046203678755866;S
20241016;100438;13907;6;1896046203678755867;S
20241016;100438;13907;2;1896046203678755868;S
20241016;100438;13907;1;1896046203678755869;S
20241016;100438;13907;2;1896046203678755870;S
20241016;100438;13907;2;1896046203678755871;S
20241016;100438;13907;1;1896046203678755872;S
20241016;100448;13911;15;1896046203678755873;B
20241016;100448;13911;2;1896046203678755874;B
20241016;100448;13911;2;1896046203678755875;B
20241016;100448;13913;2;1896046203678755876;B
20241016;100448;13914;2;1896046203678755877;B
20241016;100448;13914;2;1896046203678755878;B
20241016;100448;13915;2;1896046203678755879;B
20241016;100448;13915;1;1896046203678755880;B
20241016;100448;13915;10;1896046203678755881;B
20241016;100448;13917;6;1896046203678755882;B
20241016;100448;13917;2;1896046203678755883;B
20241016;100448;13918;4;1896046203678755884;B
20241016;100459;13911;2;1896046203678755885;S
20241016;100502;13915;15;1896046203678755886;B
20241016;100502;13915;2;1896046203678755887;B
20241016;100502;13915;1;1896046203678755888;B
20241016;100502;13915;2;1896046203678755889;B
20241016;100502;13917;2;1896046203678755890;B
20241016;100502;13918;2;1896046203678755891;B
20241016;100502;13918;2;1896046203678755892;B
20241016;100502;13918;11;1896046203678755893;B
20241016;100502;13919;15;1896046203678755894;B
20241016;100502;13919;2;1896046203678755895;B
20241016;100502;13919;10;1896046203678755896;B
20241016;100502;13919;2;1896046203678755897;B
20241016;100502;13919;5;1896046203678755898;B
20241016;100502;13919;5;1896046203678755899;B
20241016;100502;13919;6;1896046203678755900;B
20241016;100502;13920;18;1896046203678755901;B
20241016;100502;13913;1;1896046203678755902;S
20241016;100502;13913;2;1896046203678755903;S
20241016;100502;13915;2;1896046203678755904;S
20241016;100502;13914;1;1896046203678755905;S
20241016;100502;13914;1;1896046203678755906;S
20241016;100502;13913;2;1896046203678755907;S
20241016;100502;13913;2;1896046203678755908;S
20241016;100502;13913;2;1896046203678755909;S
20241016;100502;13913;2;1896046203678755910;S
20241016;100502;13912;1;1896046203678755911;S
20241016;100502;13912;1;1896046203678755912;S
20241016;100502;13912;5;1896046203678755913;S
20241016;100504;13913;1;1896046203678755914;S
20241016;100505;13913;1;1896046203678755915;S
20241016;100506;13913;2;1896046203678755916;S
20241016;100506;13913;2;1896046203678755917;S
20241016;100506;13913;1;1896046203678755918;S
20241016;100508;13913;1;1896046203678755919;S
20241016;100513;13909;6;1896046203678755920;S
20241016;100513;13909;2;1896046203678755921;S
20241016;100513;13909;2;1896046203678755922;S
20241016;100513;13908;6;1896046203678755923;S
20241016;100513;13908;3;1896046203678755924;S
20241016;100513;13907;6;1896046203678755925;S
20241016;100513;13907;3;1896046203678755926;S
20241016;100513;13906;6;1896046203678755927;S
20241016;100513;13905;6;1896046203678755928;S
20241016;100513;13905;2;1896046203678755929;S
20241016;100513;13905;2;1896046203678755930;S
20241016;100513;13904;6;1896046203678755931;S
20241016;100513;13904;40;1896046203678755932;S
20241016;100513;13903;2;1896046203678755933;S
20241016;100513;13903;6;1896046203678755934;S
20241016;100513;13902;1;1896046203678755935;S
20241016;100513;13902;6;1896046203678755936;S
20241016;100513;13902;3;1896046203678755937;S
20241016;100513;13901;2;1896046203678755938;S
20241016;100513;13901;6;1896046203678755939;S
20241016;100513;13900;40;1896046203678755940;S
20241016;100513;13900;1;1896046203678755941;S
20241016;100513;13900;1;1896046203678755942;S
20241016;100513;13900;1;1896046203678755943;S
20241016;100513;13900;11;1896046203678755944;S
20241016;100513;13900;6;1896046203678755945;S
20241016;100513;13897;2;1896046203678755946;S
20241016;100513;13896;1;1896046203678755947;S
20241016;100513;13896;2;1896046203678755948;S
20241016;100513;13895;2;1896046203678755949;S
20241016;100513;13894;15;1896046203678755950;S
20241016;100513;13894;1;1896046203678755951;S
20241016;100513;13894;1;1896046203678755952;S
20241016;100513;13893;48;1896046203678755957;S
20241016;100513;13889;15;1896046203678755958;S
20241016;100513;13888;16;1896046203678755959;S
20241016;100513;13885;1;1896046203678755960;S
20241016;100513;13884;1;1896046203678755961;S
20241016;100513;13883;2;1896046203678755962;S
20241016;100513;13883;1;1896046203678755967;S
20241016;100513;13883;6;1896046203678755972;S
20241016;100513;13882;1;1896046203678755973;S
20241016;100513;13882;2;1896046203678755978;S
20241016;100513;13881;3;1896046203678755983;S
20241016;100513;13880;1;1896046203678755984;S
20241016;100513;13880;4;1896046203678755985;S
20241016;100513;13880;1;1896046203678755990;S
20241016;100513;13880;1;1896046203678755995;S
20241016;100513;13876;4;1896046203678755996;S
20241016;100513;13875;2;1896046203678755997;S
20241016;100513;13874;5;1896046203678755998;S
20241016;100513;13874;5;1896046203678755999;S
20241016;100513;13873;10;1896046203678756000;S
20241016;100513;13873;4;1896046203678756001;S
20241016;100513;13871;15;1896046203678756002;S
20241016;100513;13871;6;1896046203678756003;S
20241016;100513;13871;5;1896046203678756004;S
20241016;100513;13871;5;1896046203678756005;S
20241016;100513;13871;5;1896046203678756006;S
20241016;100513;13870;21;1896046203678756007;S
20241016;100513;13903;1;1896046203678756008;S
20241016;100513;13903;3;1896046203678756009;S
20241016;100513;13903;1;1896046203678756010;S
20241016;100514;13904;1;1896046203678756012;S
20241016;100515;13907;1;1896046203678756016;B
20241016;100515;13907;2;1896046203678756017;B
20241016;100515;13908;21;1896046203678756018;B
20241016;100515;13908;2;1896046203678756019;B
20241016;100515;13908;4;1896046203678756020;B
20241016;100515;13909;2;1896046203678756021;B
20241016;100515;13910;2;1896046203678756022;B
20241016;100515;13910;4;1896046203678756023;B
20241016;100515;13910;1;1896046203678756024;B
20241016;100515;13910;2;1896046203678756025;B
20241016;100515;13911;2;1896046203678756026;B
20241016;100515;13912;5;1896046203678756027;B
20241016;100515;13912;2;1896046203678756028;B
20241016;100517;13904;1;1896046203678756032;S
20241016;100518;13907;4;1896046203678756034;B
20241016;100518;13907;3;1896046203678756039;B
20241016;100518;13907;1;1896046203678756044;B
20241016;100520;13905;1;1896046203678756049;S
20241016;100520;13904;5;1896046203678756050;S
20241016;100520;13904;11;1896046203678756051;S
20241016;100520;13904;5;1896046203678756052;B
20241016;100523;13904;3;1896046203678756053;B
20241016;100524;13902;1;1896046203678756054;B
20241016;100524;13903;15;1896046203678756055;B
20241016;100524;13903;1;1896046203678756056;B
20241016;100524;13903;2;1896046203678756057;B
20241016;100524;13904;6;1896046203678756058;B
20241016;100526;13901;3;1896046203678756059;S
20241016;100526;13899;6;1896046203678756060;S
20241016;100526;13899;2;1896046203678756061;S
20241016;100526;13899;2;1896046203678756062;S
20241016;100526;13899;2;1896046203678756063;S
20241016;100526;13899;1;1896046203678756064;S
20241016;100526;13897;6;1896046203678756065;S
20241016;100526;13897;1;1896046203678756066;S
20241016;100528;13895;1;1896046203678756067;S
20241016;100536;13900;10;1896046203678756068;B
20241016;100537;13901;2;1896046203678756069;B
20241016;100539;13902;14;1896046203678756070;B
20241016;100540;13904;12;1896046203678756071;S
20241016;100542;13900;2;1896046203678756072;S
20241016;100542;13900;2;1896046203678756073;S
20241016;100542;13900;2;1896046203678756074;S
20241016;100545;13901;1;1896046203678756075;B
20241016;100545;13903;2;1896046203678756076;B
20241016;100545;13904;1;1896046203678756077;B
20241016;100546;13904;10;1896046203678756078;B
20241016;100547;13901;2;1896046203678756079;S
20241016;100547;13901;8;1896046203678756080;B
20241016;100552;13903;2;1896046203678756081;S
20241016;100552;13902;3;1896046203678756082;S
20241016;100552;13904;2;1896046203678756083;B
20241016;100553;13902;3;1896046203678756084;S
20241016;100554;13904;1;1896046203678756085;B
20241016;100559;13903;6;1896046203678756086;B
20241016;100559;13903;15;1896046203678756087;B
20241016;100559;13904;24;1896046203678756088;B
20241016;100559;13904;5;1896046203678756089;B
20241016;100602;13901;2;1896046203678756090;B
20241016;100606;13899;3;1896046203678756091;B
20241016;100608;13899;1;1896046203678756092;B
20241016;100609;13899;11;1896046203678756093;B
20241016;100609;13900;1;1896046203678756094;B
20241016;100609;13902;3;1896046203678756095;B
20241016;100609;13902;2;1896046203678756096;B
20241016;100609;13904;28;1896046203678756097;B
20241016;100609;13905;10;1896046203678756098;B
20241016;100609;13906;2;1896046203678756099;B
20241016;100615;13909;1;1896046203678756100;B
20241016;100616;13906;1;1896046203678756101;S
20241016;100617;13905;2;1896046203678756102;S
20241016;100618;13904;2;1896046203678756103;S
20241016;100618;13904;2;1896046203678756104;S
20241016;100618;13904;2;1896046203678756105;S
20241016;100618;13904;2;1896046203678756106;S
20241016;100618;13904;2;1896046203678756107;S
20241016;100618;13903;10;1896046203678756108;S
20241016;100621;13905;1;1896046203678756109;B
20241016;100629;13906;2;1896046203678756110;S
20241016;100633;13906;4;1896046203678756111;S
20241016;100634;13907;1;1896046203678756112;B
20241016;100642;13907;9;1896046203678756113;B
20241016;100642;13907;1;1896046203678756114;B
20241016;100642;13907;2;1896046203678756115;B
20241016;100642;13907;38;1896046203678756116;B
20241016;100644;13906;1;1896046203678756117;S
20241016;100656;13902;1;1896046203678756118;S
20241016;100656;13902;2;1896046203678756119;S
20241016;100656;13901;7;1896046203678756120;S
20241016;100657;13901;1;1896046203678756121;S
20241016;100657;13901;1;1896046203678756122;S
20241016;100658;13901;1;1896046203678756123;S
20241016;100658;13901;1;1896046203678756124;S
20241016;100659;13901;1;1896046203678756125;S
20241016;100659;13901;1;1896046203678756126;S
20241016;100659;13901;1;1896046203678756127;S
20241016;100700;13901;1;1896046203678756128;S
20241016;100700;13901;1;1896046203678756129;S
20241016;100701;13901;1;1896046203678756130;S
20241016;100701;13901;1;1896046203678756131;S
20241016;100701;13901;1;1896046203678756132;S
20241016;100702;13901;1;1896046203678756133;S
20241016;100702;13901;1;1896046203678756134;S
20241016;100703;13901;1;1896046203678756135;S
20241016;100703;13901;1;1896046203678756136;S
20241016;100704;13901;1;1896046203678756137;S
20241016;100704;13899;1;1896046203678756138;S
20241016;100704;13899;1;1896046203678756139;S
20241016;100705;13899;1;1896046203678756140;S
20241016;100705;13899;1;1896046203678756141;S
20241016;100706;13899;1;1896046203678756142;S
20241016;100706;13899;2;1896046203678756143;S
20241016;100706;13898;1;1896046203678756144;S
20241016;100706;13897;1;1896046203678756145;S
20241016;100706;13897;1;1896046203678756146;S
20241016;100707;13897;4;1896046203678756147;S
20241016;100707;13896;4;1896046203678756148;S
20241016;100707;13896;6;1896046203678756149;S
20241016;100707;13896;1;1896046203678756150;S
20241016;100707;13899;2;1896046203678756151;B
20241016;100707;13900;2;1896046203678756152;B
20241016;100707;13900;1;1896046203678756153;B
20241016;100708;13896;6;1896046203678756154;S
20241016;100708;13895;1;1896046203678756155;S
20241016;100708;13895;3;1896046203678756156;S
20241016;100712;13895;1;1896046203678756158;S
20241016;100714;13894;2;1896046203678756159;S
20241016;100722;13896;2;1896046203678756160;B
20241016;100722;13897;2;1896046203678756161;B
20241016;100722;13895;1;1896046203678756162;S
20241016;100726;13897;1;1896046203678756163;S
20241016;100729;13898;1;1896046203678756164;B
20241016;100731;13896;1;1896046203678756165;S
20241016;100735;13894;1;1896046203678756167;B
20241016;100738;13893;3;1896046203678756168;S
20241016;100738;13893;1;1896046203678756169;S
20241016;100739;13893;1;1896046203678756170;S
20241016;100739;13893;2;1896046203678756171;S
20241016;100739;13893;2;1896046203678756172;S
20241016;100739;13892;1;1896046203678756173;S
20241016;100740;13893;1;1896046203678756174;B
20241016;100754;13893;2;1896046203678756177;B
20241016;100754;13893;2;1896046203678756178;B
20241016;100754;13893;2;1896046203678756179;B
20241016;100754;13893;2;1896046203678756180;B
20241016;100754;13894;5;1896046203678756181;B
20241016;100754;13895;2;1896046203678756182;B
20241016;100754;13896;7;1896046203678756183;B
20241016;100754;13896;2;1896046203678756184;B
20241016;100754;13896;2;1896046203678756185;B
20241016;100754;13897;2;1896046203678756186;B
20241016;100754;13897;2;1896046203678756187;B
20241016;100754;13898;3;1896046203678756188;B
20241016;100754;13898;2;1896046203678756189;B
20241016;100754;13898;15;1896046203678756190;B
20241016;100755;13891;1;1896046203678756191;S
20241016;100758;13891;1;1896046203678756193;S
20241016;100802;13890;1;1896046203678756194;S
20241016;100802;13890;6;1896046203678756195;S
20241016;100802;13889;1;1896046203678756196;S
20241016;100802;13885;2;1896046203678756197;S
20241016;100802;13884;6;1896046203678756198;S
20241016;100802;13883;6;1896046203678756199;S
20241016;100802;13883;1;1896046203678756200;S
20241016;100803;13882;1;1896046203678756201;S
20241016;100806;13886;5;1896046203678756203;B
20241016;100806;13887;2;1896046203678756204;B
20241016;100806;13887;5;1896046203678756205;B
20241016;100806;13887;2;1896046203678756206;B
20241016;100806;13888;5;1896046203678756207;B
20241016;100806;13888;2;1896046203678756208;B
20241016;100806;13889;1;1896046203678756209;B
20241016;100806;13890;2;1896046203678756210;B
20241016;100806;13891;2;1896046203678756211;B
20241016;100806;13891;2;1896046203678756212;B
20241016;100806;13892;3;1896046203678756213;B
20241016;100806;13892;6;1896046203678756214;B
20241016;100806;13893;6;1896046203678756215;B
20241016;100806;13894;6;1896046203678756216;B
20241016;100806;13894;1;1896046203678756217;B
20241016;100814;13886;1;1896046203678756222;S
20241016;100814;13886;2;1896046203678756223;S
20241016;100814;13885;1;1896046203678756224;S
20241016;100816;13890;2;1896046203678756225;B
20241016;100816;13890;15;1896046203678756226;B
20241016;100816;13891;2;1896046203678756227;B
20241016;100816;13891;2;1896046203678756228;B
20241016;100816;13891;1;1896046203678756229;B
20241016;100816;13892;5;1896046203678756230;B
20241016;100816;13892;2;1896046203678756231;B
20241016;100816;13893;6;1896046203678756232;B
20241016;100816;13893;2;1896046203678756233;B
20241016;100816;13894;2;1896046203678756234;B
20241016;100816;13894;6;1896046203678756235;B
20241016;100816;13895;5;1896046203678756236;B
20241016;100822;13889;2;1896046203678756237;S
20241016;100822;13888;2;1896046203678756238;S
20241016;100822;13887;1;1896046203678756239;S
20241016;100822;13887;2;1896046203678756240;S
20241016;100822;13885;1;1896046203678756241;S
20241016;100822;13884;2;1896046203678756242;S
20241016;100822;13884;2;1896046203678756243;S
20241016;100825;13886;3;1896046203678756244;B
20241016;100825;13885;5;1896046203678756245;S
20241016;100825;13885;18;1896046203678756246;S
20241016;100825;13885;2;1896046203678756247;S
20241016;100825;13885;6;1896046203678756248;S
20241016;100825;13885;2;1896046203678756249;S
20241016;100825;13885;2;1896046203678756250;S
20241016;100825;13885;2;1896046203678756251;S
20241016;100825;13884;6;1896046203678756252;S
20241016;100825;13884;5;1896046203678756253;S
20241016;100825;13884;2;1896046203678756254;S
20241016;100825;13883;6;1896046203678756255;S
20241016;100825;13883;1;1896046203678756256;S
20241016;100825;13883;2;1896046203678756257;S
20241016;100825;13883;1;1896046203678756258;S
20241016;100825;13882;5;1896046203678756259;S
20241016;100825;13882;6;1896046203678756260;S
20241016;100825;13882;2;1896046203678756261;S
20241016;100825;13881;6;1896046203678756262;S
20241016;100825;13881;2;1896046203678756263;S
20241016;100825;13881;2;1896046203678756264;S
20241016;100825;13881;2;1896046203678756265;S
20241016;100825;13881;15;1896046203678756266;B
20241016;100829;13888;2;1896046203678756267;S
20241016;100829;13887;2;1896046203678756268;S
20241016;100830;13886;2;1896046203678756269;S
20241016;100830;13886;2;1896046203678756270;S
20241016;100830;13886;2;1896046203678756271;S
20241016;100830;13886;5;1896046203678756272;S
20241016;100830;13885;2;1896046203678756273;S
20241016;100830;13885;1;1896046203678756274;S
20241016;100830;13885;6;1896046203678756275;S
20241016;100830;13885;30;1896046203678756276;S
20241016;100830;13886;1;1896046203678756277;S
20241016;100835;13883;1;1896046203678756278;S
20241016;100841;13887;5;1896046203678756283;B
20241016;100842;13887;1;1896046203678756284;S
20241016;100844;13887;1;1896046203678756285;S
20241016;100846;13888;2;1896046203678756286;S
20241016;100846;13887;3;1896046203678756287;S
20241016;100852;13891;50;1896046203678756288;B
20241016;100852;13890;2;1896046203678756289;S
20241016;100852;13890;1;1896046203678756290;S
20241016;100852;13891;2;1896046203678756291;B
20241016;100853;13891;2;1896046203678756292;B
20241016;100858;13893;5;1896046203678756293;B
20241016;100858;13894;2;1896046203678756294;B
20241016;100858;13894;2;1896046203678756295;B
20241016;100858;13894;1;1896046203678756296;B
20241016;100907;13893;2;1896046203678756297;B
20241016;100907;13894;1;1896046203678756298;B
20241016;100907;13894;2;1896046203678756299;B
20241016;100907;13895;1;1896046203678756300;B
20241016;100907;13895;5;1896046203678756301;B
20241016;100907;13895;2;1896046203678756302;B
20241016;100907;13896;20;1896046203678756303;B
20241016;100907;13897;2;1896046203678756304;B
20241016;100907;13898;3;1896046203678756305;B
20241016;100907;13898;2;1896046203678756306;B
20241016;100907;13898;2;1896046203678756307;B
20241016;100907;13899;8;1896046203678756308;B
20241016;100911;13895;1;1896046203678756309;B
20241016;100911;13896;1;1896046203678756310;B
20241016;100912;13894;5;1896046203678756311;S
20241016;100912;13894;1;1896046203678756312;S
20241016;100912;13894;2;1896046203678756313;S
20241016;100912;13894;2;1896046203678756314;S
20241016;100912;13894;2;1896046203678756315;S
20241016;100912;13894;16;1896046203678756316;S
20241016;100912;13894;2;1896046203678756317;S
20241016;100912;13894;2;1896046203678756318;S
20241016;100912;13893;34;1896046203678756319;S
20241016;100912;13893;40;1896046203678756320;S
20241016;100912;13893;2;1896046203678756321;S
20241016;100912;13892;5;1896046203678756322;S
20241016;100912;13892;2;1896046203678756323;S
20241016;100912;13891;1;1896046203678756324;S
20241016;100912;13890;6;1896046203678756325;S
20241016;100912;13890;2;1896046203678756326;S
20241016;100912;13889;2;1896046203678756327;S
20241016;100912;13889;6;1896046203678756328;S
20241016;100912;13888;6;1896046203678756329;S
20241016;100912;13887;6;1896046203678756330;S
20241016;100912;13887;2;1896046203678756331;S
20241016;100912;13886;10;1896046203678756332;S
20241016;100912;13886;6;1896046203678756333;S
20241016;100912;13885;1;1896046203678756334;S
20241016;100912;13885;6;1896046203678756335;S
20241016;100912;13884;6;1896046203678756336;S
20241016;100912;13883;1;1896046203678756337;S
20241016;100919;13890;2;1896046203678756338;B
20241016;100921;13890;1;1896046203678756339;S
20241016;100921;13887;1;1896046203678756340;S
20241016;100936;13884;1;1896046203678756341;S
20241016;100941;13883;1;1896046203678756342;S
20241016;100941;13882;1;1896046203678756343;S
20241016;100941;13880;5;1896046203678756344;S
20241016;100941;13880;10;1896046203678756345;S
20241016;100941;13880;6;1896046203678756346;S
20241016;100941;13880;6;1896046203678756347;S
20241016;100941;13879;6;1896046203678756348;S
20241016;100941;13879;5;1896046203678756349;S
20241016;100942;13879;2;1896046203678756350;S
20241016;100942;13878;1;1896046203678756351;S
20241016;100942;13879;1;1896046203678756352;B
20241016;100944;13879;1;1896046203678756353;B
20241016;100944;13879;1;1896046203678756354;B
20241016;100944;13881;1;1896046203678756355;B
20241016;100946;13879;1;1896046203678756356;S
20241016;100947;13879;1;1896046203678756357;B
20241016;100950;13879;4;1896046203678756358;B
20241016;100950;13881;4;1896046203678756359;B
20241016;100950;13881;1;1896046203678756360;B
20241016;100950;13882;1;1896046203678756361;B
20241016;100951;13882;1;1896046203678756362;B
20241016;100952;13886;1;1896046203678756363;B
20241016;100953;13882;1;1896046203678756364;S
20241016;100957;13880;1;1896046203678756365;S
20241016;101001;13880;30;1896046203678756366;S
20241016;101001;13878;3;1896046203678756367;S
20241016;101001;13878;1;1896046203678756368;S
20241016;101001;13877;6;1896046203678756369;S
20241016;101002;13879;5;1896046203678756370;B
20241016;101005;13879;2;1896046203678756371;B
20241016;101007;13879;2;1896046203678756372;B
20241016;101007;13879;2;1896046203678756373;B
20241016;101007;13879;2;1896046203678756374;B
20241016;101007;13879;2;1896046203678756375;B
20241016;101009;13878;4;1896046203678756376;S
20241016;101009;13878;5;1896046203678756377;S
20241016;101009;13877;15;1896046203678756378;S
20241016;101010;13877;15;1896046203678756379;S
20241016;101010;13877;4;1896046203678756380;S
20241016;101011;13877;10;1896046203678756381;S
20241016;101011;13875;1;1896046203678756382;S
20241016;101011;13875;3;1896046203678756383;S
20241016;101014;13875;1;1896046203678756384;S
20241016;101018;13876;1;1896046203678756385;B
20241016;101020;13875;1;1896046203678756386;S
20241016;101020;13876;1;1896046203678756387;B
20241016;101021;13876;1;1896046203678756388;B
20241016;101024;13875;5;1896046203678756390;S
20241016;101024;13875;1;1896046203678756391;S
20241016;101024;13873;5;1896046203678756392;S
20241016;101024;13872;3;1896046203678756393;S
20241016;101024;13872;2;1896046203678756394;S
20241016;101024;13872;2;1896046203678756395;S
20241016;101024;13872;2;1896046203678756396;S
20241016;101025;13871;5;1896046203678756397;S
20241016;101025;13871;14;1896046203678756398;S
20241016;101025;13871;2;1896046203678756399;S
20241016;101025;13871;2;1896046203678756400;S
20241016;101025;13870;1;1896046203678756401;S
20241016;101025;13869;1;1896046203678756402;S
20241016;101025;13873;1;1896046203678756403;B
20241016;101031;13869;1;1896046203678756404;S
20241016;101040;13873;2;1896046203678756405;S
20241016;101040;13873;5;1896046203678756406;S
20241016;101040;13873;2;1896046203678756407;S
20241016;101042;13873;21;1896046203678756408;B
20241016;101042;13874;2;1896046203678756409;B
20241016;101042;13875;5;1896046203678756410;B
20241016;101042;13876;3;1896046203678756411;B
20241016;101042;13876;2;1896046203678756412;B
20241016;101042;13876;2;1896046203678756413;B
20241016;101042;13877;2;1896046203678756414;B
20241016;101042;13878;3;1896046203678756415;B
20241016;101042;13878;2;1896046203678756416;B
20241016;101042;13879;2;1896046203678756417;B
20241016;101042;13879;3;1896046203678756418;B
20241016;101042;13880;3;1896046203678756419;B
20241016;101048;13876;5;1896046203678756420;S
20241016;101048;13876;2;1896046203678756421;S
20241016;101048;13875;2;1896046203678756422;S
20241016;101048;13875;16;1896046203678756423;S
20241016;101056;13879;2;1896046203678756424;B
20241016;101100;13874;1;1896046203678756425;B
20241016;101100;13875;5;1896046203678756426;B
20241016;101100;13878;2;1896046203678756427;B
20241016;101100;13878;2;1896046203678756428;B
20241016;101100;13878;5;1896046203678756429;B
20241016;101100;13879;2;1896046203678756430;B
20241016;101100;13879;3;1896046203678756431;B
20241016;101103;13880;2;1896046203678756432;B
20241016;101107;13880;15;1896046203678756433;B
20241016;101107;13880;6;1896046203678756434;B
20241016;101107;13880;3;1896046203678756435;B
20241016;101107;13880;11;1896046203678756436;B
20241016;101107;13881;3;1896046203678756437;B
20241016;101107;13881;1;1896046203678756438;B
20241016;101107;13881;6;1896046203678756439;B
20241016;101107;13881;2;1896046203678756440;B
20241016;101107;13882;3;1896046203678756441;B
20241016;101107;13881;11;1896046203678756442;B
20241016;101107;13882;3;1896046203678756443;B
20241016;101107;13882;1;1896046203678756444;B
20241016;101110;13882;1;1896046203678756445;B
20241016;101115;13884;1;1896046203678756446;B
20241016;101116;13882;1;1896046203678756447;S
20241016;101116;13880;1;1896046203678756448;S
20241016;101116;13880;1;1896046203678756449;S
20241016;101116;13878;1;1896046203678756450;S
20241016;101116;13877;2;1896046203678756451;S
20241016;101116;13877;1;1896046203678756452;S
20241016;101116;13876;2;1896046203678756453;S
20241016;101116;13874;2;1896046203678756454;S
20241016;101116;13876;10;1896046203678756455;B
20241016;101116;13877;2;1896046203678756456;B
20241016;101116;13878;2;1896046203678756457;B
20241016;101116;13879;1;1896046203678756458;B
20241016;101116;13879;4;1896046203678756459;B
20241016;101116;13879;2;1896046203678756460;B
20241016;101116;13880;2;1896046203678756461;B
20241016;101116;13881;2;1896046203678756462;B
20241016;101116;13881;6;1896046203678756463;B
20241016;101116;13882;6;1896046203678756464;B
20241016;101116;13882;2;1896046203678756465;B
20241016;101116;13883;6;1896046203678756466;B
20241016;101116;13883;2;1896046203678756467;B
20241016;101116;13884;3;1896046203678756468;B
20241016;101120;13879;15;1896046203678756469;B
20241016;101130;13884;5;1896046203678756470;S
20241016;101130;13884;2;1896046203678756471;S
20241016;101130;13883;2;1896046203678756472;S
20241016;101130;13883;2;1896046203678756473;S
20241016;101130;13883;17;1896046203678756474;S
20241016;101130;13882;1;1896046203678756475;S
20241016;101130;13882;2;1896046203678756476;S
20241016;101130;13882;2;1896046203678756477;S
20241016;101130;13882;2;1896046203678756478;S
20241016;101130;13882;2;1896046203678756479;S
20241016;101130;13882;5;1896046203678756480;S
20241016;101130;13881;1;1896046203678756481;B
20241016;101135;13881;1;1896046203678756482;B
20241016;101144;13880;1;1896046203678756483;S
20241016;101153;13881;1;1896046203678756484;S
20241016;101201;13882;1;1896046203678756485;B
20241016;101206;13881;1;1896046203678756486;S
20241016;101206;13881;2;1896046203678756487;B
20241016;101206;13881;3;1896046203678756488;B
20241016;101206;13880;1;1896046203678756489;S
20241016;101213;13880;1;1896046203678756490;B
20241016;101218;13879;15;1896046203678756491;S
20241016;101218;13879;15;1896046203678756492;S
20241016;101218;13879;13;1896046203678756493;S
20241016;101225;13878;3;1896046203678756495;B
20241016;101238;13877;2;1896046203678756496;B
20241016;101238;13877;1;1896046203678756497;B
20241016;101248;13876;1;1896046203678756500;B
20241016;101253;13877;1;1896046203678756501;B
20241016;101253;13877;4;1896046203678756502;B
20241016;101259;13879;5;1896046203678756503;B
20241016;101259;13880;2;1896046203678756504;B
20241016;101259;13880;1;1896046203678756505;B
20241016;101301;13877;5;1896046203678756506;S
20241016;101308;13877;1;1896046203678756507;S
20241016;101314;13877;2;1896046203678756508;S
20241016;101314;13877;5;1896046203678756509;S
20241016;101319;13879;3;1896046203678756510;B
20241016;101319;13882;15;1896046203678756511;B
20241016;101319;13882;2;1896046203678756512;B
20241016;101319;13882;5;1896046203678756513;B
20241016;101326;13883;1;1896046203678756514;B
20241016;101326;13883;3;1896046203678756515;B
20241016;101327;13886;177;1896046203678756516;B
20241016;101337;13890;1;1896046203678756517;B
20241016;101337;13890;19;1896046203678756518;B
20241016;101338;13891;1;1896046203678756519;B
20241016;101340;13891;4;1896046203678756523;B
20241016;101344;13891;2;1896046203678756524;B
20241016;101344;13891;2;1896046203678756527;B
20241016;101345;13891;1;1896046203678756528;B
20241016;101346;13891;6;1896046203678756529;B
20241016;101347;13892;10;1896046203678756530;B
20241016;101347;13893;11;1896046203678756531;B
20241016;101347;13894;6;1896046203678756532;B
20241016;101347;13893;2;1896046203678756533;S
20241016;101347;13892;2;1896046203678756534;S
20241016;101347;13892;2;1896046203678756535;S
20241016;101347;13891;2;1896046203678756536;S
20241016;101347;13891;2;1896046203678756537;S
20241016;101349;13895;1;1896046203678756538;B
20241016;101350;13895;24;1896046203678756539;B
20241016;101350;13895;4;1896046203678756540;B
20241016;101351;13896;6;1896046203678756541;B
20241016;101351;13896;2;1896046203678756542;B
20241016;101352;13897;10;1896046203678756543;B
20241016;101352;13898;6;1896046203678756544;B
20241016;101352;13898;5;1896046203678756545;B
20241016;101352;13898;5;1896046203678756546;B
20241016;101353;13899;12;1896046203678756547;B
20241016;101353;13899;5;1896046203678756548;B
20241016;101353;13899;2;1896046203678756549;B
20241016;101353;13899;5;1896046203678756550;B
20241016;101353;13900;100;1896046203678756551;B
20241016;101353;13900;20;1896046203678756552;B
20241016;101353;13900;1;1896046203678756553;B
20241016;101353;13900;6;1896046203678756554;B
20241016;101353;13900;3;1896046203678756555;B
20241016;101353;13900;2;1896046203678756556;B
20241016;101353;13901;6;1896046203678756557;B
20241016;101353;13901;3;1896046203678756558;B
20241016;101354;13903;3;1896046203678756559;B
20241016;101354;13903;1;1896046203678756560;B
20241016;101354;13903;5;1896046203678756562;B
20241016;101354;13903;10;1896046203678756563;B
20241016;101354;13903;2;1896046203678756564;B
20241016;101354;13904;6;1896046203678756565;B
20241016;101354;13905;2;1896046203678756566;B
20241016;101354;13905;10;1896046203678756567;B
20241016;101354;13905;2;1896046203678756568;B
20241016;101354;13905;3;1896046203678756569;B
20241016;101355;13903;5;1896046203678756570;B
20241016;101355;13904;6;1896046203678756571;B
20241016;101355;13905;3;1896046203678756572;B
20241016;101358;13903;1;1896046203678756573;B
20241016;101358;13902;1;1896046203678756574;S
20241016;101359;13906;4;1896046203678756575;B
20241016;101400;13905;2;1896046203678756576;B
20241016;101400;13905;2;1896046203678756577;B
20241016;101404;13903;2;1896046203678756578;S
20241016;101405;13905;1;1896046203678756580;B
20241016;101406;13906;1;1896046203678756581;B
20241016;101406;13905;1;1896046203678756582;S
20241016;101412;13898;5;1896046203678756583;S
20241016;101413;13897;5;1896046203678756584;S
20241016;101413;13895;2;1896046203678756585;S
20241016;101413;13893;6;1896046203678756586;S
20241016;101413;13893;2;1896046203678756587;S
20241016;101414;13892;2;1896046203678756588;S
20241016;101414;13891;11;1896046203678756589;S
20241016;101414;13891;12;1896046203678756590;S
20241016;101415;13892;2;1896046203678756591;S
20241016;101415;13892;2;1896046203678756592;S
20241016;101415;13892;2;1896046203678756593;S
20241016;101415;13891;14;1896046203678756594;S
20241016;101419;13897;2;1896046203678756595;B
20241016;101419;13898;2;1896046203678756596;B
20241016;101419;13899;5;1896046203678756597;B
20241016;101428;13902;4;1896046203678756598;B
20241016;101428;13902;15;1896046203678756599;B
20241016;101428;13902;1;1896046203678756600;B
20241016;101428;13902;1;1896046203678756601;B
20241016;101428;13903;2;1896046203678756602;B
20241016;101428;13903;2;1896046203678756603;B
20241016;101428;13904;2;1896046203678756604;B
20241016;101428;13904;3;1896046203678756605;B
20241016;101428;13904;2;1896046203678756606;B
20241016;101428;13905;6;1896046203678756607;B
20241016;101428;13905;3;1896046203678756608;B
20241016;101428;13905;2;1896046203678756609;B
20241016;101428;13905;7;1896046203678756610;B
20241016;101429;13906;1;1896046203678756611;B
20241016;101429;13906;2;1896046203678756612;B
20241016;101432;13901;1;1896046203678756613;S
20241016;101437;13900;1;1896046203678756614;B
20241016;101438;13898;2;1896046203678756618;B
20241016;101442;13898;1;1896046203678756619;B
20241016;101452;13898;1;1896046203678756620;B
20241016;101457;13903;15;1896046203678756621;B
20241016;101457;13904;5;1896046203678756622;B
20241016;101457;13905;15;1896046203678756623;B
20241016;101457;13905;6;1896046203678756624;B
20241016;101458;13905;1;1896046203678756625;B
20241016;101458;13905;2;1896046203678756626;B
20241016;101500;13903;2;1896046203678756627;B
20241016;101500;13904;1;1896046203678756628;B
20241016;101500;13904;1;1896046203678756629;B
20241016;101500;13902;1;1896046203678756630;S
20241016;101503;13901;3;1896046203678756631;S
20241016;101506;13901;1;1896046203678756632;S
20241016;101510;13900;2;1896046203678756633;S
20241016;101513;13901;1;1896046203678756634;S
20241016;101514;13900;2;1896046203678756635;S
20241016;101515;13900;1;1896046203678756636;S
20241016;101537;13899;2;1896046203678756638;B
20241016;101539;13899;2;1896046203678756641;B
20241016;101539;13899;1;1896046203678756646;B
20241016;101539;13899;1;1896046203678756651;B
20241016;101539;13899;3;1896046203678756656;B
20241016;101539;13899;5;1896046203678756661;B
20241016;101539;13899;1;1896046203678756666;B
20241016;101539;13899;2;1896046203678756671;B
20241016;101539;13900;1;1896046203678756676;B
20241016;101539;13900;4;1896046203678756681;B
20241016;101555;13897;2;1896046203678756685;B
20241016;101555;13897;4;1896046203678756686;B
20241016;101555;13899;15;1896046203678756687;B
20241016;101555;13900;7;1896046203678756688;B
20241016;101606;13900;6;1896046203678756689;S
20241016;101606;13900;2;1896046203678756690;S
20241016;101606;13901;2;1896046203678756691;B
20241016;101606;13901;13;1896046203678756692;B
20241016;101608;13899;1;1896046203678756693;B
20241016;101616;13896;2;1896046203678756694;S
20241016;101616;13896;1;1896046203678756695;S
20241016;101626;13896;1;1896046203678756696;S
20241016;101628;13895;30;1896046203678756697;S
20241016;101632;13895;10;1896046203678756698;S
20241016;101635;13895;2;1896046203678756700;B
20241016;101639;13894;1;1896046203678756701;S
20241016;101658;13895;2;1896046203678756703;B
20241016;101701;13894;1;1896046203678756707;S
20241016;101703;13890;1;1896046203678756708;S
20241016;101703;13890;40;1896046203678756709;S
20241016;101703;13890;2;1896046203678756710;S
20241016;101703;13889;5;1896046203678756711;S
20241016;101703;13889;2;1896046203678756712;S
20241016;101703;13888;1;1896046203678756713;S
20241016;101703;13887;33;1896046203678756714;S
20241016;101703;13886;5;1896046203678756715;S
20241016;101703;13884;2;1896046203678756716;S
20241016;101703;13884;1;1896046203678756717;S
20241016;101703;13883;6;1896046203678756718;S
20241016;101703;13883;3;1896046203678756719;S
20241016;101705;13882;1;1896046203678756720;S
20241016;101705;13882;5;1896046203678756721;S
20241016;101707;13882;1;1896046203678756722;S
20241016;101707;13881;6;1896046203678756723;S
20241016;101708;13881;2;1896046203678756724;S
20241016;101708;13880;1;1896046203678756725;S
20241016;101708;13880;6;1896046203678756726;S
20241016;101708;13879;6;1896046203678756727;S
20241016;101710;13882;1;1896046203678756729;B
20241016;101712;13880;2;1896046203678756733;B
20241016;101719;13882;1;1896046203678756734;B
20241016;101724;13882;1;1896046203678756735;S
20241016;101726;13881;6;1896046203678756736;S
20241016;101726;13881;2;1896046203678756737;S
20241016;101726;13880;6;1896046203678756738;S
20241016;101726;13880;8;1896046203678756739;S
20241016;101726;13880;10;1896046203678756740;S
20241016;101726;13880;10;1896046203678756741;S
20241016;101726;13879;6;1896046203678756742;S
20241016;101726;13879;2;1896046203678756743;S
20241016;101726;13878;6;1896046203678756744;S
20241016;101726;13878;2;1896046203678756745;S
20241016;101726;13878;2;1896046203678756746;S
20241016;101726;13878;4;1896046203678756747;S
20241016;101726;13877;4;1896046203678756748;S
20241016;101726;13877;6;1896046203678756749;S
20241016;101726;13877;2;1896046203678756750;S
20241016;101726;13877;40;1896046203678756751;S
20241016;101726;13876;6;1896046203678756752;S
20241016;101726;13876;2;1896046203678756753;S
20241016;101726;13876;3;1896046203678756754;S
20241016;101726;13876;2;1896046203678756755;S
20241016;101726;13875;2;1896046203678756756;S
20241016;101726;13875;1;1896046203678756757;S
20241016;101726;13875;6;1896046203678756758;S
20241016;101726;13874;6;1896046203678756759;S
20241016;101726;13873;1;1896046203678756760;S
20241016;101726;13873;6;1896046203678756761;S
20241016;101726;13872;10;1896046203678756762;S
20241016;101726;13872;6;1896046203678756763;S
20241016;101726;13872;1;1896046203678756764;S
20241016;101726;13871;10;1896046203678756765;S
20241016;101726;13869;1;1896046203678756766;S
20241016;101726;13869;3;1896046203678756771;S
20241016;101726;13869;4;1896046203678756776;S
20241016;101726;13869;1;1896046203678756781;S
20241016;101726;13869;11;1896046203678756782;S
20241016;101726;13868;1;1896046203678756783;S
20241016;101726;13867;2;1896046203678756784;S
20241016;101726;13867;3;1896046203678756785;S
20241016;101726;13866;1;1896046203678756786;S
20241016;101726;13866;3;1896046203678756791;S
20241016;101726;13866;1;1896046203678756796;S
20241016;101726;13866;2;1896046203678756801;S
20241016;101726;13866;1;1896046203678756802;S
20241016;101726;13866;1;1896046203678756803;S
20241016;101726;13866;1;1896046203678756808;S
20241016;101726;13865;1;1896046203678756813;S
20241016;101726;13865;1;1896046203678756818;S
20241016;101726;13864;1;1896046203678756819;S
20241016;101726;13864;1;1896046203678756820;S
20241016;101726;13864;15;1896046203678756821;S
20241016;101726;13864;2;1896046203678756822;S
20241016;101726;13864;2;1896046203678756823;S
20241016;101726;13864;1;1896046203678756824;S
20241016;101726;13864;5;1896046203678756825;S
20241016;101726;13864;5;1896046203678756826;S
20241016;101726;13863;1;1896046203678756827;S
20241016;101726;13863;35;1896046203678756828;S
20241016;101726;13863;6;1896046203678756829;S
20241016;101726;13863;1;1896046203678756830;S
20241016;101726;13862;2;1896046203678756831;S
20241016;101726;13862;1;1896046203678756832;S
20241016;101726;13862;3;1896046203678756833;S
20241016;101726;13861;2;1896046203678756834;S
20241016;101726;13861;1;1896046203678756835;S
20241016;101726;13874;1;1896046203678756836;S
20241016;101726;13874;3;1896046203678756837;S
20241016;101726;13874;1;1896046203678756838;S
20241016;101727;13879;1;1896046203678756839;B
20241016;101728;13875;2;1896046203678756840;S
20241016;101733;13879;1;1896046203678756841;B
20241016;101733;13879;1;1896046203678756842;S
20241016;101734;13882;1;1896046203678756843;B
20241016;101734;13882;4;1896046203678756844;B
20241016;101734;13883;1;1896046203678756845;B
20241016;101734;13884;3;1896046203678756846;B
20241016;101734;13885;1;1896046203678756847;B
20241016;101734;13886;6;1896046203678756848;B
20241016;101734;13886;2;1896046203678756849;B
20241016;101734;13886;1;1896046203678756850;B
20241016;101734;13886;2;1896046203678756851;B
20241016;101734;13886;1;1896046203678756852;B
20241016;101743;13887;2;1896046203678756853;B
20241016;101744;13886;1;1896046203678756854;S
20241016;101744;13886;1;1896046203678756856;S
20241016;101808;13888;1;1896046203678756857;B
20241016;101813;13887;1;1896046203678756858;S
20241016;101813;13886;1;1896046203678756859;S
20241016;101817;13885;2;1896046203678756861;B
20241016;101817;13885;1;1896046203678756866;B
20241016;101828;13880;2;1896046203678756870;S
20241016;101852;13884;1;1896046203678756872;B
20241016;101914;13879;2;1896046203678756873;S
20241016;101915;13882;2;1896046203678756874;B
20241016;101915;13882;2;1896046203678756875;B
20241016;101915;13882;1;1896046203678756876;B
20241016;101915;13882;15;1896046203678756877;B
20241016;101928;13880;2;1896046203678756878;B
20241016;101928;13880;2;1896046203678756879;B
20241016;101928;13880;15;1896046203678756880;B
20241016;101928;13880;31;1896046203678756881;B
20241016;101931;13879;4;1896046203678756882;S
20241016;101937;13874;1;1896046203678756883;S
20241016;101937;13873;1;1896046203678756884;S
20241016;101937;13873;2;1896046203678756885;S
20241016;101937;13873;2;1896046203678756886;S
20241016;101937;13873;1;1896046203678756887;S
20241016;101937;13873;1;1896046203678756888;S
20241016;101937;13872;2;1896046203678756889;S
20241016;101937;13872;2;1896046203678756890;S
20241016;101937;13871;1;1896046203678756891;S
20241016;101937;13871;5;1896046203678756892;S
20241016;101937;13871;2;1896046203678756893;S
20241016;101937;13872;2;1896046203678756894;S
20241016;101937;13871;9;1896046203678756895;S
20241016;101937;13871;2;1896046203678756896;S
20241016;101937;13871;2;1896046203678756897;S
20241016;101937;13871;2;1896046203678756898;S
20241016;101937;13872;2;1896046203678756899;S
20241016;101937;13871;2;1896046203678756900;S
20241016;101937;13871;2;1896046203678756901;S
20241016;101937;13871;6;1896046203678756902;S
20241016;101937;13871;4;1896046203678756903;S
20241016;101937;13871;8;1896046203678756904;S
20241016;101937;13871;2;1896046203678756905;S
20241016;101937;13870;6;1896046203678756906;S
20241016;101937;13870;10;1896046203678756907;S
20241016;101937;13870;7;1896046203678756908;S
20241016;101937;13871;2;1896046203678756909;S
20241016;101937;13870;3;1896046203678756910;S
20241016;101937;13870;11;1896046203678756911;S
20241016;101937;13870;9;1896046203678756912;S
20241016;101942;13876;11;1896046203678756913;B
20241016;101942;13877;2;1896046203678756914;B
20241016;101942;13877;4;1896046203678756915;B
20241016;101942;13879;2;1896046203678756916;B
20241016;101942;13879;1;1896046203678756917;B
20241016;101942;13879;2;1896046203678756918;B
20241016;101942;13879;2;1896046203678756919;B
20241016;101942;13879;1;1896046203678756920;B
20241016;101942;13879;1;1896046203678756921;B
20241016;101942;13879;2;1896046203678756922;B
20241016;101942;13880;2;1896046203678756923;B
20241016;101942;13880;1;1896046203678756924;B
20241016;101942;13881;6;1896046203678756925;B
20241016;101942;13881;2;1896046203678756926;B
20241016;101942;13881;1;1896046203678756927;B
20241016;101942;13881;2;1896046203678756928;B
20241016;101942;13882;6;1896046203678756929;B
20241016;101942;13883;2;1896046203678756930;B
20241016;101952;13880;5;1896046203678756931;S
20241016;101952;13877;1;1896046203678756932;S
20241016;102002;13876;1;1896046203678756933;S
20241016;102002;13876;1;1896046203678756934;S
20241016;102002;13875;1;1896046203678756935;S
20241016;102020;13877;1;1896046203678756937;B
20241016;102022;13876;10;1896046203678756941;S
20241016;102024;13875;1;1896046203678756942;S
20241016;102030;13875;2;1896046203678756943;S
20241016;102032;13875;1;1896046203678756944;S
20241016;102035;13875;1;1896046203678756945;S
20241016;102037;13875;2;1896046203678756946;B
20241016;102037;13875;4;1896046203678756947;S
20241016;102037;13875;1;1896046203678756948;S
20241016;102038;13875;41;1896046203678756949;S
20241016;102038;13871;1;1896046203678756950;S
20241016;102038;13870;1;1896046203678756951;S
20241016;102040;13870;3;1896046203678756952;S
20241016;102040;13870;1;1896046203678756953;S
20241016;102040;13870;1;1896046203678756954;S
20241016;102040;13870;2;1896046203678756955;S
20241016;102040;13868;1;1896046203678756956;S
20241016;102040;13868;3;1896046203678756957;S
20241016;102041;13869;1;1896046203678756958;S
20241016;102045;13869;2;1896046203678756959;S
20241016;102045;13869;1;1896046203678756960;S
20241016;102051;13869;2;1896046203678756961;S
20241016;102051;13869;1;1896046203678756962;S
20241016;102057;13869;1;1896046203678756963;S
20241016;102058;13869;2;1896046203678756964;S
20241016;102058;13868;2;1896046203678756965;S
20241016;102058;13868;6;1896046203678756966;S
20241016;102104;13868;2;1896046203678756967;S
20241016;102104;13867;10;1896046203678756968;S
20241016;102107;13867;2;1896046203678756970;B
20241016;102110;13866;1;1896046203678756971;B
20241016;102110;13866;1;1896046203678756972;B
20241016;102110;13866;2;1896046203678756973;B
20241016;102110;13866;2;1896046203678756974;B
20241016;102110;13867;2;1896046203678756975;B
20241016;102110;13867;1;1896046203678756976;B
20241016;102110;13867;1;1896046203678756977;B
20241016;102114;13865;10;1896046203678756978;S
20241016;102114;13864;1;1896046203678756979;S
20241016;102114;13864;6;1896046203678756980;S
20241016;102114;13863;6;1896046203678756981;S
20241016;102114;13863;1;1896046203678756982;S
20241016;102114;13863;5;1896046203678756983;S
20241016;102114;13863;5;1896046203678756984;S
20241016;102114;13863;1;1896046203678756985;S
20241016;102114;13863;2;1896046203678756986;S
20241016;102114;13862;10;1896046203678756987;S
20241016;102114;13862;5;1896046203678756988;S
20241016;102114;13862;5;1896046203678756989;S
20241016;102114;13862;6;1896046203678756990;S
20241016;102114;13862;2;1896046203678756991;S
20241016;102114;13862;1;1896046203678756992;S
20241016;102114;13862;2;1896046203678756993;S
20241016;102114;13862;5;1896046203678756994;S
20241016;102114;13861;1;1896046203678756995;S
20241016;102114;13861;6;1896046203678756996;S
20241016;102114;13861;1;1896046203678756997;S
20241016;102114;13861;2;1896046203678756998;S
20241016;102114;13861;40;1896046203678756999;S
20241016;102114;13860;2;1896046203678757000;S
20241016;102114;13860;28;1896046203678757001;S
20241016;102114;13860;10;1896046203678757002;S
20241016;102114;13860;1;1896046203678757003;S
20241016;102114;13861;2;1896046203678757004;S
20241016;102114;13861;2;1896046203678757005;S
20241016;102114;13861;6;1896046203678757006;S
20241016;102114;13861;2;1896046203678757007;S
20241016;102114;13861;5;1896046203678757008;S
20241016;102114;13860;15;1896046203678757009;S
20241016;102118;13861;2;1896046203678757010;S
20241016;102118;13861;6;1896046203678757011;S
20241016;102118;13860;22;1896046203678757012;S
20241016;102121;13861;1;1896046203678757013;S
20241016;102123;13861;1;1896046203678757014;S
20241016;102124;13862;2;1896046203678757015;S
20241016;102124;13862;5;1896046203678757016;S
20241016;102124;13861;19;1896046203678757017;S
20241016;102124;13861;6;1896046203678757018;S
20241016;102124;13861;2;1896046203678757019;S
20241016;102124;13861;5;1896046203678757020;S
20241016;102124;13860;12;1896046203678757021;S
20241016;102124;13860;6;1896046203678757022;S
20241016;102124;13860;2;1896046203678757023;S
20241016;102124;13860;15;1896046203678757024;S
20241016;102124;13859;2;1896046203678757025;S
20241016;102124;13859;6;1896046203678757026;S
20241016;102124;13859;40;1896046203678757027;S
20241016;102124;13859;32;1896046203678757028;S
20241016;102124;13859;4;1896046203678757029;S
20241016;102124;13858;6;1896046203678757030;S
20241016;102124;13858;2;1896046203678757031;S
20241016;102124;13857;10;1896046203678757032;S
20241016;102124;13857;1;1896046203678757033;S
20241016;102124;13857;6;1896046203678757034;S
20241016;102124;13857;2;1896046203678757035;S
20241016;102124;13856;1;1896046203678757036;S
20241016;102124;13856;6;1896046203678757037;S
20241016;102124;13855;10;1896046203678757038;S
20241016;102124;13855;1;1896046203678757039;S
20241016;102124;13855;6;1896046203678757040;S
20241016;102124;13854;1;1896046203678757041;S
20241016;102124;13854;2;1896046203678757042;S
20241016;102124;13854;6;1896046203678757043;S
20241016;102124;13853;6;1896046203678757044;S
20241016;102124;13853;15;1896046203678757045;S
20241016;102124;13853;10;1896046203678757046;S
20241016;102124;13852;10;1896046203678757047;S
20241016;102124;13852;1;1896046203678757048;S
20241016;102124;13852;6;1896046203678757049;S
20241016;102124;13852;2;1896046203678757050;S
20241016;102124;13852;2;1896046203678757051;S
20241016;102124;13852;5;1896046203678757052;S
20241016;102124;13851;1;1896046203678757053;S
20241016;102124;13851;15;1896046203678757054;S
20241016;102124;13851;2;1896046203678757055;S
20241016;102124;13851;1;1896046203678757056;S
20241016;102124;13851;6;1896046203678757057;S
20241016;102124;13860;5;1896046203678757058;B
20241016;102124;13860;5;1896046203678757059;B
20241016;102124;13859;2;1896046203678757060;S
20241016;102128;13861;1;1896046203678757061;B
20241016;102129;13862;5;1896046203678757062;B
20241016;102135;13864;2;1896046203678757063;B
20241016;102137;13863;2;1896046203678757064;S
20241016;102137;13862;3;1896046203678757065;S
20241016;102137;13865;2;1896046203678757066;B
20241016;102137;13866;2;1896046203678757067;B
20241016;102137;13866;1;1896046203678757068;B
20241016;102137;13866;2;1896046203678757069;B
20241016;102137;13865;2;1896046203678757070;S
20241016;102137;13865;2;1896046203678757071;S
20241016;102137;13865;40;1896046203678757072;S
20241016;102137;13865;5;1896046203678757073;S
20241016;102137;13865;16;1896046203678757074;S
20241016;102137;13865;4;1896046203678757075;S
20241016;102138;13865;11;1896046203678757076;B
20241016;102138;13866;2;1896046203678757077;B
20241016;102138;13866;1;1896046203678757078;B
20241016;102139;13867;2;1896046203678757079;B
20241016;102140;13868;6;1896046203678757080;B
20241016;102140;13868;2;1896046203678757081;B
20241016;102140;13868;2;1896046203678757082;B
20241016;102140;13869;6;1896046203678757083;B
20241016;102140;13869;1;1896046203678757084;B
20241016;102140;13869;1;1896046203678757085;B
20241016;102140;13869;2;1896046203678757086;B
20241016;102140;13869;1;1896046203678757087;B
20241016;102140;13870;1;1896046203678757088;B
20241016;102140;13870;6;1896046203678757089;B
20241016;102140;13870;1;1896046203678757090;B
20241016;102140;13870;1;1896046203678757091;B
20241016;102140;13870;2;1896046203678757092;B
20241016;102140;13871;6;1896046203678757093;B
20241016;102140;13872;6;1896046203678757094;B
20241016;102140;13872;2;1896046203678757095;B
20241016;102140;13873;6;1896046203678757096;B
20241016;102140;13873;2;1896046203678757097;B
20241016;102140;13873;1;1896046203678757098;B
20241016;102140;13873;3;1896046203678757099;B
20241016;102140;13874;6;1896046203678757100;B
20241016;102140;13874;2;1896046203678757101;B
20241016;102140;13875;6;1896046203678757102;B
20241016;102140;13875;4;1896046203678757103;B
20241016;102140;13876;6;1896046203678757104;B
20241016;102140;13876;11;1896046203678757105;B
20241016;102140;13876;2;1896046203678757106;B
20241016;102140;13876;15;1896046203678757107;B
20241016;102140;13877;6;1896046203678757108;B
20241016;102140;13877;6;1896046203678757109;B
20241016;102140;13877;10;1896046203678757110;B
20241016;102140;13877;2;1896046203678757111;B
20241016;102140;13878;3;1896046203678757112;B
20241016;102140;13878;3;1896046203678757113;B
20241016;102140;13879;1;1896046203678757114;B
20241016;102140;13879;2;1896046203678757115;B
20241016;102140;13879;2;1896046203678757116;B
20241016;102140;13882;1;1896046203678757117;B
20241016;102140;13882;10;1896046203678757118;B
20241016;102140;13886;10;1896046203678757119;B
20241016;102140;13887;15;1896046203678757120;B
20241016;102140;13888;3;1896046203678757121;B
20241016;102140;13888;16;1896046203678757122;B
20241016;102140;13872;6;1896046203678757123;B
20241016;102140;13872;6;1896046203678757124;B
20241016;102140;13872;6;1896046203678757125;B
20241016;102142;13874;1;1896046203678757126;B
20241016;102153;13872;6;1896046203678757127;B
20241016;102156;13870;1;1896046203678757129;S
20241016;102159;13870;1;1896046203678757133;S
20241016;102159;13870;1;1896046203678757134;S
20241016;102159;13867;3;1896046203678757135;S
20241016;102159;13867;3;1896046203678757136;S
20241016;102159;13867;2;1896046203678757137;S
20241016;102159;13866;2;1896046203678757138;S
20241016;102159;13866;1;1896046203678757139;S
20241016;102159;13866;2;1896046203678757140;S
20241016;102210;13873;1;1896046203678757141;B
20241016;102216;13869;1;1896046203678757142;B
20241016;102239;13874;1;1896046203678757144;B
20241016;102241;13876;1;1896046203678757145;B
20241016;102241;13876;2;1896046203678757146;B
20241016;102310;13879;1;1896046203678757147;B
20241016;102337;13876;1;1896046203678757148;S
20241016;102337;13877;1;1896046203678757149;B
20241016;102337;13877;2;1896046203678757150;B
20241016;102337;13877;6;1896046203678757151;B
20241016;102337;13878;1;1896046203678757152;B
20241016;102344;13876;1;1896046203678757153;S
20241016;102346;13878;2;1896046203678757154;B
20241016;102348;13878;2;1896046203678757155;B
20241016;102354;13878;2;1896046203678757156;B
20241016;102354;13878;1;1896046203678757157;B
20241016;102405;13877;1;1896046203678757158;S
20241016;102405;13876;5;1896046203678757159;S
20241016;102405;13875;5;1896046203678757160;S
20241016;102416;13873;1;1896046203678757161;S
20241016;102416;13872;2;1896046203678757162;S
20241016;102444;13873;1;1896046203678757163;B
20241016;102509;13872;4;1896046203678757165;S
20241016;102509;13870;4;1896046203678757166;S
20241016;102509;13871;1;1896046203678757167;B
20241016;102514;13870;2;1896046203678757168;S
20241016;102519;13871;1;1896046203678757169;B
20241016;102528;13872;1;1896046203678757171;S
20241016;102528;13877;1;1896046203678757172;B
20241016;102531;13875;2;1896046203678757174;B
20241016;102533;13875;1;1896046203678757175;B
20241016;102533;13876;1;1896046203678757176;B
20241016;102556;13872;1;1896046203678757181;B
20241016;102604;13876;11;1896046203678757182;B
20241016;102604;13878;11;1896046203678757183;B
20241016;102604;13879;9;1896046203678757184;B
20241016;102604;13879;2;1896046203678757185;B
20241016;102604;13879;1;1896046203678757186;B
20241016;102604;13879;5;1896046203678757187;B
20241016;102604;13879;3;1896046203678757188;B
20241016;102604;13879;26;1896046203678757189;B
20241016;102604;13879;18;1896046203678757190;B
20241016;102604;13879;6;1896046203678757191;B
20241016;102604;13882;6;1896046203678757192;B
20241016;102628;13884;1;1896046203678757194;S
20241016;102628;13884;5;1896046203678757195;S
20241016;102644;13882;1;1896046203678757196;S
20241016;102644;13882;1;1896046203678757197;S
20241016;102644;13879;1;1896046203678757198;S
20241016;102658;13879;1;1896046203678757200;S
20241016;102659;13878;1;1896046203678757201;S
20241016;102704;13879;1;1896046203678757202;B
20241016;102736;13879;1;1896046203678757206;B
20241016;102745;13879;1;1896046203678757208;B
20241016;102745;13879;4;1896046203678757209;B
20241016;102745;13884;1;1896046203678757210;B
20241016;102748;13885;2;1896046203678757211;B
20241016;102748;13885;6;1896046203678757212;B
20241016;102748;13885;6;1896046203678757213;B
20241016;102752;13887;6;1896046203678757215;B
20241016;102752;13887;11;1896046203678757216;B
20241016;102752;13887;10;1896046203678757217;B
20241016;102753;13889;1;1896046203678757218;B
20241016;102803;13890;1;1896046203678757219;B
20241016;102803;13890;4;1896046203678757220;B
20241016;102808;13890;1;1896046203678757221;B
20241016;102808;13890;1;1896046203678757222;B
20241016;102810;13890;8;1896046203678757223;B
20241016;102810;13890;1;1896046203678757224;B
20241016;102811;13893;10;1896046203678757225;B
20241016;102811;13893;6;1896046203678757226;B
20241016;102811;13893;1;1896046203678757227;B
20241016;102814;13893;1;1896046203678757228;S
20241016;102816;13894;2;1896046203678757229;B
20241016;102818;13894;4;1896046203678757230;B
20241016;102818;13894;11;1896046203678757231;B
20241016;102820;13895;1;1896046203678757232;B
20241016;102820;13895;4;1896046203678757233;B
20241016;102820;13894;2;1896046203678757234;S
20241016;102820;13894;4;1896046203678757235;S
20241016;102820;13894;1;1896046203678757236;S
20241016;102820;13894;1;1896046203678757237;S
20241016;102825;13895;6;1896046203678757238;B
20241016;102825;13895;6;1896046203678757239;B
20241016;102826;13895;2;1896046203678757241;B
20241016;102836;13895;4;1896046203678757242;B
20241016;102836;13895;2;1896046203678757243;B
20241016;102839;13895;2;1896046203678757244;B
20241016;102849;13894;1;1896046203678757245;S
20241016;102850;13891;1;1896046203678757246;S
20241016;102912;13887;1;1896046203678757249;S
20241016;102914;13887;1;1896046203678757250;S
20241016;102916;13888;1;1896046203678757252;B
20241016;102916;13889;1;1896046203678757253;B
20241016;102930;13890;1;1896046203678757256;B
20241016;102944;13886;1;1896046203678757258;S
20241016;102957;13890;2;1896046203678757259;B
20241016;103003;13890;47;1896046203678757260;B
20241016;103003;13891;50;1896046203678757261;B
20241016;103003;13891;2;1896046203678757262;B
20241016;103003;13895;10;1896046203678757263;B
20241016;103003;13895;29;1896046203678757264;B
20241016;103004;13896;1;1896046203678757265;B
20241016;103004;13896;2;1896046203678757266;B
20241016;103009;13897;1;1896046203678757267;B
20241016;103009;13897;10;1896046203678757268;B
20241016;103010;13896;6;1896046203678757269;S
20241016;103010;13896;2;1896046203678757270;S
20241016;103010;13896;1;1896046203678757271;S
20241016;103010;13896;11;1896046203678757272;S
20241016;103010;13896;5;1896046203678757273;S
20241016;103010;13895;5;1896046203678757274;S
20241016;103010;13895;6;1896046203678757275;S
20241016;103010;13895;1;1896046203678757276;S
20241016;103010;13895;2;1896046203678757277;S
20241016;103010;13894;6;1896046203678757278;S
20241016;103010;13894;2;1896046203678757279;S
20241016;103010;13894;2;1896046203678757280;S
20241016;103010;13893;6;1896046203678757281;S
20241016;103010;13893;2;1896046203678757282;S
20241016;103010;13893;1;1896046203678757283;S
20241016;103010;13893;2;1896046203678757284;S
20241016;103010;13893;2;1896046203678757285;S
20241016;103010;13893;2;1896046203678757286;S
20241016;103010;13893;1;1896046203678757287;S
20241016;103010;13892;6;1896046203678757288;S
20241016;103010;13892;2;1896046203678757289;S
20241016;103010;13892;40;1896046203678757290;S
20241016;103010;13891;6;1896046203678757291;S
20241016;103010;13891;4;1896046203678757292;S
20241016;103010;13891;15;1896046203678757293;B
20241016;103010;13891;1;1896046203678757294;B
20241016;103017;13891;10;1896046203678757295;B
20241016;103039;13887;1;1896046203678757298;S
20241016;103039;13887;2;1896046203678757299;S
20241016;103039;13886;1;1896046203678757300;S
20241016;103044;13888;1;1896046203678757301;B
20241016;103044;13888;1;1896046203678757302;B
20241016;103050;13887;1;1896046203678757303;B
20241016;103056;13887;1;1896046203678757305;B
20241016;103056;13887;1;1896046203678757310;B
20241016;103058;13887;2;1896046203678757314;B
20241016;103107;13885;2;1896046203678757318;S
20241016;103107;13883;6;1896046203678757319;S
20241016;103107;13882;2;1896046203678757320;S
20241016;103121;13881;2;1896046203678757322;B
20241016;103131;13884;1;1896046203678757323;B
20241016;103137;13884;1;1896046203678757325;B
20241016;103225;13888;1;1896046203678757331;B
20241016;103235;13889;1;1896046203678757335;B
20241016;103238;13890;1;1896046203678757336;B
20241016;103244;13887;1;1896046203678757337;S
20241016;103312;13889;1;1896046203678757340;B
20241016;103324;13889;1;1896046203678757344;S
20241016;103324;13887;1;1896046203678757345;S
20241016;103324;13887;1;1896046203678757346;S
20241016;103324;13884;2;1896046203678757347;S
20241016;103324;13883;1;1896046203678757348;S
20241016;103327;13883;1;1896046203678757349;S
20241016;103331;13890;5;1896046203678757350;B
20241016;103331;13890;1;1896046203678757351;B
20241016;103356;13889;1;1896046203678757353;B
20241016;103403;13883;1;1896046203678757357;S
20241016;103403;13883;1;1896046203678757358;S
20241016;103403;13879;1;1896046203678757359;S
20241016;103403;13879;2;1896046203678757360;S
20241016;103403;13879;4;1896046203678757361;S
20241016;103403;13879;3;1896046203678757362;S
20241016;103403;13879;2;1896046203678757363;S
20241016;103403;13879;1;1896046203678757364;S
20241016;103403;13878;2;1896046203678757365;S
20241016;103403;13878;1;1896046203678757366;S
20241016;103403;13878;2;1896046203678757367;S
20241016;103403;13877;2;1896046203678757368;S
20241016;103403;13877;1;1896046203678757369;S
20241016;103403;13876;1;1896046203678757370;S
20241016;103403;13876;3;1896046203678757371;S
20241016;103419;13878;1;1896046203678757372;B
20241016;103419;13882;1;1896046203678757373;B
20241016;103432;13879;2;1896046203678757374;B
20241016;103432;13879;1;1896046203678757375;B
20241016;103437;13880;7;1896046203678757376;B
20241016;103445;13880;2;1896046203678757377;B
20241016;103451;13880;5;1896046203678757378;B
20241016;103457;13880;1;1896046203678757379;B
20241016;103457;13880;4;1896046203678757380;B
20241016;103502;13880;1;1896046203678757381;B
20241016;103519;13888;1;1896046203678757382;S
20241016;103521;13889;1;1896046203678757383;B
20241016;103528;13889;1;1896046203678757384;B
20241016;103528;13889;1;1896046203678757385;B
20241016;103528;13889;1;1896046203678757386;B
20241016;103528;13889;1;1896046203678757387;B
20241016;103528;13890;1;1896046203678757388;B
20241016;103528;13890;5;1896046203678757389;B
20241016;103528;13891;96;1896046203678757390;B
20241016;103528;13891;99;1896046203678757391;B
20241016;103528;13891;29;1896046203678757392;B
20241016;103528;13895;3;1896046203678757393;B
20241016;103528;13896;2;1896046203678757394;B
20241016;103528;13896;3;1896046203678757395;B
20241016;103528;13896;1;1896046203678757396;B
20241016;103528;13896;2;1896046203678757397;B
20241016;103528;13896;2;1896046203678757398;B
20241016;103528;13897;10;1896046203678757399;B
20241016;103528;13897;2;1896046203678757400;B
20241016;103528;13897;2;1896046203678757401;B
20241016;103528;13897;1;1896046203678757402;B
20241016;103528;13898;15;1896046203678757403;B
20241016;103528;13898;1;1896046203678757404;B
20241016;103528;13899;2;1896046203678757405;B
20241016;103528;13900;3;1896046203678757406;B
20241016;103528;13900;11;1896046203678757407;B
20241016;103528;13900;1;1896046203678757408;B
20241016;103528;13900;16;1896046203678757409;B
20241016;103530;13899;2;1896046203678757410;B
20241016;103530;13899;2;1896046203678757411;B
20241016;103530;13900;4;1896046203678757412;B
20241016;103530;13900;6;1896046203678757413;B
20241016;103530;13900;8;1896046203678757414;B
20241016;103532;13898;2;1896046203678757415;S
20241016;103546;13898;1;1896046203678757416;S
20241016;103558;13890;2;1896046203678757417;S
20241016;103558;13889;1;1896046203678757418;S
20241016;103558;13889;2;1896046203678757419;S
20241016;103558;13888;5;1896046203678757420;S
20241016;103558;13888;2;1896046203678757421;S
20241016;103558;13888;2;1896046203678757422;S
20241016;103558;13887;3;1896046203678757423;S
