<DATE>;<TIME>;<LAST>;<VOL>;<ID>;<OPER>
20241007;095904;13832;1;1896046173613984864;B
20241007;095904;13832;1;1896046173613984865;S
20241007;100000;13832;1;1896046173613984866;S
20241007;100003;13832;2;1896046173613984867;B
20241007;100003;13832;4;1896046173613984868;B
20241007;100003;13831;3;1896046173613984869;S
20241007;100003;13831;1;1896046173613984870;S
20241007;100007;13832;1;1896046173613984895;B
20241007;100007;13832;2;1896046173613984896;B
20241007;100007;13832;60;1896046173613984897;B
20241007;100007;13832;4;1896046173613984898;B
20241007;100009;13834;5;1896046173613984899;B
20241007;100009;13834;2;1896046173613984900;B
20241007;100009;13835;10;1896046173613984901;B
20241007;100009;13835;3;1896046173613984902;B
20241007;100009;13835;5;1896046173613984903;B
20241007;100009;13835;5;1896046173613984904;B
20241007;100009;13837;5;1896046173613984905;B
20241007;100009;13838;5;1896046173613984906;B
20241007;100009;13838;2;1896046173613984907;B
20241007;100009;13838;4;1896046173613984908;B
20241007;100009;13838;1;1896046173613984909;B
20241007;100009;13838;1;1896046173613984910;B
20241007;100010;13836;1;1896046173613984911;B
20241007;100010;13838;3;1896046173613984912;B
20241007;100010;13838;2;1896046173613984913;B
20241007;100010;13838;2;1896046173613984914;B
20241007;100010;13839;1;1896046173613984915;B
20241007;100010;13839;1;1896046173613984916;B
20241007;100010;13839;4;1896046173613984917;B
20241007;100010;13839;2;1896046173613984918;B
20241007;100010;13839;2;1896046173613984919;B
20241007;100010;13838;2;1896046173613984920;B
20241007;100010;13838;5;1896046173613984921;B
20241007;100010;13838;5;1896046173613984922;B
20241007;100010;13839;1;1896046173613984923;B
20241007;100010;13839;5;1896046173613984924;B
20241007;100010;13839;5;1896046173613984925;B
20241007;100010;13839;88;1896046173613984926;B
20241007;100010;13839;2;1896046173613984927;B
20241007;100010;13840;37;1896046173613984928;B
20241007;100011;13840;1;1896046173613984929;B
20241007;100011;13839;4;1896046173613984930;B
20241007;100012;13835;1;1896046173613984931;S
20241007;100012;13834;1;1896046173613984932;S
20241007;100012;13833;15;1896046173613984933;S
20241007;100012;13833;3;1896046173613984934;S
20241007;100012;13832;15;1896046173613984935;S
20241007;100012;13832;5;1896046173613984936;S
20241007;100012;13831;1;1896046173613984937;S
20241007;100012;13831;1;1896046173613984938;S
20241007;100012;13832;4;1896046173613984939;S
20241007;100012;13834;3;1896046173613984940;B
20241007;100012;13834;2;1896046173613984941;B
20241007;100014;13837;1;1896046173613984942;B
20241007;100014;13838;1;1896046173613984943;B
20241007;100015;13831;5;1896046173613984944;S
20241007;100016;13832;3;1896046173613984945;S
20241007;100016;13834;1;1896046173613984946;B
20241007;100016;13834;14;1896046173613984947;B
20241007;100016;13834;2;1896046173613984948;B
20241007;100016;13835;5;1896046173613984949;B
20241007;100016;13835;5;1896046173613984950;B
20241007;100016;13836;4;1896046173613984951;B
20241007;100016;13831;1;1896046173613984952;B
20241007;100018;13831;4;1896046173613984953;B
20241007;100018;13830;2;1896046173613984954;S
20241007;100018;13829;1;1896046173613984955;S
20241007;100018;13829;3;1896046173613984956;S
20241007;100018;13829;22;1896046173613984957;S
20241007;100019;13831;1;1896046173613984958;B
20241007;100024;13830;10;1896046173613984959;B
20241007;100025;13830;5;1896046173613984960;B
20241007;100025;13830;1;1896046173613984961;B
20241007;100028;13830;2;1896046173613984962;B
20241007;100028;13831;2;1896046173613984963;B
20241007;100028;13831;12;1896046173613984964;B
20241007;100028;13831;2;1896046173613984965;B
20241007;100029;13829;4;1896046173613984966;S
20241007;100029;13828;2;1896046173613984967;S
20241007;100030;13824;15;1896046173613984968;B
20241007;100030;13825;3;1896046173613984969;B
20241007;100030;13828;2;1896046173613984970;B
20241007;100030;13828;15;1896046173613984971;B
20241007;100030;13828;5;1896046173613984972;B
20241007;100033;13824;1;1896046173613984973;B
20241007;100033;13825;3;1896046173613984974;B
20241007;100033;13826;8;1896046173613984975;B
20241007;100035;13820;1;1896046173613984976;S
20241007;100035;13828;8;1896046173613984977;B
20241007;100035;13828;2;1896046173613984978;B
20241007;100035;13828;15;1896046173613984979;B
20241007;100035;13829;1;1896046173613984980;B
20241007;100035;13830;4;1896046173613984981;B
20241007;100037;13824;15;1896046173613984982;B
20241007;100037;13824;2;1896046173613984983;B
20241007;100037;13825;5;1896046173613984984;B
20241007;100037;13827;3;1896046173613984985;B
20241007;100038;13822;1;1896046173613984986;S
20241007;100038;13821;2;1896046173613984987;S
20241007;100038;13821;3;1896046173613984988;S
20241007;100039;13820;3;1896046173613984989;S
20241007;100039;13819;2;1896046173613984990;S
20241007;100040;13819;2;1896046173613984991;S
20241007;100048;13814;3;1896046173613984992;B
20241007;100048;13813;5;1896046173613984993;S
20241007;100049;13813;3;1896046173613984994;S
20241007;100049;13813;2;1896046173613984995;S
20241007;100049;13813;5;1896046173613984996;S
20241007;100050;13813;5;1896046173613984997;S
20241007;100050;13813;5;1896046173613984998;S
20241007;100051;13812;1;1896046173613984999;S
20241007;100054;13807;5;1896046173613985000;S
20241007;100054;13807;1;1896046173613985001;S
20241007;100054;13806;5;1896046173613985002;S
20241007;100054;13805;1;1896046173613985003;S
20241007;100054;13805;2;1896046173613985004;S
20241007;100056;13808;2;1896046173613985005;B
20241007;100056;13809;35;1896046173613985006;B
20241007;100056;13810;2;1896046173613985007;B
20241007;100056;13811;4;1896046173613985008;B
20241007;100059;13814;2;1896046173613985009;S
20241007;100101;13809;1;1896046173613985010;S
20241007;100101;13809;3;1896046173613985012;S
20241007;100102;13809;16;1896046173613985013;S
20241007;100102;13807;5;1896046173613985014;S
20241007;100102;13806;5;1896046173613985015;S
20241007;100102;13806;2;1896046173613985016;S
20241007;100102;13805;5;1896046173613985017;S
20241007;100102;13805;2;1896046173613985018;S
20241007;100102;13804;5;1896046173613985019;S
20241007;100102;13804;2;1896046173613985020;S
20241007;100102;13803;1;1896046173613985021;S
20241007;100102;13803;5;1896046173613985022;S
20241007;100102;13803;2;1896046173613985023;S
20241007;100102;13803;1;1896046173613985024;S
20241007;100102;13803;8;1896046173613985025;S
20241007;100102;13802;1;1896046173613985026;S
20241007;100102;13802;5;1896046173613985027;S
20241007;100102;13802;2;1896046173613985028;S
20241007;100102;13801;3;1896046173613985029;S
20241007;100102;13801;3;1896046173613985030;S
20241007;100102;13801;5;1896046173613985031;S
20241007;100102;13801;5;1896046173613985032;S
20241007;100102;13801;2;1896046173613985033;S
20241007;100102;13800;22;1896046173613985034;S
20241007;100102;13800;10;1896046173613985035;S
20241007;100102;13800;5;1896046173613985036;S
20241007;100102;13799;10;1896046173613985037;S
20241007;100102;13799;5;1896046173613985038;S
20241007;100102;13798;1;1896046173613985039;S
20241007;100102;13798;5;1896046173613985040;S
20241007;100102;13797;7;1896046173613985041;S
20241007;100103;13803;2;1896046173613985042;S
20241007;100103;13803;3;1896046173613985043;S
20241007;100106;13808;2;1896046173613985044;B
20241007;100106;13809;1;1896046173613985045;B
20241007;100108;13809;1;1896046173613985046;S
20241007;100108;13804;2;1896046173613985047;S
20241007;100109;13805;3;1896046173613985048;B
20241007;100109;13811;2;1896046173613985049;B
20241007;100111;13812;9;1896046173613985050;B
20241007;100113;13806;2;1896046173613985051;S
20241007;100115;13805;1;1896046173613985052;S
20241007;100115;13804;2;1896046173613985053;S
20241007;100118;13809;2;1896046173613985054;B
20241007;100118;13810;18;1896046173613985055;B
20241007;100118;13810;8;1896046173613985056;B
20241007;100118;13805;2;1896046173613985057;S
20241007;100118;13805;8;1896046173613985058;S
20241007;100118;13805;2;1896046173613985059;S
20241007;100118;13804;1;1896046173613985060;S
20241007;100118;13804;2;1896046173613985061;S
20241007;100118;13804;19;1896046173613985062;S
20241007;100119;13809;1;1896046173613985063;B
20241007;100119;13809;1;1896046173613985064;B
20241007;100119;13810;1;1896046173613985065;B
20241007;100120;13809;2;1896046173613985066;B
20241007;100120;13810;1;1896046173613985067;B
20241007;100121;13810;1;1896046173613985068;B
20241007;100121;13810;10;1896046173613985069;B
20241007;100123;13805;1;1896046173613985070;S
20241007;100123;13807;1;1896046173613985071;S
20241007;100126;13810;50;1896046173613985072;B
20241007;100126;13810;20;1896046173613985073;B
20241007;100126;13810;43;1896046173613985074;B
20241007;100126;13810;4;1896046173613985075;B
20241007;100126;13810;58;1896046173613985076;B
20241007;100126;13810;15;1896046173613985077;B
20241007;100126;13810;20;1896046173613985078;B
20241007;100126;13810;1;1896046173613985079;B
20241007;100127;13812;2;1896046173613985080;S
20241007;100128;13813;28;1896046173613985081;B
20241007;100128;13813;12;1896046173613985082;B
20241007;100128;13813;1;1896046173613985083;B
20241007;100130;13813;4;1896046173613985084;B
20241007;100131;13813;9;1896046173613985085;B
20241007;100131;13813;1;1896046173613985086;B
20241007;100131;13812;14;1896046173613985087;B
20241007;100131;13813;11;1896046173613985088;B
20241007;100131;13812;8;1896046173613985089;S
20241007;100131;13812;2;1896046173613985090;B
20241007;100131;13813;1;1896046173613985091;B
20241007;100132;13813;57;1896046173613985092;B
20241007;100132;13813;102;1896046173613985093;B
20241007;100133;13813;9;1896046173613985094;B
20241007;100133;13813;9;1896046173613985095;B
20241007;100133;13813;120;1896046173613985096;B
20241007;100133;13813;8;1896046173613985097;B
20241007;100133;13813;4;1896046173613985098;B
20241007;100135;13818;1;1896046173613985099;B
20241007;100135;13817;2;1896046173613985100;S
20241007;100135;13816;2;1896046173613985101;S
20241007;100135;13814;1;1896046173613985102;S
20241007;100136;13817;1;1896046173613985103;S
20241007;100141;13818;2;1896046173613985104;B
20241007;100141;13821;3;1896046173613985105;B
20241007;100142;13813;2;1896046173613985106;S
20241007;100142;13813;1;1896046173613985107;S
20241007;100144;13822;5;1896046173613985108;B
20241007;100144;13825;3;1896046173613985109;B
20241007;100146;13827;1;1896046173613985110;B
20241007;100147;13828;4;1896046173613985111;B
20241007;100147;13825;2;1896046173613985112;S
20241007;100148;13828;1;1896046173613985113;B
20241007;100148;13828;2;1896046173613985114;B
20241007;100148;13829;5;1896046173613985115;B
20241007;100148;13829;8;1896046173613985116;B
20241007;100148;13830;1;1896046173613985117;B
20241007;100148;13830;1;1896046173613985118;B
20241007;100148;13830;1;1896046173613985119;B
20241007;100148;13830;1;1896046173613985120;B
20241007;100148;13830;1;1896046173613985121;B
20241007;100148;13830;1;1896046173613985122;B
20241007;100148;13830;1;1896046173613985123;B
20241007;100148;13830;1;1896046173613985124;B
20241007;100148;13830;1;1896046173613985125;B
20241007;100148;13830;1;1896046173613985126;B
20241007;100148;13836;2;1896046173613985127;B
20241007;100148;13836;1;1896046173613985128;B
20241007;100148;13836;2;1896046173613985129;B
20241007;100148;13836;2;1896046173613985130;B
20241007;100148;13836;1;1896046173613985131;B
20241007;100148;13836;3;1896046173613985132;B
20241007;100148;13836;1;1896046173613985133;B
20241007;100148;13833;1;1896046173613985134;B
20241007;100148;13833;4;1896046173613985135;B
20241007;100148;13833;11;1896046173613985136;B
20241007;100149;13830;3;1896046173613985137;B
20241007;100149;13832;2;1896046173613985138;B
20241007;100149;13832;5;1896046173613985139;B
20241007;100149;13833;33;1896046173613985140;B
20241007;100150;13833;3;1896046173613985141;B
20241007;100150;13833;1;1896046173613985142;B
20241007;100151;13832;1;1896046173613985143;S
20241007;100152;13835;5;1896046173613985144;B
20241007;100152;13835;2;1896046173613985145;B
20241007;100152;13835;2;1896046173613985146;B
20241007;100155;13834;2;1896046173613985147;B
20241007;100155;13834;3;1896046173613985148;B
20241007;100158;13839;15;1896046173613985149;B
20241007;100158;13839;2;1896046173613985150;B
20241007;100158;13839;3;1896046173613985151;B
20241007;100158;13840;53;1896046173613985152;B
20241007;100158;13840;4;1896046173613985153;B
20241007;100158;13840;1;1896046173613985154;B
20241007;100158;13841;1;1896046173613985155;B
20241007;100159;13842;125;1896046173613985156;B
20241007;100159;13844;50;1896046173613985157;B
20241007;100159;13844;5;1896046173613985158;B
20241007;100159;13844;8;1896046173613985159;B
20241007;100159;13846;35;1896046173613985160;B
20241007;100159;13846;50;1896046173613985161;B
20241007;100159;13846;5;1896046173613985162;B
20241007;100159;13846;1;1896046173613985163;B
20241007;100159;13848;10;1896046173613985164;B
20241007;100159;13848;1;1896046173613985165;B
20241007;100159;13849;2;1896046173613985166;B
20241007;100159;13849;1;1896046173613985167;B
20241007;100159;13848;1;1896046173613985168;S
20241007;100159;13850;1;1896046173613985169;B
20241007;100159;13850;2;1896046173613985170;B
20241007;100159;13850;1;1896046173613985171;B
20241007;100159;13850;1;1896046173613985172;B
20241007;100200;13853;20;1896046173613985173;B
20241007;100200;13853;1;1896046173613985174;B
20241007;100200;13853;3;1896046173613985175;B
20241007;100200;13853;2;1896046173613985176;S
20241007;100200;13853;1;1896046173613985177;B
20241007;100200;13852;1;1896046173613985178;S
20241007;100200;13853;20;1896046173613985179;B
20241007;100201;13852;1;1896046173613985180;S
20241007;100201;13853;5;1896046173613985181;B
20241007;100201;13854;1;1896046173613985182;B
20241007;100201;13854;9;1896046173613985183;B
20241007;100201;13854;17;1896046173613985184;B
20241007;100201;13855;5;1896046173613985185;B
20241007;100201;13855;3;1896046173613985186;B
20241007;100201;13855;1;1896046173613985187;B
20241007;100201;13856;26;1896046173613985192;B
20241007;100201;13857;4;1896046173613985193;B
20241007;100201;13858;2;1896046173613985194;B
20241007;100201;13858;5;1896046173613985195;B
20241007;100201;13859;2;1896046173613985196;B
20241007;100201;13859;1;1896046173613985197;B
20241007;100201;13859;4;1896046173613985198;B
20241007;100201;13860;5;1896046173613985199;B
20241007;100201;13860;5;1896046173613985200;B
20241007;100201;13860;5;1896046173613985201;B
20241007;100201;13860;1;1896046173613985202;S
20241007;100201;13860;1;1896046173613985203;B
20241007;100202;13860;3;1896046173613985204;B
20241007;100202;13860;1;1896046173613985205;B
20241007;100202;13860;1;1896046173613985206;B
20241007;100202;13860;1;1896046173613985207;B
20241007;100202;13861;1;1896046173613985208;B
20241007;100203;13863;1;1896046173613985209;B
20241007;100203;13863;3;1896046173613985210;B
20241007;100203;13863;1;1896046173613985211;B
20241007;100204;13864;1;1896046173613985212;B
20241007;100204;13864;2;1896046173613985213;B
20241007;100204;13864;1;1896046173613985214;B
20241007;100205;13864;2;1896046173613985215;B
20241007;100205;13864;1;1896046173613985216;B
20241007;100205;13865;1;1896046173613985217;B
20241007;100205;13865;1;1896046173613985218;B
20241007;100205;13865;4;1896046173613985219;B
20241007;100205;13866;1;1896046173613985220;B
20241007;100205;13866;1;1896046173613985221;B
20241007;100205;13865;1;1896046173613985222;B
20241007;100206;13863;1;1896046173613985223;S
20241007;100206;13865;4;1896046173613985224;B
20241007;100209;13865;1;1896046173613985225;B
20241007;100209;13865;2;1896046173613985226;B
20241007;100209;13865;6;1896046173613985227;B
20241007;100209;13866;4;1896046173613985228;B
20241007;100209;13864;1;1896046173613985229;S
20241007;100210;13864;1;1896046173613985230;S
20241007;100210;13865;1;1896046173613985231;B
20241007;100211;13864;1;1896046173613985232;S
20241007;100212;13865;1;1896046173613985233;B
20241007;100213;13864;1;1896046173613985234;S
20241007;100213;13865;3;1896046173613985235;B
20241007;100213;13864;1;1896046173613985236;S
20241007;100213;13864;2;1896046173613985237;S
20241007;100213;13864;2;1896046173613985238;S
20241007;100213;13864;4;1896046173613985239;S
20241007;100213;13864;3;1896046173613985240;S
20241007;100213;13864;3;1896046173613985241;S
20241007;100213;13865;1;1896046173613985242;B
20241007;100213;13865;2;1896046173613985243;B
20241007;100213;13857;2;1896046173613985244;S
20241007;100214;13857;1;1896046173613985245;B
20241007;100214;13857;6;1896046173613985246;B
20241007;100214;13857;1;1896046173613985247;B
20241007;100214;13861;2;1896046173613985248;B
20241007;100214;13857;2;1896046173613985249;S
20241007;100214;13857;2;1896046173613985250;S
20241007;100214;13856;8;1896046173613985251;S
20241007;100214;13856;3;1896046173613985252;S
20241007;100214;13856;2;1896046173613985253;S
20241007;100214;13855;13;1896046173613985254;S
20241007;100215;13861;5;1896046173613985255;B
20241007;100215;13861;2;1896046173613985256;B
20241007;100215;13862;1;1896046173613985257;B
20241007;100215;13856;2;1896046173613985258;S
20241007;100215;13855;2;1896046173613985259;S
20241007;100216;13861;1;1896046173613985260;B
20241007;100216;13860;8;1896046173613985261;B
20241007;100217;13856;2;1896046173613985262;S
20241007;100217;13855;2;1896046173613985263;S
20241007;100218;13853;2;1896046173613985264;S
20241007;100218;13852;33;1896046173613985265;S
20241007;100218;13848;1;1896046173613985266;S
20241007;100218;13856;4;1896046173613985267;B
20241007;100221;13846;1;1896046173613985268;S
20241007;100222;13850;1;1896046173613985269;S
20241007;100222;13842;4;1896046173613985270;S
20241007;100222;13845;10;1896046173613985271;S
20241007;100223;13844;15;1896046173613985272;S
20241007;100223;13844;5;1896046173613985273;S
20241007;100226;13843;15;1896046173613985274;B
20241007;100226;13843;5;1896046173613985275;B
20241007;100226;13843;2;1896046173613985276;B
20241007;100226;13844;6;1896046173613985277;B
20241007;100226;13844;5;1896046173613985278;B
20241007;100226;13845;5;1896046173613985279;B
20241007;100226;13845;2;1896046173613985280;B
20241007;100226;13846;1;1896046173613985281;B
20241007;100226;13846;15;1896046173613985282;B
20241007;100226;13846;5;1896046173613985283;B
20241007;100226;13846;2;1896046173613985284;B
20241007;100226;13847;83;1896046173613985285;B
20241007;100226;13847;4;1896046173613985286;B
20241007;100230;13838;1;1896046173613985287;S
20241007;100230;13837;1;1896046173613985288;S
20241007;100230;13837;10;1896046173613985289;S
20241007;100231;13837;10;1896046173613985290;S
20241007;100231;13837;2;1896046173613985291;S
20241007;100231;13836;2;1896046173613985292;S
20241007;100231;13836;6;1896046173613985293;S
20241007;100232;13838;1;1896046173613985294;S
20241007;100233;13843;5;1896046173613985295;B
20241007;100233;13843;2;1896046173613985296;B
20241007;100233;13843;13;1896046173613985297;B
20241007;100234;13845;2;1896046173613985298;B
20241007;100234;13846;15;1896046173613985299;B
20241007;100234;13848;2;1896046173613985300;B
20241007;100235;13847;2;1896046173613985301;B
20241007;100235;13848;8;1896046173613985302;B
20241007;100236;13848;3;1896046173613985303;B
20241007;100237;13848;2;1896046173613985304;B
20241007;100238;13847;15;1896046173613985305;S
20241007;100238;13847;2;1896046173613985306;S
20241007;100238;13846;3;1896046173613985307;S
20241007;100243;13847;2;1896046173613985308;B
20241007;100243;13848;18;1896046173613985309;B
20241007;100244;13845;1;1896046173613985310;B
20241007;100244;13847;2;1896046173613985311;B
20241007;100244;13848;12;1896046173613985312;B
20241007;100244;13848;6;1896046173613985313;B
20241007;100245;13847;1;1896046173613985314;B
20241007;100250;13849;2;1896046173613985315;S
20241007;100250;13849;72;1896046173613985316;S
20241007;100250;13849;2;1896046173613985317;S
20241007;100250;13849;4;1896046173613985318;S
20241007;100250;13849;10;1896046173613985319;B
20241007;100250;13849;3;1896046173613985320;B
20241007;100250;13849;7;1896046173613985321;B
20241007;100251;13850;1;1896046173613985322;B
20241007;100251;13850;1;1896046173613985323;B
20241007;100251;13850;1;1896046173613985324;B
20241007;100251;13850;1;1896046173613985325;B
20241007;100251;13854;6;1896046173613985326;B
20241007;100300;13849;2;1896046173613985329;S
20241007;100302;13849;3;1896046173613985330;B
20241007;100305;13849;1;1896046173613985331;B
20241007;100306;13848;2;1896046173613985332;B
20241007;100306;13849;3;1896046173613985333;B
20241007;100307;13849;1;1896046173613985334;B
20241007;100308;13849;90;1896046173613985335;B
20241007;100310;13855;100;1896046173613985336;B
20241007;100310;13855;2;1896046173613985337;B
20241007;100311;13859;11;1896046173613985338;B
20241007;100311;13858;1;1896046173613985339;S
20241007;100311;13858;1;1896046173613985340;S
20241007;100311;13859;4;1896046173613985341;B
20241007;100312;13861;5;1896046173613985342;B
20241007;100314;13866;4;1896046173613985344;B
20241007;100315;13866;1;1896046173613985348;B
20241007;100315;13866;1;1896046173613985349;B
20241007;100315;13866;1;1896046173613985350;B
20241007;100315;13866;1;1896046173613985351;B
20241007;100315;13866;1;1896046173613985352;B
20241007;100315;13866;1;1896046173613985353;B
20241007;100315;13866;1;1896046173613985354;B
20241007;100316;13866;1;1896046173613985355;B
20241007;100316;13866;1;1896046173613985356;B
20241007;100316;13866;2;1896046173613985357;B
20241007;100316;13866;1;1896046173613985358;B
20241007;100316;13866;2;1896046173613985359;B
20241007;100317;13866;10;1896046173613985360;S
20241007;100317;13866;4;1896046173613985361;S
20241007;100317;13867;1;1896046173613985362;B
20241007;100317;13866;2;1896046173613985363;S
20241007;100317;13865;4;1896046173613985364;S
20241007;100317;13865;14;1896046173613985365;B
20241007;100318;13867;1;1896046173613985366;B
20241007;100318;13867;1;1896046173613985367;B
20241007;100318;13864;4;1896046173613985368;S
20241007;100318;13865;2;1896046173613985369;S
20241007;100318;13865;2;1896046173613985370;S
20241007;100318;13865;1;1896046173613985371;B
20241007;100320;13861;2;1896046173613985372;S
20241007;100320;13861;3;1896046173613985373;S
20241007;100320;13859;4;1896046173613985374;S
20241007;100322;13864;2;1896046173613985375;B
20241007;100322;13864;2;1896046173613985376;B
20241007;100322;13864;2;1896046173613985377;B
20241007;100322;13864;2;1896046173613985378;B
20241007;100322;13865;11;1896046173613985379;B
20241007;100323;13857;1;1896046173613985380;S
20241007;100326;13863;2;1896046173613985381;B
20241007;100326;13863;3;1896046173613985382;B
20241007;100328;13857;1;1896046173613985383;S
20241007;100328;13856;3;1896046173613985384;S
20241007;100328;13855;8;1896046173613985385;S
20241007;100328;13854;2;1896046173613985386;S
20241007;100330;13856;1;1896046173613985388;B
20241007;100330;13858;1;1896046173613985393;B
20241007;100330;13858;1;1896046173613985394;B
20241007;100333;13850;1;1896046173613985395;S
20241007;100333;13849;1;1896046173613985396;S
20241007;100333;13848;2;1896046173613985397;S
20241007;100334;13847;2;1896046173613985398;S
20241007;100334;13846;1;1896046173613985399;S
20241007;100337;13847;5;1896046173613985400;S
20241007;100337;13846;2;1896046173613985401;S
20241007;100337;13846;5;1896046173613985402;S
20241007;100337;13845;5;1896046173613985403;S
20241007;100337;13844;1;1896046173613985404;S
20241007;100337;13844;5;1896046173613985405;S
20241007;100342;13849;1;1896046173613985406;B
20241007;100343;13850;2;1896046173613985407;B
20241007;100343;13850;1;1896046173613985408;B
20241007;100344;13852;2;1896046173613985409;B
20241007;100344;13852;1;1896046173613985410;S
20241007;100344;13852;1;1896046173613985411;S
20241007;100344;13852;9;1896046173613985412;S
20241007;100345;13851;10;1896046173613985413;S
20241007;100350;13851;1;1896046173613985414;S
20241007;100353;13851;3;1896046173613985415;S
20241007;100353;13851;1;1896046173613985416;S
20241007;100353;13851;5;1896046173613985417;S
20241007;100353;13850;4;1896046173613985418;S
20241007;100355;13853;8;1896046173613985419;B
20241007;100357;13851;4;1896046173613985420;S
20241007;100357;13851;10;1896046173613985421;S
20241007;100358;13850;2;1896046173613985422;S
20241007;100358;13850;4;1896046173613985423;S
20241007;100358;13850;6;1896046173613985424;S
20241007;100358;13846;1;1896046173613985425;B
20241007;100358;13848;4;1896046173613985426;S
20241007;100400;13849;1;1896046173613985427;S
20241007;100401;13845;3;1896046173613985428;S
20241007;100401;13845;2;1896046173613985429;S
20241007;100401;13845;1;1896046173613985430;S
20241007;100401;13845;5;1896046173613985431;S
20241007;100401;13845;3;1896046173613985432;S
20241007;100401;13845;3;1896046173613985433;S
20241007;100401;13845;3;1896046173613985434;S
20241007;100401;13845;3;1896046173613985435;S
20241007;100406;13845;2;1896046173613985437;S
20241007;100406;13844;2;1896046173613985438;S
20241007;100409;13849;1;1896046173613985439;B
20241007;100412;13849;20;1896046173613985440;B
20241007;100414;13845;2;1896046173613985441;S
20241007;100415;13846;1;1896046173613985442;B
20241007;100415;13849;1;1896046173613985443;B
20241007;100415;13849;1;1896046173613985444;B
20241007;100417;13848;1;1896046173613985445;S
20241007;100418;13848;1;1896046173613985446;S
20241007;100418;13849;5;1896046173613985447;B
20241007;100418;13849;2;1896046173613985448;B
20241007;100418;13850;4;1896046173613985449;B
20241007;100419;13850;5;1896046173613985450;B
20241007;100419;13846;1;1896046173613985451;S
20241007;100419;13850;5;1896046173613985452;B
20241007;100419;13846;1;1896046173613985453;S
20241007;100420;13846;1;1896046173613985454;S
20241007;100421;13846;1;1896046173613985455;S
20241007;100422;13846;2;1896046173613985456;S
20241007;100422;13846;1;1896046173613985457;S
20241007;100424;13846;1;1896046173613985458;S
20241007;100427;13849;2;1896046173613985459;B
20241007;100427;13849;5;1896046173613985460;B
20241007;100427;13849;2;1896046173613985461;B
20241007;100427;13850;13;1896046173613985462;B
20241007;100427;13851;2;1896046173613985463;B
20241007;100427;13852;5;1896046173613985464;B
20241007;100427;13852;22;1896046173613985465;B
20241007;100427;13853;92;1896046173613985466;B
20241007;100427;13858;1;1896046173613985467;B
20241007;100430;13857;2;1896046173613985468;B
20241007;100433;13855;1;1896046173613985470;S
20241007;100434;13853;1;1896046173613985471;S
20241007;100434;13851;1;1896046173613985472;S
20241007;100434;13849;20;1896046173613985473;S
20241007;100434;13848;2;1896046173613985474;S
20241007;100437;13853;44;1896046173613985475;S
20241007;100439;13852;20;1896046173613985476;B
20241007;100440;13851;2;1896046173613985477;B
20241007;100440;13852;28;1896046173613985478;B
20241007;100444;13852;2;1896046173613985479;B
20241007;100444;13852;5;1896046173613985480;B
20241007;100444;13853;43;1896046173613985481;B
20241007;100446;13847;2;1896046173613985483;S
20241007;100448;13852;2;1896046173613985487;B
20241007;100449;13854;1;1896046173613985488;S
20241007;100449;13855;1;1896046173613985489;B
20241007;100449;13857;5;1896046173613985490;B
20241007;100449;13858;42;1896046173613985491;B
20241007;100455;13857;4;1896046173613985492;S
20241007;100456;13858;1;1896046173613985493;B
20241007;100456;13857;4;1896046173613985494;S
20241007;100456;13857;6;1896046173613985495;S
20241007;100456;13857;1;1896046173613985496;S
20241007;100456;13854;3;1896046173613985497;S
20241007;100457;13857;1;1896046173613985498;B
20241007;100459;13857;2;1896046173613985499;S
20241007;100459;13854;8;1896046173613985500;S
20241007;100503;13850;5;1896046173613985501;S
20241007;100503;13850;2;1896046173613985502;S
20241007;100503;13850;15;1896046173613985503;S
20241007;100503;13850;5;1896046173613985504;S
20241007;100503;13849;5;1896046173613985505;S
20241007;100503;13849;10;1896046173613985506;S
20241007;100503;13849;10;1896046173613985507;S
20241007;100503;13849;10;1896046173613985508;S
20241007;100503;13848;5;1896046173613985509;S
20241007;100503;13848;8;1896046173613985510;S
20241007;100503;13848;15;1896046173613985511;S
20241007;100503;13848;2;1896046173613985512;S
20241007;100503;13848;5;1896046173613985513;S
20241007;100503;13848;5;1896046173613985514;S
20241007;100503;13847;15;1896046173613985515;S
20241007;100503;13847;2;1896046173613985516;S
20241007;100503;13847;5;1896046173613985517;S
20241007;100503;13847;5;1896046173613985518;S
20241007;100503;13847;20;1896046173613985519;S
20241007;100503;13846;31;1896046173613985520;S
20241007;100506;13855;1;1896046173613985521;B
20241007;100510;13858;3;1896046173613985522;B
20241007;100514;13858;7;1896046173613985523;B
20241007;100517;13858;1;1896046173613985524;B
20241007;100517;13854;2;1896046173613985525;S
20241007;100517;13853;2;1896046173613985526;S
20241007;100517;13851;5;1896046173613985527;S
20241007;100517;13851;2;1896046173613985528;S
20241007;100517;13851;3;1896046173613985529;S
20241007;100528;13848;2;1896046173613985530;S
20241007;100528;13847;5;1896046173613985531;S
20241007;100528;13847;5;1896046173613985532;S
20241007;100528;13846;101;1896046173613985533;S
20241007;100528;13846;468;1896046173613985534;S
20241007;100528;13844;22;1896046173613985535;S
20241007;100528;13844;17;1896046173613985536;S
20241007;100528;13844;6;1896046173613985537;S
20241007;100528;13844;51;1896046173613985538;S
20241007;100528;13843;2;1896046173613985539;S
20241007;100528;13843;20;1896046173613985540;S
20241007;100528;13842;7;1896046173613985541;S
20241007;100528;13842;5;1896046173613985542;S
20241007;100528;13841;1;1896046173613985543;S
20241007;100528;13841;12;1896046173613985544;S
20241007;100528;13839;7;1896046173613985545;S
20241007;100528;13843;20;1896046173613985546;S
20241007;100528;13843;20;1896046173613985547;S
20241007;100528;13842;3;1896046173613985548;S
20241007;100528;13843;20;1896046173613985549;S
20241007;100528;13842;4;1896046173613985550;S
20241007;100528;13841;1;1896046173613985551;S
20241007;100529;13841;20;1896046173613985552;S
20241007;100529;13840;1;1896046173613985553;S
20241007;100529;13838;2;1896046173613985554;S
20241007;100529;13836;1;1896046173613985555;S
20241007;100529;13836;1;1896046173613985556;S
20241007;100530;13838;6;1896046173613985557;B
20241007;100530;13838;2;1896046173613985558;B
20241007;100530;13835;1;1896046173613985559;S
20241007;100530;13834;1;1896046173613985560;S
20241007;100532;13837;8;1896046173613985561;B
20241007;100532;13837;2;1896046173613985562;B
20241007;100534;13839;5;1896046173613985563;B
20241007;100534;13839;2;1896046173613985564;B
20241007;100534;13839;8;1896046173613985565;B
20241007;100534;13839;15;1896046173613985566;B
20241007;100534;13840;5;1896046173613985567;B
20241007;100534;13840;2;1896046173613985568;B
20241007;100534;13841;3;1896046173613985569;B
20241007;100535;13834;1;1896046173613985570;S
20241007;100535;13834;2;1896046173613985571;S
20241007;100544;13833;1;1896046173613985572;B
20241007;100544;13833;1;1896046173613985573;B
20241007;100559;13832;2;1896046173613985574;S
20241007;100559;13831;1;1896046173613985575;S
20241007;100559;13831;2;1896046173613985576;S
20241007;100559;13830;2;1896046173613985577;S
20241007;100559;13830;2;1896046173613985578;S
20241007;100559;13830;1;1896046173613985579;S
20241007;100600;13831;2;1896046173613985580;S
20241007;100600;13830;9;1896046173613985581;S
20241007;100600;13830;2;1896046173613985582;S
20241007;100600;13830;16;1896046173613985583;B
20241007;100601;13831;5;1896046173613985584;B
20241007;100605;13830;2;1896046173613985585;B
20241007;100605;13830;1;1896046173613985586;B
20241007;100605;13830;4;1896046173613985587;B
20241007;100605;13830;6;1896046173613985588;B
20241007;100605;13830;1;1896046173613985589;B
20241007;100605;13830;1;1896046173613985590;B
20241007;100605;13830;1;1896046173613985591;B
20241007;100605;13831;4;1896046173613985592;B
20241007;100607;13831;19;1896046173613985593;B
20241007;100607;13831;1;1896046173613985594;B
20241007;100608;13830;1;1896046173613985595;S
20241007;100610;13832;1;1896046173613985596;B
20241007;100610;13832;2;1896046173613985597;B
20241007;100610;13833;2;1896046173613985598;B
20241007;100610;13833;27;1896046173613985599;B
20241007;100610;13834;2;1896046173613985600;B
20241007;100610;13834;1;1896046173613985601;B
20241007;100610;13834;5;1896046173613985602;B
20241007;100610;13834;2;1896046173613985603;B
20241007;100610;13835;5;1896046173613985604;B
20241007;100610;13835;6;1896046173613985605;B
20241007;100610;13835;2;1896046173613985606;B
20241007;100610;13836;5;1896046173613985607;B
20241007;100610;13836;1;1896046173613985608;B
20241007;100610;13837;5;1896046173613985609;B
20241007;100610;13837;8;1896046173613985610;B
20241007;100610;13838;5;1896046173613985611;B
20241007;100610;13839;5;1896046173613985612;B
20241007;100610;13839;2;1896046173613985613;B
20241007;100610;13840;5;1896046173613985614;B
20241007;100610;13840;3;1896046173613985615;B
20241007;100610;13841;5;1896046173613985616;B
20241007;100610;13842;5;1896046173613985617;B
20241007;100610;13842;15;1896046173613985618;B
20241007;100610;13843;5;1896046173613985619;B
20241007;100610;13843;15;1896046173613985620;B
20241007;100610;13843;2;1896046173613985621;B
20241007;100610;13843;5;1896046173613985622;B
20241007;100610;13844;5;1896046173613985623;B
20241007;100610;13844;5;1896046173613985624;B
20241007;100610;13844;15;1896046173613985625;B
20241007;100610;13845;15;1896046173613985626;B
20241007;100610;13845;1;1896046173613985627;B
20241007;100610;13845;1;1896046173613985628;B
20241007;100613;13839;3;1896046173613985629;B
20241007;100613;13840;5;1896046173613985630;B
20241007;100613;13840;8;1896046173613985631;B
20241007;100613;13840;1;1896046173613985632;B
20241007;100613;13841;5;1896046173613985633;B
20241007;100613;13842;5;1896046173613985634;B
20241007;100613;13842;2;1896046173613985635;B
20241007;100613;13843;5;1896046173613985636;B
20241007;100613;13843;5;1896046173613985637;B
20241007;100613;13843;2;1896046173613985638;B
20241007;100613;13843;5;1896046173613985639;B
20241007;100613;13843;5;1896046173613985640;B
20241007;100613;13844;21;1896046173613985641;B
20241007;100613;13844;5;1896046173613985642;B
20241007;100613;13844;2;1896046173613985643;B
20241007;100613;13844;6;1896046173613985644;B
20241007;100613;13844;12;1896046173613985645;B
20241007;100613;13845;4;1896046173613985646;B
20241007;100613;13845;5;1896046173613985647;B
20241007;100613;13845;4;1896046173613985648;B
20241007;100613;13845;15;1896046173613985649;B
20241007;100613;13845;5;1896046173613985650;B
20241007;100613;13845;2;1896046173613985651;B
20241007;100613;13846;18;1896046173613985652;B
20241007;100615;13843;4;1896046173613985653;B
20241007;100622;13840;2;1896046173613985654;S
20241007;100622;13840;1;1896046173613985655;S
20241007;100622;13837;1;1896046173613985656;S
20241007;100623;13834;2;1896046173613985657;S
20241007;100623;13833;5;1896046173613985658;S
20241007;100625;13840;1;1896046173613985659;B
20241007;100625;13841;2;1896046173613985660;S
20241007;100628;13841;2;1896046173613985661;S
20241007;100628;13835;2;1896046173613985662;S
20241007;100628;13834;6;1896046173613985663;S
20241007;100628;13834;4;1896046173613985664;S
20241007;100629;13834;1;1896046173613985665;S
20241007;100629;13832;2;1896046173613985666;S
20241007;100629;13831;5;1896046173613985667;S
20241007;100629;13831;2;1896046173613985668;S
20241007;100637;13833;2;1896046173613985669;S
20241007;100637;13832;1;1896046173613985670;S
20241007;100637;13832;1;1896046173613985671;S
20241007;100640;13837;1;1896046173613985672;B
20241007;100640;13838;2;1896046173613985673;B
20241007;100640;13839;1;1896046173613985674;B
20241007;100657;13839;2;1896046173613985675;S
20241007;100657;13838;1;1896046173613985676;S
20241007;100657;13837;2;1896046173613985677;S
20241007;100657;13836;1;1896046173613985678;S
20241007;100657;13836;2;1896046173613985679;S
20241007;100657;13835;2;1896046173613985680;S
20241007;100659;13842;1;1896046173613985681;B
20241007;100710;13842;1;1896046173613985682;B
20241007;100714;13843;1;1896046173613985683;B
20241007;100719;13844;1;1896046173613985684;S
20241007;100719;13844;8;1896046173613985685;S
20241007;100719;13842;1;1896046173613985686;S
20241007;100722;13842;1;1896046173613985687;S
20241007;100722;13845;1;1896046173613985688;B
20241007;100741;13845;4;1896046173613985690;B
20241007;100741;13845;5;1896046173613985691;B
20241007;100741;13845;2;1896046173613985692;B
20241007;100744;13846;1;1896046173613985693;B
20241007;100746;13845;10;1896046173613985694;S
20241007;100750;13845;60;1896046173613985696;S
20241007;100752;13845;10;1896046173613985697;S
20241007;100802;13846;50;1896046173613985698;B
20241007;100802;13846;192;1896046173613985699;B
20241007;100802;13846;2;1896046173613985700;B
20241007;100802;13851;2;1896046173613985701;B
20241007;100802;13851;6;1896046173613985702;B
20241007;100802;13852;110;1896046173613985703;B
20241007;100802;13854;3;1896046173613985704;B
20241007;100802;13855;10;1896046173613985705;B
20241007;100802;13855;3;1896046173613985706;B
20241007;100802;13858;30;1896046173613985707;B
20241007;100802;13858;3;1896046173613985708;B
20241007;100802;13858;13;1896046173613985709;B
20241007;100802;13858;1;1896046173613985710;B
20241007;100802;13858;1;1896046173613985711;B
20241007;100802;13862;3;1896046173613985712;B
20241007;100802;13863;5;1896046173613985713;B
20241007;100802;13862;5;1896046173613985714;S
20241007;100802;13863;1;1896046173613985715;B
20241007;100802;13863;3;1896046173613985716;B
20241007;100803;13863;12;1896046173613985717;B
20241007;100803;13862;3;1896046173613985718;S
20241007;100803;13862;4;1896046173613985719;S
20241007;100803;13855;2;1896046173613985720;S
20241007;100803;13854;2;1896046173613985721;S
20241007;100804;13855;2;1896046173613985722;S
20241007;100804;13855;5;1896046173613985723;S
20241007;100810;13855;1;1896046173613985724;B
20241007;100811;13855;1;1896046173613985725;B
20241007;100817;13854;2;1896046173613985726;S
20241007;100817;13853;2;1896046173613985727;S
20241007;100817;13851;1;1896046173613985728;S
20241007;100817;13851;4;1896046173613985729;S
20241007;100817;13851;2;1896046173613985730;S
20241007;100818;13851;5;1896046173613985731;S
20241007;100818;13850;1;1896046173613985732;S
20241007;100827;13853;2;1896046173613985733;S
20241007;100827;13852;15;1896046173613985734;S
20241007;100833;13850;3;1896046173613985735;S
20241007;100840;13851;2;1896046173613985736;S
20241007;100840;13850;2;1896046173613985737;S
20241007;100840;13853;1;1896046173613985738;B
20241007;100852;13850;3;1896046173613985739;B
20241007;100855;13849;10;1896046173613985740;S
20241007;100855;13849;5;1896046173613985741;S
20241007;100855;13849;5;1896046173613985742;S
20241007;100855;13849;5;1896046173613985743;S
20241007;100855;13849;4;1896046173613985744;S
20241007;100856;13849;6;1896046173613985745;S
20241007;100856;13847;66;1896046173613985746;S
20241007;100856;13846;1;1896046173613985747;S
20241007;100856;13845;10;1896046173613985748;S
20241007;100856;13844;3;1896046173613985749;B
20241007;100856;13840;5;1896046173613985750;S
20241007;100856;13839;1;1896046173613985751;S
20241007;100856;13839;1;1896046173613985752;S
20241007;100856;13839;3;1896046173613985753;S
20241007;100857;13838;5;1896046173613985754;S
20241007;100857;13838;5;1896046173613985755;S
20241007;100857;13838;3;1896046173613985756;S
20241007;100857;13838;2;1896046173613985757;S
20241007;100858;13839;1;1896046173613985759;S
20241007;100900;13841;5;1896046173613985763;S
20241007;100900;13841;1;1896046173613985764;B
20241007;100903;13840;1;1896046173613985765;S
20241007;100903;13839;4;1896046173613985766;S
20241007;100903;13838;5;1896046173613985767;S
20241007;100903;13837;5;1896046173613985768;S
20241007;100903;13836;5;1896046173613985769;S
20241007;100903;13836;1;1896046173613985770;S
20241007;100903;13836;8;1896046173613985771;S
20241007;100903;13835;5;1896046173613985772;S
20241007;100903;13835;20;1896046173613985773;S
20241007;100903;13834;5;1896046173613985774;S
20241007;100903;13834;5;1896046173613985775;S
20241007;100903;13834;15;1896046173613985776;S
20241007;100903;13833;5;1896046173613985777;S
20241007;100903;13833;15;1896046173613985778;S
20241007;100903;13833;5;1896046173613985779;S
20241007;100903;13833;3;1896046173613985780;S
20241007;100903;13833;2;1896046173613985781;S
20241007;100903;13832;5;1896046173613985782;S
20241007;100903;13832;5;1896046173613985783;S
20241007;100903;13832;2;1896046173613985784;S
20241007;100903;13831;15;1896046173613985785;S
20241007;100903;13831;3;1896046173613985786;S
20241007;100903;13831;5;1896046173613985787;S
20241007;100903;13831;2;1896046173613985788;S
20241007;100903;13830;9;1896046173613985789;S
20241007;100903;13830;5;1896046173613985790;S
20241007;100903;13828;15;1896046173613985791;S
20241007;100903;13828;2;1896046173613985792;S
20241007;100903;13827;2;1896046173613985793;S
20241007;100903;13827;23;1896046173613985794;S
20241007;100903;13827;2;1896046173613985795;S
20241007;100903;13826;2;1896046173613985796;S
20241007;100903;13826;1;1896046173613985797;S
20241007;100903;13824;15;1896046173613985798;S
20241007;100903;13823;2;1896046173613985799;S
20241007;100903;13823;15;1896046173613985800;S
20241007;100903;13823;4;1896046173613985801;S
20241007;100903;13822;2;1896046173613985802;S
20241007;100903;13822;10;1896046173613985803;S
20241007;100903;13822;6;1896046173613985804;S
20241007;100903;13818;2;1896046173613985805;S
20241007;100903;13817;1;1896046173613985806;S
20241007;100903;13817;1;1896046173613985807;S
20241007;100903;13816;1;1896046173613985808;S
20241007;100903;13816;1;1896046173613985809;S
20241007;100903;13816;1;1896046173613985810;S
20241007;100903;13814;2;1896046173613985811;S
20241007;100903;13813;1;1896046173613985812;S
20241007;100903;13813;1;1896046173613985813;S
20241007;100903;13812;1;1896046173613985814;S
20241007;100903;13811;15;1896046173613985815;S
20241007;100903;13810;2;1896046173613985816;S
20241007;100903;13810;3;1896046173613985817;S
20241007;100903;13808;3;1896046173613985818;S
20241007;100903;13805;2;1896046173613985819;S
20241007;100903;13802;1;1896046173613985820;S
20241007;100903;13802;1;1896046173613985821;S
20241007;100903;13802;5;1896046173613985822;S
20241007;100903;13802;5;1896046173613985823;S
20241007;100903;13802;5;1896046173613985824;S
20241007;100903;13802;5;1896046173613985825;S
20241007;100903;13802;15;1896046173613985826;S
20241007;100903;13802;5;1896046173613985827;S
20241007;100903;13801;2;1896046173613985828;S
20241007;100903;13801;2;1896046173613985829;S
20241007;100903;13801;6;1896046173613985830;S
20241007;100903;13833;3;1896046173613985831;S
20241007;100903;13831;5;1896046173613985832;S
20241007;100903;13832;2;1896046173613985833;B
20241007;100903;13832;5;1896046173613985834;B
20241007;100903;13832;5;1896046173613985835;B
20241007;100903;13832;5;1896046173613985836;B
20241007;100903;13832;5;1896046173613985837;S
20241007;100903;13831;2;1896046173613985838;S
20241007;100903;13831;10;1896046173613985839;S
20241007;100904;13832;2;1896046173613985840;B
20241007;100904;13832;3;1896046173613985841;B
20241007;100910;13832;2;1896046173613985842;B
20241007;100910;13832;1;1896046173613985843;B
20241007;100913;13833;5;1896046173613985844;B
20241007;100913;13833;1;1896046173613985845;B
20241007;100913;13835;4;1896046173613985846;B
20241007;100913;13835;2;1896046173613985847;B
20241007;100913;13836;3;1896046173613985848;B
20241007;100916;13834;5;1896046173613985849;S
20241007;100916;13834;1;1896046173613985850;S
20241007;100916;13834;2;1896046173613985851;S
20241007;100920;13834;5;1896046173613985852;S
20241007;100920;13834;8;1896046173613985853;S
20241007;100920;13833;5;1896046173613985854;S
20241007;100921;13832;2;1896046173613985855;S
20241007;100921;13830;1;1896046173613985856;S
20241007;100922;13827;3;1896046173613985857;S
20241007;100922;13827;2;1896046173613985858;S
20241007;100922;13826;1;1896046173613985859;S
20241007;100923;13827;4;1896046173613985861;S
20241007;100923;13827;1;1896046173613985866;S
20241007;100923;13826;3;1896046173613985871;S
20241007;100923;13826;1;1896046173613985876;S
20241007;100923;13826;9;1896046173613985881;S
20241007;100923;13826;4;1896046173613985886;S
20241007;100923;13826;2;1896046173613985891;S
20241007;100923;13826;3;1896046173613985896;S
20241007;100923;13826;2;1896046173613985901;S
20241007;100923;13825;2;1896046173613985906;S
20241007;100923;13825;3;1896046173613985911;S
20241007;100923;13825;2;1896046173613985916;S
20241007;100923;13824;5;1896046173613985921;S
20241007;100923;13824;4;1896046173613985926;S
20241007;100923;13824;1;1896046173613985931;S
20241007;100923;13824;2;1896046173613985936;S
20241007;100923;13824;1;1896046173613985941;S
20241007;100923;13824;1;1896046173613985946;S
20241007;100923;13824;5;1896046173613985951;S
20241007;100923;13824;1;1896046173613985956;S
20241007;100923;13825;4;1896046173613985960;B
20241007;100923;13825;3;1896046173613985965;B
20241007;100923;13825;1;1896046173613985970;B
20241007;100923;13825;5;1896046173613985975;B
20241007;100923;13825;1;1896046173613985980;B
20241007;100923;13826;4;1896046173613985985;B
20241007;100923;13826;2;1896046173613985990;B
20241007;100923;13824;1;1896046173613985999;S
20241007;100923;13824;3;1896046173613986004;S
20241007;100923;13824;7;1896046173613986009;S
20241007;100923;13826;1;1896046173613986010;B
20241007;100923;13826;1;1896046173613986015;B
20241007;100923;13826;1;1896046173613986020;B
20241007;100923;13826;2;1896046173613986029;S
20241007;100923;13825;8;1896046173613986034;S
20241007;100924;13827;2;1896046173613986038;B
20241007;100924;13828;5;1896046173613986039;B
20241007;100924;13829;2;1896046173613986040;B
20241007;100924;13830;3;1896046173613986041;B
20241007;100924;13830;5;1896046173613986042;B
20241007;100924;13830;1;1896046173613986043;B
20241007;100924;13830;2;1896046173613986044;B
20241007;100924;13831;116;1896046173613986045;B
20241007;100924;13832;2;1896046173613986046;B
20241007;100924;13833;71;1896046173613986047;B
20241007;100926;13831;3;1896046173613986048;B
20241007;100926;13832;5;1896046173613986049;B
20241007;100926;13834;2;1896046173613986050;B
20241007;100926;13835;1;1896046173613986051;B
20241007;100926;13835;10;1896046173613986052;B
20241007;100926;13835;8;1896046173613986053;B
20241007;100926;13837;5;1896046173613986054;B
20241007;100926;13838;5;1896046173613986055;B
20241007;100926;13839;1;1896046173613986056;B
20241007;100927;13839;1;1896046173613986057;B
20241007;100933;13830;2;1896046173613986058;S
20241007;100933;13830;5;1896046173613986059;S
20241007;100933;13829;1;1896046173613986060;S
20241007;100936;13829;2;1896046173613986061;S
20241007;100936;13829;1;1896046173613986062;S
20241007;100938;13833;2;1896046173613986063;S
20241007;100938;13833;15;1896046173613986064;S
20241007;100938;13833;5;1896046173613986065;S
20241007;100938;13832;8;1896046173613986066;S
20241007;100941;13835;1;1896046173613986067;S
20241007;100941;13835;2;1896046173613986068;S
20241007;100941;13834;2;1896046173613986069;S
20241007;100941;13833;5;1896046173613986070;S
20241007;100941;13833;15;1896046173613986071;S
20241007;100941;13833;2;1896046173613986072;S
20241007;100941;13832;3;1896046173613986073;S
20241007;100946;13837;1;1896046173613986074;B
20241007;101001;13837;1;1896046173613986075;B
20241007;101002;13835;1;1896046173613986076;S
20241007;101002;13835;2;1896046173613986077;S
20241007;101011;13834;2;1896046173613986078;B
20241007;101014;13831;1;1896046173613986079;S
20241007;101015;13829;1;1896046173613986080;S
20241007;101019;13831;1;1896046173613986081;B
20241007;101019;13833;2;1896046173613986082;S
20241007;101019;13832;20;1896046173613986083;S
20241007;101019;13831;2;1896046173613986084;S
20241007;101019;13830;12;1896046173613986085;S
20241007;101019;13830;2;1896046173613986086;S
20241007;101019;13829;1;1896046173613986087;S
20241007;101019;13828;2;1896046173613986088;S
20241007;101019;13827;4;1896046173613986089;S
20241007;101019;13827;5;1896046173613986090;S
20241007;101019;13826;5;1896046173613986091;S
20241007;101019;13826;15;1896046173613986092;S
20241007;101019;13826;2;1896046173613986093;S
20241007;101019;13825;2;1896046173613986094;S
20241007;101020;13834;1;1896046173613986095;B
20241007;101020;13834;5;1896046173613986096;B
20241007;101020;13834;2;1896046173613986097;B
20241007;101020;13835;8;1896046173613986098;B
20241007;101020;13835;9;1896046173613986099;B
20241007;101021;13835;1;1896046173613986100;B
20241007;101022;13834;2;1896046173613986101;S
20241007;101023;13835;1;1896046173613986102;B
20241007;101023;13835;4;1896046173613986103;B
20241007;101023;13835;1;1896046173613986104;B
20241007;101026;13836;4;1896046173613986105;B
20241007;101027;13836;1;1896046173613986106;B
20241007;101027;13836;17;1896046173613986107;B
20241007;101034;13836;2;1896046173613986108;B
20241007;101035;13836;2;1896046173613986109;B
20241007;101035;13838;18;1896046173613986110;B
20241007;101036;13838;8;1896046173613986111;B
20241007;101036;13840;1;1896046173613986112;B
20241007;101041;13843;3;1896046173613986113;S
20241007;101052;13839;1;1896046173613986114;S
20241007;101052;13842;2;1896046173613986115;B
20241007;101052;13843;5;1896046173613986116;B
20241007;101053;13840;2;1896046173613986118;S
20241007;101053;13839;4;1896046173613986123;S
20241007;101053;13839;2;1896046173613986128;S
20241007;101053;13838;2;1896046173613986133;S
20241007;101053;13838;1;1896046173613986138;S
20241007;101053;13838;1;1896046173613986143;S
20241007;101053;13838;4;1896046173613986148;S
20241007;101053;13838;3;1896046173613986153;S
20241007;101053;13838;1;1896046173613986158;S
20241007;101053;13838;11;1896046173613986163;S
20241007;101053;13838;1;1896046173613986168;S
20241007;101053;13838;5;1896046173613986173;S
20241007;101053;13838;4;1896046173613986178;S
20241007;101053;13838;3;1896046173613986183;S
20241007;101053;13838;1;1896046173613986188;S
20241007;101053;13838;1;1896046173613986193;S
20241007;101053;13838;2;1896046173613986198;S
20241007;101053;13838;2;1896046173613986203;S
20241007;101053;13838;3;1896046173613986208;S
20241007;101053;13838;1;1896046173613986213;S
20241007;101053;13838;1;1896046173613986218;S
20241007;101053;13838;3;1896046173613986223;S
20241007;101053;13838;1;1896046173613986228;S
20241007;101053;13838;4;1896046173613986233;S
20241007;101053;13838;1;1896046173613986238;S
20241007;101053;13838;1;1896046173613986243;S
20241007;101053;13839;3;1896046173613986247;B
20241007;101053;13839;1;1896046173613986252;B
20241007;101053;13839;1;1896046173613986257;B
20241007;101053;13839;2;1896046173613986266;S
20241007;101053;13838;8;1896046173613986271;S
20241007;101053;13838;7;1896046173613986276;S
20241007;101053;13838;2;1896046173613986281;S
20241007;101053;13837;1;1896046173613986286;S
20241007;101054;13838;5;1896046173613986291;S
20241007;101054;13838;10;1896046173613986296;S
20241007;101054;13837;9;1896046173613986301;S
20241007;101054;13837;5;1896046173613986306;S
20241007;101054;13837;1;1896046173613986311;S
20241007;101054;13837;15;1896046173613986316;S
20241007;101054;13837;9;1896046173613986324;S
20241007;101055;13837;1;1896046173613986329;S
20241007;101055;13837;9;1896046173613986334;S
20241007;101055;13838;4;1896046173613986335;B
20241007;101100;13835;1;1896046173613986340;S
20241007;101100;13835;28;1896046173613986341;S
20241007;101100;13835;5;1896046173613986342;B
20241007;101100;13836;3;1896046173613986343;B
20241007;101101;13833;1;1896046173613986344;B
20241007;101102;13834;2;1896046173613986345;B
20241007;101105;13833;1;1896046173613986346;B
20241007;101109;13833;1;1896046173613986347;B
20241007;101109;13834;1;1896046173613986348;B
20241007;101109;13831;8;1896046173613986349;S
20241007;101109;13830;5;1896046173613986350;S
20241007;101109;13830;1;1896046173613986351;S
20241007;101109;13830;20;1896046173613986352;S
20241007;101109;13829;10;1896046173613986353;S
20241007;101109;13829;5;1896046173613986354;S
20241007;101109;13828;5;1896046173613986355;S
20241007;101109;13828;5;1896046173613986356;S
20241007;101109;13827;5;1896046173613986357;S
20241007;101109;13827;2;1896046173613986358;S
20241007;101109;13826;5;1896046173613986359;S
20241007;101109;13826;1;1896046173613986360;S
20241007;101109;13825;3;1896046173613986361;S
20241007;101109;13824;5;1896046173613986362;S
20241007;101109;13823;5;1896046173613986363;S
20241007;101109;13822;2;1896046173613986364;S
20241007;101109;13822;5;1896046173613986365;S
20241007;101109;13821;2;1896046173613986366;S
20241007;101109;13821;2;1896046173613986367;S
20241007;101109;13821;5;1896046173613986368;S
20241007;101109;13820;3;1896046173613986369;S
20241007;101109;13818;15;1896046173613986370;S
20241007;101109;13818;2;1896046173613986371;S
20241007;101109;13817;12;1896046173613986372;S
20241007;101109;13814;15;1896046173613986373;S
20241007;101109;13814;2;1896046173613986374;S
20241007;101109;13813;5;1896046173613986375;S
20241007;101109;13813;15;1896046173613986376;S
20241007;101109;13812;6;1896046173613986377;S
20241007;101109;13812;1;1896046173613986378;S
20241007;101109;13826;2;1896046173613986379;S
20241007;101109;13826;10;1896046173613986380;S
20241007;101109;13827;1;1896046173613986381;B
20241007;101110;13826;3;1896046173613986382;S
20241007;101110;13826;6;1896046173613986383;S
20241007;101110;13829;1;1896046173613986384;B
20241007;101113;13829;1;1896046173613986385;B
20241007;101113;13830;2;1896046173613986386;B
20241007;101116;13826;1;1896046173613986387;S
20241007;101116;13826;9;1896046173613986388;B
20241007;101116;13826;10;1896046173613986389;B
20241007;101116;13826;2;1896046173613986390;B
20241007;101116;13826;1;1896046173613986391;B
20241007;101116;13826;4;1896046173613986392;B
20241007;101116;13826;20;1896046173613986393;B
20241007;101116;13826;13;1896046173613986394;B
20241007;101116;13826;1;1896046173613986395;B
20241007;101116;13826;4;1896046173613986396;B
20241007;101116;13826;2;1896046173613986397;B
20241007;101116;13826;4;1896046173613986398;B
20241007;101116;13826;2;1896046173613986399;B
20241007;101116;13826;3;1896046173613986400;B
20241007;101116;13826;3;1896046173613986401;B
20241007;101117;13825;2;1896046173613986402;B
20241007;101117;13824;5;1896046173613986403;S
20241007;101117;13824;8;1896046173613986404;S
20241007;101117;13824;11;1896046173613986405;S
20241007;101117;13824;1;1896046173613986406;B
20241007;101118;13825;3;1896046173613986407;B
20241007;101118;13826;7;1896046173613986408;B
20241007;101122;13825;2;1896046173613986409;B
20241007;101122;13826;2;1896046173613986410;B
20241007;101123;13826;10;1896046173613986411;B
20241007;101129;13826;2;1896046173613986412;B
20241007;101130;13830;2;1896046173613986413;B
20241007;101131;13825;1;1896046173613986414;B
20241007;101131;13826;1;1896046173613986415;S
20241007;101131;13823;20;1896046173613986416;S
20241007;101131;13823;6;1896046173613986417;B
20241007;101131;13823;10;1896046173613986418;B
20241007;101132;13823;1;1896046173613986419;B
20241007;101134;13823;4;1896046173613986420;B
20241007;101136;13821;1;1896046173613986422;B
20241007;101136;13822;1;1896046173613986427;B
20241007;101136;13822;1;1896046173613986432;B
20241007;101136;13823;7;1896046173613986437;B
20241007;101136;13820;12;1896046173613986441;S
20241007;101136;13819;2;1896046173613986442;S
20241007;101137;13822;2;1896046173613986443;B
20241007;101138;13822;2;1896046173613986444;B
20241007;101138;13823;3;1896046173613986445;B
20241007;101138;13823;1;1896046173613986446;B
20241007;101141;13822;1;1896046173613986447;B
20241007;101142;13823;9;1896046173613986448;B
20241007;101144;13823;26;1896046173613986449;B
20241007;101145;13822;1;1896046173613986450;S
20241007;101146;13823;10;1896046173613986451;B
20241007;101146;13823;9;1896046173613986452;B
20241007;101146;13823;64;1896046173613986453;B
20241007;101146;13823;2;1896046173613986454;B
20241007;101150;13829;2;1896046173613986455;S
20241007;101150;13829;2;1896046173613986456;S
20241007;101150;13829;5;1896046173613986457;S
20241007;101150;13829;15;1896046173613986458;S
20241007;101150;13828;1;1896046173613986459;B
20241007;101151;13826;2;1896046173613986460;S
20241007;101151;13826;1;1896046173613986461;S
20241007;101151;13828;2;1896046173613986462;B
20241007;101155;13827;5;1896046173613986463;S
20241007;101155;13826;12;1896046173613986464;S
20241007;101158;13825;2;1896046173613986465;B
20241007;101159;13825;5;1896046173613986466;B
20241007;101159;13825;5;1896046173613986467;B
20241007;101159;13825;2;1896046173613986468;B
20241007;101202;13823;20;1896046173613986469;S
20241007;101202;13823;1;1896046173613986470;S
20241007;101202;13822;1;1896046173613986471;S
20241007;101202;13822;1;1896046173613986472;S
20241007;101202;13819;3;1896046173613986473;S
20241007;101202;13819;4;1896046173613986474;S
20241007;101202;13823;2;1896046173613986475;B
20241007;101203;13823;18;1896046173613986476;S
20241007;101203;13823;1;1896046173613986477;S
20241007;101203;13823;20;1896046173613986478;B
20241007;101206;13821;4;1896046173613986479;S
20241007;101206;13822;5;1896046173613986480;B
20241007;101206;13822;2;1896046173613986481;B
20241007;101206;13822;3;1896046173613986482;B
20241007;101206;13822;2;1896046173613986483;B
20241007;101206;13822;5;1896046173613986484;B
20241007;101206;13822;3;1896046173613986485;B
20241007;101206;13822;2;1896046173613986486;B
20241007;101206;13822;1;1896046173613986487;B
20241007;101206;13822;7;1896046173613986488;B
20241007;101206;13822;1;1896046173613986489;B
20241007;101211;13817;1;1896046173613986490;S
20241007;101211;13817;1;1896046173613986491;S
20241007;101213;13818;5;1896046173613986492;S
20241007;101216;13818;4;1896046173613986493;S
20241007;101225;13818;20;1896046173613986494;S
20241007;101225;13817;1;1896046173613986495;S
20241007;101225;13815;8;1896046173613986496;B
20241007;101225;13814;5;1896046173613986497;S
20241007;101225;13814;3;1896046173613986498;S
20241007;101225;13814;2;1896046173613986499;S
20241007;101225;13815;4;1896046173613986500;B
20241007;101225;13815;1;1896046173613986501;B
20241007;101229;13814;2;1896046173613986502;S
20241007;101229;13815;15;1896046173613986503;B
20241007;101229;13815;15;1896046173613986504;B
20241007;101229;13815;15;1896046173613986505;B
20241007;101229;13815;15;1896046173613986506;B
20241007;101229;13815;15;1896046173613986507;B
20241007;101229;13815;15;1896046173613986508;B
20241007;101229;13815;15;1896046173613986509;B
20241007;101229;13815;15;1896046173613986510;B
20241007;101229;13815;15;1896046173613986511;B
20241007;101229;13815;20;1896046173613986512;B
20241007;101229;13815;10;1896046173613986513;B
20241007;101229;13815;1;1896046173613986514;B
20241007;101229;13815;1;1896046173613986515;B
20241007;101230;13820;1;1896046173613986516;B
20241007;101230;13824;1;1896046173613986517;B
20241007;101230;13824;2;1896046173613986518;B
20241007;101237;13819;20;1896046173613986519;S
20241007;101237;13817;1;1896046173613986520;S
20241007;101237;13815;8;1896046173613986521;S
20241007;101237;13814;2;1896046173613986522;S
20241007;101237;13813;5;1896046173613986523;S
20241007;101237;13813;5;1896046173613986524;S
20241007;101237;13813;2;1896046173613986525;S
20241007;101237;13812;2;1896046173613986526;S
20241007;101237;13812;5;1896046173613986527;S
20241007;101237;13812;2;1896046173613986528;S
20241007;101237;13811;10;1896046173613986529;S
20241007;101237;13811;5;1896046173613986530;S
20241007;101237;13811;5;1896046173613986531;S
20241007;101237;13811;20;1896046173613986532;B
20241007;101237;13811;5;1896046173613986533;B
20241007;101237;13811;1;1896046173613986534;B
20241007;101237;13811;1;1896046173613986535;B
20241007;101237;13811;1;1896046173613986536;B
20241007;101237;13811;1;1896046173613986537;B
20241007;101237;13811;4;1896046173613986538;B
20241007;101237;13811;1;1896046173613986539;B
20241007;101237;13811;4;1896046173613986540;B
20241007;101242;13811;4;1896046173613986541;B
20241007;101242;13811;1;1896046173613986542;B
20241007;101243;13811;12;1896046173613986543;B
20241007;101243;13811;12;1896046173613986544;B
20241007;101243;13811;12;1896046173613986545;B
20241007;101243;13811;4;1896046173613986546;B
20241007;101243;13811;7;1896046173613986547;B
20241007;101247;13810;5;1896046173613986548;S
20241007;101247;13810;20;1896046173613986549;S
20241007;101247;13810;8;1896046173613986550;S
20241007;101247;13810;3;1896046173613986551;S
20241007;101247;13810;1;1896046173613986552;S
20241007;101247;13810;12;1896046173613986553;S
20241007;101247;13810;20;1896046173613986554;S
20241007;101248;13809;4;1896046173613986555;S
20241007;101249;13810;1;1896046173613986556;B
20241007;101249;13810;1;1896046173613986557;B
20241007;101249;13809;8;1896046173613986558;S
20241007;101249;13807;8;1896046173613986559;S
20241007;101253;13807;7;1896046173613986560;S
20241007;101253;13807;20;1896046173613986561;S
20241007;101253;13805;1;1896046173613986562;S
20241007;101253;13805;5;1896046173613986563;S
20241007;101253;13803;5;1896046173613986564;S
20241007;101253;13803;2;1896046173613986565;S
20241007;101253;13803;5;1896046173613986566;S
20241007;101253;13803;5;1896046173613986567;S
20241007;101256;13807;1;1896046173613986568;B
20241007;101256;13807;1;1896046173613986569;B
20241007;101256;13806;1;1896046173613986570;S
20241007;101258;13807;2;1896046173613986571;B
20241007;101300;13807;8;1896046173613986572;S
20241007;101300;13807;14;1896046173613986573;S
20241007;101304;13808;1;1896046173613986574;B
20241007;101306;13807;5;1896046173613986575;S
20241007;101306;13806;2;1896046173613986576;S
20241007;101307;13805;15;1896046173613986577;S
20241007;101309;13805;5;1896046173613986578;S
20241007;101311;13806;1;1896046173613986579;B
20241007;101311;13806;4;1896046173613986584;B
20241007;101311;13806;1;1896046173613986589;B
20241007;101313;13807;1;1896046173613986594;B
20241007;101314;13806;1;1896046173613986599;S
20241007;101315;13806;3;1896046173613986600;S
20241007;101316;13807;5;1896046173613986601;B
20241007;101316;13807;15;1896046173613986606;B
20241007;101320;13806;5;1896046173613986611;S
20241007;101320;13806;15;1896046173613986612;S
20241007;101323;13805;50;1896046173613986613;S
20241007;101323;13803;1;1896046173613986614;S
20241007;101323;13803;5;1896046173613986619;S
20241007;101323;13802;5;1896046173613986620;S
20241007;101323;13802;10;1896046173613986621;S
20241007;101323;13802;1;1896046173613986622;S
20241007;101323;13802;8;1896046173613986627;S
20241007;101323;13802;20;1896046173613986628;S
20241007;101323;13801;5;1896046173613986629;S
20241007;101323;13801;5;1896046173613986630;S
20241007;101323;13801;2;1896046173613986631;S
20241007;101323;13801;2;1896046173613986632;S
20241007;101323;13801;5;1896046173613986633;S
20241007;101323;13801;5;1896046173613986634;S
20241007;101323;13800;30;1896046173613986635;S
20241007;101323;13800;5;1896046173613986636;S
20241007;101323;13800;41;1896046173613986637;S
20241007;101325;13804;1;1896046173613986638;S
20241007;101327;13804;8;1896046173613986639;S
20241007;101327;13804;2;1896046173613986640;S
20241007;101327;13804;20;1896046173613986641;S
20241007;101327;13801;2;1896046173613986642;S
20241007;101327;13801;8;1896046173613986643;S
20241007;101327;13801;5;1896046173613986644;S
20241007;101327;13801;5;1896046173613986645;S
20241007;101327;13800;150;1896046173613986646;S
20241007;101327;13804;2;1896046173613986647;B
20241007;101329;13800;209;1896046173613986648;S
20241007;101329;13800;2;1896046173613986649;S
20241007;101329;13800;6;1896046173613986650;B
20241007;101329;13800;14;1896046173613986651;B
20241007;101329;13800;8;1896046173613986652;B
20241007;101329;13800;6;1896046173613986653;B
20241007;101334;13800;3;1896046173613986654;B
20241007;101334;13800;2;1896046173613986655;B
20241007;101334;13800;5;1896046173613986656;B
20241007;101334;13800;1;1896046173613986657;B
20241007;101335;13799;1;1896046173613986658;S
20241007;101335;13798;1;1896046173613986659;S
20241007;101335;13797;13;1896046173613986660;S
20241007;101338;13799;2;1896046173613986661;B
20241007;101340;13797;22;1896046173613986662;S
20241007;101340;13797;2;1896046173613986663;S
20241007;101340;13797;2;1896046173613986664;B
20241007;101340;13796;1;1896046173613986665;S
20241007;101340;13796;2;1896046173613986670;S
20241007;101340;13796;7;1896046173613986671;S
20241007;101341;13796;10;1896046173613986672;S
20241007;101341;13797;2;1896046173613986673;B
20241007;101342;13795;1;1896046173613986674;S
20241007;101342;13795;1;1896046173613986675;S
20241007;101342;13795;8;1896046173613986676;S
20241007;101342;13797;6;1896046173613986677;B
20241007;101342;13795;1;1896046173613986678;S
20241007;101343;13796;1;1896046173613986679;B
20241007;101344;13796;1;1896046173613986680;S
20241007;101345;13797;1;1896046173613986681;B
20241007;101346;13797;35;1896046173613986682;B
20241007;101346;13797;15;1896046173613986683;B
20241007;101348;13796;1;1896046173613986684;B
20241007;101348;13796;6;1896046173613986685;B
20241007;101348;13796;1;1896046173613986686;B
20241007;101348;13797;7;1896046173613986687;B
20241007;101351;13797;1;1896046173613986688;B
20241007;101352;13797;1;1896046173613986689;B
20241007;101353;13797;1;1896046173613986690;B
20241007;101353;13797;1;1896046173613986691;B
20241007;101353;13796;5;1896046173613986692;S
20241007;101353;13796;5;1896046173613986693;S
20241007;101353;13795;11;1896046173613986694;S
20241007;101353;13795;24;1896046173613986695;S
20241007;101353;13795;2;1896046173613986696;S
20241007;101353;13794;1;1896046173613986697;S
20241007;101353;13794;8;1896046173613986698;S
20241007;101353;13794;2;1896046173613986699;S
20241007;101353;13793;6;1896046173613986700;S
20241007;101353;13793;2;1896046173613986701;S
20241007;101353;13792;2;1896046173613986702;S
20241007;101353;13792;5;1896046173613986703;S
20241007;101353;13792;2;1896046173613986704;S
20241007;101353;13791;1;1896046173613986705;S
20241007;101353;13791;1;1896046173613986706;S
20241007;101353;13791;5;1896046173613986707;S
20241007;101353;13791;5;1896046173613986708;S
20241007;101353;13791;1;1896046173613986709;S
20241007;101353;13791;6;1896046173613986710;S
20241007;101353;13791;2;1896046173613986711;S
20241007;101353;13790;4;1896046173613986712;S
20241007;101353;13795;1;1896046173613986713;S
20241007;101353;13795;6;1896046173613986714;S
20241007;101353;13796;2;1896046173613986715;B
20241007;101353;13795;13;1896046173613986716;S
20241007;101353;13791;2;1896046173613986717;S
20241007;101354;13796;2;1896046173613986718;B
20241007;101354;13796;1;1896046173613986719;S
20241007;101354;13795;4;1896046173613986720;S
20241007;101357;13796;2;1896046173613986721;B
20241007;101357;13796;1;1896046173613986722;B
20241007;101357;13796;2;1896046173613986723;B
20241007;101358;13796;3;1896046173613986724;B
20241007;101358;13797;4;1896046173613986725;B
20241007;101358;13797;2;1896046173613986726;B
20241007;101358;13797;8;1896046173613986727;B
20241007;101358;13798;5;1896046173613986728;B
20241007;101358;13800;2;1896046173613986729;B
20241007;101358;13800;2;1896046173613986730;B
20241007;101359;13800;196;1896046173613986731;B
20241007;101359;13801;3;1896046173613986732;B
20241007;101359;13806;5;1896046173613986733;B
20241007;101402;13808;1;1896046173613986734;B
20241007;101403;13809;3;1896046173613986735;B
20241007;101403;13807;2;1896046173613986736;S
20241007;101404;13805;1;1896046173613986737;S
20241007;101407;13805;1;1896046173613986738;S
20241007;101407;13804;4;1896046173613986739;S
20241007;101412;13805;2;1896046173613986740;S
20241007;101413;13807;2;1896046173613986741;B
20241007;101413;13809;2;1896046173613986742;B
20241007;101413;13809;1;1896046173613986743;B
20241007;101415;13807;1;1896046173613986745;S
20241007;101415;13807;1;1896046173613986750;S
20241007;101415;13806;1;1896046173613986755;S
20241007;101415;13806;1;1896046173613986760;S
20241007;101415;13806;7;1896046173613986765;S
20241007;101415;13806;2;1896046173613986770;S
20241007;101415;13806;1;1896046173613986775;S
20241007;101415;13806;1;1896046173613986780;S
20241007;101415;13806;6;1896046173613986784;S
20241007;101416;13808;1;1896046173613986785;S
20241007;101416;13807;4;1896046173613986786;S
20241007;101417;13810;2;1896046173613986787;B
20241007;101424;13809;5;1896046173613986788;B
20241007;101424;13809;1;1896046173613986789;B
20241007;101424;13809;2;1896046173613986790;B
20241007;101424;13810;12;1896046173613986791;B
20241007;101427;13809;2;1896046173613986792;B
20241007;101427;13809;3;1896046173613986793;B
20241007;101427;13810;1;1896046173613986794;B
20241007;101430;13808;1;1896046173613986796;S
20241007;101430;13808;1;1896046173613986797;S
20241007;101431;13808;3;1896046173613986798;B
20241007;101436;13807;20;1896046173613986799;S
20241007;101436;13804;1;1896046173613986800;S
20241007;101436;13803;1;1896046173613986801;S
20241007;101436;13800;178;1896046173613986802;B
20241007;101439;13804;8;1896046173613986803;S
20241007;101443;13806;1;1896046173613986804;B
20241007;101443;13806;1;1896046173613986805;B
20241007;101443;13808;4;1896046173613986806;B
20241007;101443;13808;1;1896046173613986807;B
20241007;101443;13808;3;1896046173613986808;B
20241007;101443;13808;4;1896046173613986809;B
20241007;101444;13808;3;1896046173613986810;B
20241007;101445;13808;2;1896046173613986811;B
20241007;101445;13808;2;1896046173613986812;B
20241007;101445;13808;26;1896046173613986813;B
20241007;101445;13808;1;1896046173613986814;B
20241007;101446;13809;5;1896046173613986815;B
20241007;101446;13809;15;1896046173613986816;B
20241007;101447;13810;3;1896046173613986817;B
20241007;101447;13810;9;1896046173613986818;B
20241007;101447;13810;1;1896046173613986819;B
20241007;101448;13812;5;1896046173613986820;B
20241007;101448;13812;8;1896046173613986821;B
20241007;101448;13813;5;1896046173613986822;B
20241007;101448;13813;2;1896046173613986823;B
20241007;101448;13814;5;1896046173613986824;B
20241007;101448;13814;8;1896046173613986825;B
20241007;101448;13814;5;1896046173613986826;B
20241007;101448;13814;5;1896046173613986827;B
20241007;101449;13814;5;1896046173613986828;B
20241007;101449;13815;5;1896046173613986829;B
20241007;101449;13815;5;1896046173613986830;B
20241007;101450;13815;3;1896046173613986831;B
20241007;101451;13815;32;1896046173613986832;B
20241007;101451;13815;5;1896046173613986833;B
20241007;101452;13816;5;1896046173613986834;B
20241007;101452;13816;5;1896046173613986835;B
20241007;101452;13815;1;1896046173613986836;S
20241007;101453;13815;1;1896046173613986837;S
20241007;101453;13815;4;1896046173613986838;S
20241007;101453;13816;5;1896046173613986839;B
20241007;101453;13816;5;1896046173613986840;B
20241007;101453;13817;4;1896046173613986841;B
20241007;101456;13815;3;1896046173613986842;S
20241007;101456;13814;2;1896046173613986843;S
20241007;101456;13812;3;1896046173613986844;S
20241007;101459;13814;5;1896046173613986845;S
20241007;101459;13811;2;1896046173613986846;S
20241007;101459;13811;2;1896046173613986847;S
20241007;101506;13815;21;1896046173613986848;B
20241007;101506;13815;5;1896046173613986849;B
20241007;101506;13815;3;1896046173613986850;B
20241007;101507;13810;2;1896046173613986851;S
20241007;101507;13815;1;1896046173613986852;B
20241007;101521;13812;2;1896046173613986853;B
20241007;101521;13813;1;1896046173613986854;B
20241007;101531;13811;1;1896046173613986855;S
20241007;101534;13811;1;1896046173613986856;S
20241007;101537;13814;1;1896046173613986857;B
20241007;101539;13812;1;1896046173613986858;S
20241007;101543;13811;1;1896046173613986859;S
20241007;101600;13814;1;1896046173613986860;S
20241007;101605;13815;1;1896046173613986861;B
20241007;101608;13815;3;1896046173613986862;B
20241007;101608;13815;3;1896046173613986863;B
20241007;101609;13814;1;1896046173613986864;S
20241007;101609;13814;4;1896046173613986865;S
20241007;101609;13814;3;1896046173613986866;S
20241007;101610;13811;2;1896046173613986867;S
20241007;101610;13811;18;1896046173613986868;S
20241007;101611;13813;2;1896046173613986869;B
20241007;101611;13814;12;1896046173613986870;B
20241007;101611;13814;2;1896046173613986871;B
20241007;101611;13814;4;1896046173613986872;B
20241007;101613;13814;5;1896046173613986873;B
20241007;101613;13814;5;1896046173613986874;B
20241007;101614;13813;1;1896046173613986875;S
20241007;101616;13814;1;1896046173613986876;B
20241007;101617;13814;4;1896046173613986877;B
20241007;101617;13814;5;1896046173613986878;B
20241007;101617;13814;5;1896046173613986879;B
20241007;101617;13815;13;1896046173613986880;B
20241007;101617;13815;2;1896046173613986881;B
20241007;101617;13815;87;1896046173613986882;B
20241007;101626;13815;4;1896046173613986883;B
20241007;101627;13815;9;1896046173613986884;B
20241007;101627;13815;1;1896046173613986885;B
20241007;101627;13817;1;1896046173613986886;B
20241007;101627;13817;1;1896046173613986887;B
20241007;101627;13817;5;1896046173613986888;B
20241007;101627;13818;5;1896046173613986889;B
20241007;101627;13818;2;1896046173613986890;B
20241007;101628;13816;2;1896046173613986892;S
20241007;101628;13815;5;1896046173613986897;S
20241007;101628;13815;2;1896046173613986902;S
20241007;101628;13814;8;1896046173613986907;S
20241007;101628;13814;10;1896046173613986912;S
20241007;101628;13814;3;1896046173613986917;S
20241007;101628;13814;1;1896046173613986922;S
20241007;101628;13814;1;1896046173613986927;S
20241007;101628;13814;2;1896046173613986932;S
20241007;101628;13814;1;1896046173613986937;S
20241007;101628;13814;1;1896046173613986942;S
20241007;101628;13814;5;1896046173613986947;S
20241007;101628;13814;1;1896046173613986952;S
20241007;101628;13814;1;1896046173613986957;S
20241007;101628;13814;10;1896046173613986965;S
20241007;101628;13814;1;1896046173613986970;S
20241007;101628;13813;2;1896046173613986975;S
20241007;101628;13813;7;1896046173613986980;S
20241007;101628;13812;2;1896046173613986985;S
20241007;101628;13812;6;1896046173613986990;S
20241007;101628;13812;7;1896046173613986995;S
20241007;101629;13813;5;1896046173613986996;B
20241007;101629;13813;15;1896046173613986997;B
20241007;101629;13814;10;1896046173613987002;B
20241007;101629;13814;2;1896046173613987007;B
20241007;101629;13814;15;1896046173613987008;B
20241007;101629;13815;1;1896046173613987009;B
20241007;101629;13815;1;1896046173613987014;B
20241007;101629;13815;5;1896046173613987019;B
20241007;101629;13815;61;1896046173613987020;B
20241007;101629;13816;1;1896046173613987021;B
20241007;101633;13814;1;1896046173613987026;B
20241007;101642;13812;20;1896046173613987031;S
20241007;101642;13811;6;1896046173613987032;S
20241007;101642;13811;1;1896046173613987033;S
20241007;101642;13811;3;1896046173613987034;S
20241007;101646;13814;1;1896046173613987035;B
20241007;101649;13812;2;1896046173613987040;B
20241007;101654;13812;7;1896046173613987041;S
20241007;101654;13812;1;1896046173613987042;S
20241007;101655;13814;13;1896046173613987043;B
20241007;101655;13814;2;1896046173613987048;B
20241007;101655;13815;5;1896046173613987053;B
20241007;101700;13814;7;1896046173613987058;B
20241007;101700;13814;1;1896046173613987059;B
20241007;101700;13814;12;1896046173613987060;B
20241007;101703;13814;4;1896046173613987061;B
20241007;101707;13813;5;1896046173613987064;S
20241007;101710;13814;6;1896046173613987068;B
20241007;101711;13814;8;1896046173613987069;B
20241007;101711;13814;1;1896046173613987070;B
20241007;101711;13814;1;1896046173613987071;B
20241007;101711;13815;10;1896046173613987072;B
20241007;101711;13815;5;1896046173613987077;B
20241007;101712;13815;2;1896046173613987086;S
20241007;101719;13815;4;1896046173613987087;S
20241007;101723;13816;1;1896046173613987088;B
20241007;101726;13816;5;1896046173613987093;B
20241007;101726;13816;1;1896046173613987098;B
20241007;101726;13816;5;1896046173613987103;B
20241007;101726;13816;1;1896046173613987108;B
20241007;101728;13816;5;1896046173613987113;B
20241007;101728;13815;1;1896046173613987118;S
20241007;101729;13816;4;1896046173613987119;B
20241007;101729;13816;2;1896046173613987124;B
20241007;101730;13816;3;1896046173613987129;B
20241007;101732;13816;10;1896046173613987134;B
20241007;101734;13816;2;1896046173613987139;B
20241007;101734;13817;1;1896046173613987144;B
20241007;101734;13817;1;1896046173613987149;B
20241007;101734;13817;6;1896046173613987154;B
20241007;101735;13817;4;1896046173613987159;B
20241007;101735;13817;4;1896046173613987164;B
20241007;101735;13818;2;1896046173613987169;B
20241007;101739;13819;5;1896046173613987170;B
20241007;101739;13819;2;1896046173613987171;B
20241007;101739;13819;3;1896046173613987172;B
20241007;101739;13819;2;1896046173613987173;B
20241007;101739;13819;3;1896046173613987174;B
20241007;101739;13819;2;1896046173613987175;B
20241007;101739;13819;5;1896046173613987176;B
20241007;101739;13820;1;1896046173613987177;B
20241007;101739;13820;1;1896046173613987178;B
20241007;101739;13820;5;1896046173613987179;B
20241007;101739;13819;2;1896046173613987180;B
20241007;101739;13819;12;1896046173613987181;B
20241007;101740;13819;5;1896046173613987182;B
20241007;101740;13819;5;1896046173613987183;B
20241007;101742;13819;5;1896046173613987184;B
20241007;101742;13819;5;1896046173613987185;B
20241007;101743;13819;5;1896046173613987186;B
20241007;101743;13820;5;1896046173613987187;B
20241007;101743;13819;4;1896046173613987188;B
20241007;101744;13817;1;1896046173613987189;S
20241007;101744;13819;1;1896046173613987190;B
20241007;101744;13820;95;1896046173613987191;B
20241007;101745;13820;10;1896046173613987192;B
20241007;101746;13820;3;1896046173613987193;B
20241007;101750;13820;20;1896046173613987194;B
20241007;101753;13820;10;1896046173613987195;B
20241007;101755;13819;6;1896046173613987196;S
20241007;101757;13819;2;1896046173613987197;B
20241007;101757;13819;5;1896046173613987198;B
20241007;101758;13820;30;1896046173613987199;B
20241007;101801;13819;11;1896046173613987201;S
20241007;101801;13819;1;1896046173613987206;S
20241007;101801;13819;1;1896046173613987211;S
20241007;101801;13819;7;1896046173613987216;S
20241007;101811;13820;10;1896046173613987220;B
20241007;101813;13820;3;1896046173613987221;B
20241007;101814;13820;17;1896046173613987222;B
20241007;101814;13820;92;1896046173613987223;B
20241007;101814;13821;2;1896046173613987224;B
20241007;101815;13821;2;1896046173613987225;S
20241007;101824;13821;1;1896046173613987226;B
20241007;101831;13821;2;1896046173613987227;B
20241007;101843;13821;7;1896046173613987229;S
20241007;101848;13822;20;1896046173613987230;B
20241007;101849;13822;4;1896046173613987231;B
20241007;101850;13822;26;1896046173613987232;B
20241007;101856;13823;1;1896046173613987233;B
20241007;101856;13824;1;1896046173613987234;B
20241007;101857;13825;2;1896046173613987235;B
20241007;101857;13825;6;1896046173613987236;B
20241007;101857;13825;1;1896046173613987237;B
20241007;101857;13825;5;1896046173613987238;B
20241007;101857;13825;2;1896046173613987239;B
20241007;101911;13826;2;1896046173613987241;B
20241007;101912;13826;1;1896046173613987242;B
20241007;101914;13825;4;1896046173613987243;S
20241007;101914;13825;3;1896046173613987244;S
20241007;101914;13825;1;1896046173613987245;S
20241007;101914;13825;1;1896046173613987246;S
20241007;101914;13824;1;1896046173613987247;S
20241007;101915;13824;2;1896046173613987248;B
20241007;101933;13821;1;1896046173613987249;S
20241007;101939;13820;4;1896046173613987250;S
20241007;101939;13820;30;1896046173613987251;S
20241007;101939;13819;2;1896046173613987252;S
20241007;101939;13819;10;1896046173613987253;S
20241007;101939;13818;8;1896046173613987254;S
20241007;101939;13818;2;1896046173613987255;S
20241007;101947;13815;2;1896046173613987256;B
20241007;101947;13815;1;1896046173613987257;B
20241007;101949;13817;2;1896046173613987258;B
20241007;101949;13817;3;1896046173613987259;B
20241007;101949;13819;5;1896046173613987260;B
20241007;101949;13819;2;1896046173613987261;B
20241007;101949;13819;3;1896046173613987262;B
20241007;101959;13814;10;1896046173613987263;S
20241007;101959;13812;4;1896046173613987264;S
20241007;101959;13812;54;1896046173613987265;S
20241007;101959;13812;22;1896046173613987266;S
20241007;101959;13812;11;1896046173613987267;S
20241007;101959;13812;3;1896046173613987268;S
20241007;101959;13812;15;1896046173613987269;S
20241007;101959;13812;15;1896046173613987270;S
20241007;101959;13812;15;1896046173613987271;S
20241007;101959;13812;48;1896046173613987272;S
20241007;101959;13812;15;1896046173613987273;S
20241007;101959;13812;3;1896046173613987274;S
20241007;101959;13811;12;1896046173613987275;S
20241007;101959;13811;1;1896046173613987276;S
20241007;102000;13811;1;1896046173613987277;S
20241007;102001;13811;4;1896046173613987278;S
20241007;102001;13812;1;1896046173613987280;B
20241007;102001;13812;1;1896046173613987285;B
20241007;102001;13812;3;1896046173613987290;B
20241007;102001;13812;2;1896046173613987295;B
20241007;102001;13812;2;1896046173613987300;B
20241007;102002;13811;4;1896046173613987304;S
20241007;102003;13810;6;1896046173613987305;S
20241007;102003;13808;2;1896046173613987306;S
20241007;102003;13805;3;1896046173613987307;S
20241007;102006;13805;4;1896046173613987308;S
20241007;102006;13805;8;1896046173613987309;S
20241007;102006;13802;2;1896046173613987310;S
20241007;102007;13802;2;1896046173613987311;S
20241007;102009;13800;1;1896046173613987312;S
20241007;102009;13800;1;1896046173613987313;S
20241007;102012;13800;2;1896046173613987314;S
20241007;102014;13800;2;1896046173613987315;S
20241007;102014;13797;3;1896046173613987316;S
20241007;102014;13797;2;1896046173613987317;S
20241007;102014;13797;1;1896046173613987318;S
20241007;102014;13797;1;1896046173613987319;S
20241007;102014;13795;1;1896046173613987320;S
20241007;102014;13793;3;1896046173613987321;S
20241007;102014;13793;1;1896046173613987322;S
20241007;102015;13793;1;1896046173613987323;S
20241007;102015;13792;1;1896046173613987324;S
20241007;102015;13792;3;1896046173613987325;S
20241007;102015;13792;1;1896046173613987326;S
20241007;102015;13791;4;1896046173613987327;S
20241007;102015;13791;1;1896046173613987328;S
20241007;102015;13791;2;1896046173613987329;S
20241007;102015;13791;2;1896046173613987330;S
20241007;102016;13793;2;1896046173613987331;S
20241007;102017;13791;2;1896046173613987332;S
20241007;102019;13794;2;1896046173613987333;B
20241007;102020;13795;2;1896046173613987334;B
20241007;102020;13796;5;1896046173613987335;B
20241007;102020;13796;8;1896046173613987336;B
20241007;102020;13793;1;1896046173613987337;S
20241007;102022;13793;1;1896046173613987338;S
20241007;102022;13793;1;1896046173613987339;S
20241007;102022;13792;2;1896046173613987340;S
20241007;102022;13792;2;1896046173613987341;S
20241007;102022;13792;2;1896046173613987342;S
20241007;102023;13797;1;1896046173613987344;B
20241007;102024;13797;1;1896046173613987348;B
20241007;102025;13796;1;1896046173613987349;S
20241007;102026;13798;2;1896046173613987350;B
20241007;102027;13798;1;1896046173613987351;S
20241007;102029;13803;5;1896046173613987352;B
20241007;102029;13803;2;1896046173613987353;B
20241007;102029;13803;3;1896046173613987354;B
20241007;102030;13799;2;1896046173613987355;S
20241007;102033;13798;2;1896046173613987356;S
20241007;102033;13798;2;1896046173613987357;S
20241007;102033;13795;2;1896046173613987358;S
20241007;102034;13798;1;1896046173613987359;B
20241007;102041;13804;1;1896046173613987360;B
20241007;102042;13805;6;1896046173613987361;B
20241007;102042;13806;3;1896046173613987362;B
20241007;102042;13806;4;1896046173613987363;B
20241007;102042;13807;5;1896046173613987364;B
20241007;102042;13807;1;1896046173613987365;B
20241007;102044;13801;2;1896046173613987366;S
20241007;102047;13803;1;1896046173613987367;B
20241007;102049;13807;7;1896046173613987368;B
20241007;102049;13807;2;1896046173613987369;S
20241007;102049;13806;3;1896046173613987370;S
20241007;102049;13805;2;1896046173613987371;S
20241007;102049;13804;3;1896046173613987372;S
20241007;102051;13808;1;1896046173613987373;B
20241007;102052;13808;1;1896046173613987374;B
20241007;102054;13806;1;1896046173613987375;S
20241007;102054;13805;2;1896046173613987376;S
20241007;102054;13805;5;1896046173613987377;S
20241007;102054;13804;17;1896046173613987378;S
20241007;102054;13804;2;1896046173613987379;S
20241007;102054;13803;1;1896046173613987380;S
20241007;102054;13802;2;1896046173613987381;S
20241007;102100;13808;1;1896046173613987382;B
20241007;102108;13807;1;1896046173613987383;S
20241007;102108;13805;5;1896046173613987384;S
20241007;102108;13804;14;1896046173613987385;S
20241007;102114;13804;1;1896046173613987386;S
20241007;102118;13810;5;1896046173613987387;B
20241007;102118;13810;2;1896046173613987388;B
20241007;102118;13811;5;1896046173613987389;B
20241007;102118;13811;1;1896046173613987390;B
20241007;102125;13808;5;1896046173613987391;B
20241007;102125;13809;1;1896046173613987392;B
20241007;102126;13808;1;1896046173613987393;B
20241007;102129;13806;2;1896046173613987394;B
20241007;102132;13805;2;1896046173613987395;B
20241007;102133;13805;5;1896046173613987396;B
20241007;102133;13805;1;1896046173613987397;B
20241007;102141;13805;1;1896046173613987398;B
20241007;102148;13805;6;1896046173613987399;B
20241007;102148;13805;5;1896046173613987400;B
20241007;102148;13805;2;1896046173613987401;B
20241007;102151;13805;7;1896046173613987402;S
20241007;102156;13804;1;1896046173613987403;S
20241007;102156;13804;2;1896046173613987404;S
20241007;102214;13800;1;1896046173613987405;S
20241007;102216;13800;1;1896046173613987406;B
20241007;102225;13798;1;1896046173613987407;S
20241007;102225;13798;5;1896046173613987408;S
20241007;102237;13798;1;1896046173613987409;S
20241007;102241;13798;13;1896046173613987410;S
20241007;102244;13798;1;1896046173613987411;S
20241007;102244;13796;1;1896046173613987412;S
20241007;102244;13795;13;1896046173613987417;S
20241007;102300;13798;3;1896046173613987418;S
20241007;102303;13798;7;1896046173613987419;S
20241007;102306;13798;1;1896046173613987420;S
20241007;102307;13799;5;1896046173613987421;B
20241007;102308;13798;29;1896046173613987422;S
20241007;102321;13795;17;1896046173613987423;S
20241007;102321;13795;1;1896046173613987424;S
20241007;102321;13795;4;1896046173613987425;S
20241007;102321;13790;1;1896046173613987426;S
20241007;102323;13790;4;1896046173613987427;S
20241007;102323;13790;17;1896046173613987428;S
20241007;102323;13790;7;1896046173613987429;S
20241007;102323;13790;10;1896046173613987430;S
20241007;102329;13791;1;1896046173613987431;B
20241007;102330;13790;1;1896046173613987432;S
20241007;102330;13790;1;1896046173613987433;S
20241007;102330;13790;16;1896046173613987434;S
20241007;102330;13790;5;1896046173613987435;S
20241007;102330;13790;4;1896046173613987436;S
20241007;102330;13790;4;1896046173613987437;S
20241007;102330;13789;1;1896046173613987438;S
20241007;102330;13789;2;1896046173613987439;S
20241007;102330;13787;2;1896046173613987440;S
20241007;102330;13786;1;1896046173613987441;S
20241007;102330;13785;2;1896046173613987442;S
20241007;102330;13785;1;1896046173613987443;S
20241007;102330;13785;2;1896046173613987448;S
20241007;102330;13784;1;1896046173613987449;S
20241007;102330;13784;1;1896046173613987450;S
20241007;102330;13784;2;1896046173613987451;S
20241007;102330;13783;3;1896046173613987452;S
20241007;102330;13783;1;1896046173613987453;S
20241007;102330;13783;5;1896046173613987454;S
20241007;102330;13789;1;1896046173613987455;B
20241007;102330;13783;1;1896046173613987456;S
20241007;102330;13783;7;1896046173613987457;S
20241007;102330;13786;5;1896046173613987458;B
20241007;102330;13782;1;1896046173613987459;S
20241007;102331;13782;3;1896046173613987460;S
20241007;102331;13781;1;1896046173613987461;S
20241007;102331;13781;3;1896046173613987462;S
20241007;102332;13780;3;1896046173613987463;S
20241007;102332;13780;2;1896046173613987464;S
20241007;102332;13780;2;1896046173613987465;S
20241007;102332;13780;2;1896046173613987466;S
20241007;102332;13779;1;1896046173613987467;S
20241007;102339;13780;1;1896046173613987468;B
20241007;102339;13780;2;1896046173613987469;B
20241007;102339;13779;1;1896046173613987470;S
20241007;102340;13780;1;1896046173613987471;B
20241007;102341;13780;16;1896046173613987472;B
20241007;102341;13780;8;1896046173613987473;B
20241007;102341;13780;2;1896046173613987474;B
20241007;102341;13780;1;1896046173613987475;B
20241007;102341;13780;7;1896046173613987476;B
20241007;102341;13782;4;1896046173613987477;B
20241007;102343;13780;2;1896046173613987478;S
20241007;102344;13780;2;1896046173613987479;S
20241007;102344;13779;2;1896046173613987480;S
20241007;102344;13779;1;1896046173613987481;S
20241007;102344;13779;2;1896046173613987486;S
20241007;102344;13778;2;1896046173613987487;S
20241007;102344;13778;20;1896046173613987488;S
20241007;102344;13778;20;1896046173613987489;S
20241007;102344;13777;4;1896046173613987490;S
20241007;102344;13777;1;1896046173613987491;S
20241007;102344;13785;8;1896046173613987492;B
20241007;102344;13785;2;1896046173613987493;B
20241007;102344;13786;4;1896046173613987494;B
20241007;102344;13786;4;1896046173613987495;B
20241007;102344;13787;5;1896046173613987496;B
20241007;102344;13787;2;1896046173613987497;B
20241007;102344;13788;3;1896046173613987498;B
20241007;102344;13788;2;1896046173613987499;B
20241007;102345;13778;1;1896046173613987500;S
20241007;102350;13777;1;1896046173613987501;S
20241007;102350;13780;1;1896046173613987502;B
20241007;102352;13780;1;1896046173613987503;B
20241007;102352;13780;5;1896046173613987504;S
20241007;102355;13780;11;1896046173613987505;S
20241007;102356;13780;18;1896046173613987506;S
20241007;102356;13780;4;1896046173613987507;B
20241007;102356;13780;2;1896046173613987508;B
20241007;102357;13781;1;1896046173613987509;B
20241007;102357;13781;2;1896046173613987510;B
20241007;102402;13781;1;1896046173613987511;S
20241007;102403;13783;5;1896046173613987512;B
20241007;102403;13783;5;1896046173613987513;B
20241007;102403;13783;5;1896046173613987514;B
20241007;102403;13783;5;1896046173613987515;B
20241007;102405;13779;2;1896046173613987516;S
20241007;102405;13777;1;1896046173613987517;S
20241007;102406;13779;1;1896046173613987518;S
20241007;102406;13779;2;1896046173613987519;S
20241007;102406;13777;1;1896046173613987520;S
20241007;102406;13777;2;1896046173613987521;S
20241007;102406;13776;1;1896046173613987522;S
20241007;102406;13776;4;1896046173613987523;S
20241007;102407;13776;2;1896046173613987524;S
20241007;102407;13776;1;1896046173613987525;S
20241007;102407;13776;1;1896046173613987526;S
20241007;102408;13782;2;1896046173613987527;B
20241007;102408;13782;1;1896046173613987528;B
20241007;102408;13783;5;1896046173613987529;B
20241007;102408;13783;2;1896046173613987530;B
20241007;102412;13781;2;1896046173613987531;B
20241007;102415;13776;1;1896046173613987532;S
20241007;102415;13776;1;1896046173613987533;S
20241007;102415;13776;1;1896046173613987534;S
20241007;102415;13775;6;1896046173613987535;S
20241007;102415;13775;1;1896046173613987536;S
20241007;102415;13775;2;1896046173613987541;S
20241007;102415;13774;1;1896046173613987542;S
20241007;102415;13774;5;1896046173613987543;S
20241007;102415;13774;2;1896046173613987544;S
20241007;102415;13774;1;1896046173613987545;S
20241007;102415;13775;1;1896046173613987546;S
20241007;102418;13778;3;1896046173613987547;S
20241007;102418;13778;1;1896046173613987548;S
20241007;102420;13776;4;1896046173613987549;B
20241007;102420;13776;5;1896046173613987550;B
20241007;102420;13776;2;1896046173613987551;B
20241007;102420;13780;2;1896046173613987552;B
20241007;102423;13775;1;1896046173613987553;S
20241007;102434;13775;1;1896046173613987554;S
20241007;102434;13775;2;1896046173613987555;S
20241007;102434;13778;2;1896046173613987556;B
20241007;102434;13779;1;1896046173613987557;B
20241007;102434;13779;1;1896046173613987558;B
20241007;102434;13779;2;1896046173613987559;B
20241007;102434;13779;3;1896046173613987560;B
20241007;102434;13780;1;1896046173613987561;B
20241007;102435;13775;1;1896046173613987562;S
20241007;102435;13775;1;1896046173613987563;S
20241007;102438;13776;2;1896046173613987564;S
20241007;102438;13775;2;1896046173613987565;S
20241007;102438;13775;3;1896046173613987566;S
20241007;102438;13773;1;1896046173613987567;S
20241007;102438;13773;2;1896046173613987568;S
20241007;102438;13772;4;1896046173613987569;S
20241007;102438;13772;20;1896046173613987570;S
20241007;102438;13777;2;1896046173613987571;B
20241007;102441;13778;2;1896046173613987572;B
20241007;102445;13780;1;1896046173613987573;B
20241007;102445;13780;15;1896046173613987574;B
20241007;102445;13782;1;1896046173613987575;B
20241007;102447;13781;2;1896046173613987576;S
20241007;102447;13779;1;1896046173613987577;S
20241007;102447;13779;2;1896046173613987578;S
20241007;102447;13779;5;1896046173613987579;S
20241007;102448;13779;1;1896046173613987580;S
20241007;102448;13781;1;1896046173613987581;B
20241007;102449;13779;4;1896046173613987582;S
20241007;102449;13779;1;1896046173613987583;S
20241007;102449;13776;8;1896046173613987584;S
20241007;102449;13776;6;1896046173613987585;S
20241007;102449;13776;4;1896046173613987586;S
20241007;102451;13779;10;1896046173613987587;B
20241007;102453;13776;2;1896046173613987588;S
20241007;102453;13773;2;1896046173613987589;S
20241007;102455;13772;4;1896046173613987590;S
20241007;102455;13772;12;1896046173613987591;S
20241007;102455;13770;2;1896046173613987592;S
20241007;102455;13770;1;1896046173613987593;S
20241007;102455;13770;2;1896046173613987594;S
20241007;102455;13770;5;1896046173613987595;S
20241007;102456;13768;1;1896046173613987596;S
20241007;102456;13767;3;1896046173613987597;S
20241007;102456;13767;3;1896046173613987598;B
20241007;102456;13767;2;1896046173613987599;B
20241007;102456;13771;2;1896046173613987600;B
20241007;102456;13772;13;1896046173613987601;B
20241007;102457;13766;1;1896046173613987602;S
20241007;102457;13766;2;1896046173613987603;S
20241007;102457;13766;1;1896046173613987604;S
20241007;102457;13765;1;1896046173613987605;S
20241007;102457;13765;4;1896046173613987606;S
20241007;102507;13772;2;1896046173613987607;B
20241007;102507;13772;15;1896046173613987608;B
20241007;102507;13772;8;1896046173613987609;B
20241007;102507;13773;5;1896046173613987610;B
20241007;102507;13773;4;1896046173613987611;B
20241007;102507;13774;15;1896046173613987612;B
20241007;102507;13774;2;1896046173613987613;B
20241007;102507;13774;5;1896046173613987614;B
20241007;102507;13775;6;1896046173613987615;B
20241007;102507;13775;5;1896046173613987616;B
20241007;102507;13776;2;1896046173613987617;B
20241007;102507;13776;15;1896046173613987618;B
20241007;102507;13776;5;1896046173613987619;B
20241007;102507;13777;20;1896046173613987620;B
20241007;102507;13777;5;1896046173613987621;B
20241007;102507;13778;5;1896046173613987622;B
20241007;102507;13779;5;1896046173613987623;B
20241007;102507;13779;15;1896046173613987624;B
20241007;102507;13779;2;1896046173613987625;B
20241007;102507;13780;5;1896046173613987626;B
20241007;102507;13780;4;1896046173613987627;B
20241007;102507;13769;4;1896046173613987628;S
20241007;102508;13774;2;1896046173613987629;B
20241007;102508;13774;4;1896046173613987630;B
20241007;102512;13776;1;1896046173613987631;B
20241007;102513;13776;1;1896046173613987632;S
20241007;102513;13775;1;1896046173613987633;S
20241007;102515;13775;8;1896046173613987634;B
20241007;102515;13775;8;1896046173613987635;B
20241007;102515;13778;2;1896046173613987636;B
20241007;102515;13779;2;1896046173613987637;B
20241007;102515;13772;2;1896046173613987638;S
20241007;102515;13771;1;1896046173613987639;S
20241007;102515;13771;1;1896046173613987640;S
20241007;102515;13772;5;1896046173613987641;S
20241007;102515;13772;5;1896046173613987642;S
20241007;102517;13773;1;1896046173613987643;S
20241007;102517;13771;2;1896046173613987644;S
20241007;102520;13772;2;1896046173613987645;B
20241007;102520;13773;1;1896046173613987646;B
20241007;102520;13774;1;1896046173613987647;B
20241007;102522;13770;1;1896046173613987648;S
20241007;102524;13770;6;1896046173613987649;S
20241007;102524;13770;9;1896046173613987650;S
20241007;102526;13771;5;1896046173613987651;S
20241007;102526;13771;1;1896046173613987652;S
20241007;102526;13774;2;1896046173613987653;B
20241007;102528;13775;1;1896046173613987654;B
20241007;102529;13775;1;1896046173613987655;B
20241007;102531;13775;3;1896046173613987656;B
20241007;102531;13776;2;1896046173613987657;B
20241007;102531;13776;8;1896046173613987658;B
20241007;102531;13777;1;1896046173613987659;B
20241007;102531;13778;2;1896046173613987660;B
20241007;102531;13778;2;1896046173613987661;B
20241007;102531;13779;2;1896046173613987662;B
20241007;102532;13775;20;1896046173613987663;B
20241007;102532;13775;5;1896046173613987664;S
20241007;102532;13775;2;1896046173613987665;S
20241007;102532;13774;2;1896046173613987666;S
20241007;102532;13774;2;1896046173613987667;S
20241007;102532;13774;1;1896046173613987668;S
20241007;102533;13770;2;1896046173613987669;S
20241007;102533;13770;3;1896046173613987670;S
20241007;102533;13770;2;1896046173613987671;S
20241007;102533;13770;1;1896046173613987672;B
20241007;102537;13770;2;1896046173613987673;B
20241007;102538;13774;2;1896046173613987674;B
20241007;102538;13773;2;1896046173613987675;S
20241007;102538;13771;5;1896046173613987676;S
20241007;102538;13771;2;1896046173613987677;S
20241007;102545;13770;1;1896046173613987678;S
20241007;102546;13767;1;1896046173613987679;S
20241007;102546;13768;1;1896046173613987680;B
20241007;102549;13767;1;1896046173613987681;S
20241007;102549;13766;1;1896046173613987682;S
20241007;102549;13765;9;1896046173613987683;S
20241007;102549;13765;19;1896046173613987684;S
20241007;102549;13765;4;1896046173613987685;S
20241007;102549;13765;1;1896046173613987686;S
20241007;102549;13765;5;1896046173613987687;S
20241007;102549;13765;3;1896046173613987688;S
20241007;102549;13765;4;1896046173613987689;S
20241007;102549;13765;10;1896046173613987690;S
20241007;102550;13765;13;1896046173613987691;S
20241007;102552;13765;4;1896046173613987692;S
20241007;102552;13766;3;1896046173613987693;B
20241007;102552;13766;2;1896046173613987694;B
20241007;102556;13765;3;1896046173613987695;S
20241007;102557;13766;1;1896046173613987696;B
20241007;102557;13765;3;1896046173613987697;S
20241007;102602;13766;3;1896046173613987698;S
20241007;102603;13765;6;1896046173613987699;S
20241007;102603;13765;1;1896046173613987700;S
20241007;102607;13767;1;1896046173613987701;B
20241007;102607;13768;5;1896046173613987702;B
20241007;102607;13768;7;1896046173613987703;B
20241007;102609;13766;2;1896046173613987704;S
20241007;102609;13765;1;1896046173613987705;S
