<DATE>;<TIME>;<LAST>;<VOL>;<ID>;<OPER>
20241021;095904;20280;2;2024680280920425772;S
20241021;095904;20280;8;2024680280920425773;S
20241021;095904;20280;8;2024680280920425774;S
20241021;100000;20280;5;2024680280920425775;B
20241021;100000;20261;50;2024680280920425776;S
20241021;100000;20260;40;2024680280920425777;S
20241021;100000;20260;35;2024680280920425778;S
20241021;100000;20278;1;2024680280920425779;S
20241021;100000;20272;1;2024680280920425780;S
20241021;100001;20261;1;2024680280920425781;S
20241021;100001;20268;1;2024680280920425782;S
20241021;100001;20270;1;2024680280920425783;S
20241021;100001;20258;30;2024680280920425784;S
20241021;100002;20264;1;2024680280920425785;S
20241021;100004;20271;1;2024680280920425786;B
20241021;100005;20266;1;2024680280920425787;S
20241021;100005;20260;1;2024680280920425788;S
20241021;100005;20259;1;2024680280920425789;S
20241021;100006;20264;1;2024680280920425790;S
20241021;100013;20259;1;2024680280920425791;S
20241021;100021;20258;5;2024680280920425792;S
20241021;100022;20258;3;2024680280920425793;S
20241021;100022;20258;3;2024680280920425794;S
20241021;100022;20262;10;2024680280920425795;B
20241021;100025;20258;2;2024680280920425796;S
20241021;100026;20258;20;2024680280920425797;S
20241021;100027;20262;1;2024680280920425798;B
20241021;100046;20262;1;2024680280920425799;B
20241021;100052;20258;24;2024680280920425800;S
20241021;100057;20258;4;2024680280920425801;S
20241021;100100;20258;4;2024680280920425802;S
20241021;100100;20258;2;2024680280920425803;S
20241021;100100;20258;2;2024680280920425804;S
20241021;100103;20258;1;2024680280920425805;S
20241021;100108;20259;1;2024680280920425806;B
20241021;100108;20259;2;2024680280920425807;B
20241021;100110;20269;6;2024680280920425809;B
20241021;100113;20259;1;2024680280920425813;S
20241021;100119;20261;2;2024680280920425815;S
20241021;100123;20258;3;2024680280920425816;S
20241021;100131;20259;1;2024680280920425817;S
20241021;100132;20258;1;2024680280920425818;S
20241021;100141;20259;2;2024680280920425820;B
20241021;100144;20259;2;2024680280920425821;B
20241021;100145;20259;7;2024680280920425822;B
20241021;100145;20259;34;2024680280920425823;B
20241021;100145;20259;2;2024680280920425825;B
20241021;100145;20258;7;2024680280920425827;S
20241021;100145;20259;2;2024680280920425828;B
20241021;100150;20258;12;2024680280920425829;S
20241021;100156;20258;5;2024680280920425830;S
20241021;100157;20259;15;2024680280920425831;B
20241021;100159;20259;11;2024680280920425832;B
20241021;100159;20259;11;2024680280920425833;B
20241021;100200;20259;3;2024680280920425834;S
20241021;100200;20259;1;2024680280920425835;S
20241021;100201;20259;1;2024680280920425836;S
20241021;100203;20260;5;2024680280920425837;B
20241021;100222;20260;3;2024680280920425838;S
20241021;100231;20264;11;2024680280920425839;B
20241021;100231;20264;4;2024680280920425840;B
20241021;100236;20260;7;2024680280920425841;S
20241021;100238;20261;13;2024680280920425843;B
20241021;100238;20261;3;2024680280920425848;B
20241021;100238;20261;5;2024680280920425853;B
20241021;100238;20260;2;2024680280920425857;S
20241021;100239;20260;8;2024680280920425858;S
20241021;100239;20260;1;2024680280920425859;S
20241021;100239;20259;41;2024680280920425860;S
20241021;100329;20261;12;2024680280920425861;B
20241021;100329;20261;1;2024680280920425862;B
20241021;100331;20261;4;2024680280920425863;S
20241021;100358;20270;11;2024680280920425864;B
20241021;100358;20270;10;2024680280920425865;B
20241021;100417;20261;2;2024680280920425866;S
20241021;100422;20269;6;2024680280920425867;B
20241021;100431;20269;25;2024680280920425868;S
20241021;100432;20270;5;2024680280920425869;B
20241021;100433;20270;3;2024680280920425870;B
20241021;100433;20269;1;2024680280920425871;S
20241021;100437;20269;49;2024680280920425872;S
20241021;100437;20267;1;2024680280920425873;S
20241021;100444;20270;5;2024680280920425874;B
20241021;100455;20270;1;2024680280920425876;B
20241021;100457;20270;3;2024680280920425880;B
20241021;100503;20270;2;2024680280920425881;B
20241021;100503;20269;1;2024680280920425882;S
20241021;100511;20270;1;2024680280920425883;B
20241021;100526;20270;10;2024680280920425884;B
20241021;100526;20270;3;2024680280920425885;B
20241021;100611;20270;5;2024680280920425890;B
20241021;100621;20270;8;2024680280920425892;B
20241021;100624;20270;1;2024680280920425893;B
20241021;100630;20270;3;2024680280920425895;B
20241021;100630;20270;3;2024680280920425896;B
20241021;100637;20270;6;2024680280920425897;B
20241021;100637;20270;4;2024680280920425898;B
20241021;100638;20270;2;2024680280920425899;B
20241021;100648;20270;10;2024680280920425901;B
20241021;100650;20270;4;2024680280920425902;B
20241021;100700;20271;10;2024680280920425903;B
20241021;100708;20271;2;2024680280920425904;B
20241021;100710;20271;8;2024680280920425905;B
20241021;100710;20271;2;2024680280920425906;S
20241021;100730;20270;10;2024680280920425907;B
20241021;100740;20270;8;2024680280920425908;B
20241021;100749;20272;2;2024680280920425909;B
20241021;100749;20274;4;2024680280920425910;B
20241021;100804;20274;16;2024680280920425914;B
20241021;100845;20276;12;2024680280920425915;B
20241021;100855;20276;17;2024680280920425916;B
20241021;100901;20275;10;2024680280920425917;S
20241021;100911;20276;20;2024680280920425918;B
20241021;100921;20279;20;2024680280920425919;B
20241021;100937;20279;20;2024680280920425920;B
20241021;101016;20279;10;2024680280920425921;B
20241021;101016;20279;10;2024680280920425922;B
20241021;101032;20279;30;2024680280920425923;B
20241021;101058;20275;32;2024680280920425924;S
20241021;101104;20275;18;2024680280920425925;S
20241021;101104;20275;1;2024680280920425926;S
20241021;101118;20272;31;2024680280920425927;B
20241021;101123;20273;1;2024680280920425928;B
20241021;101123;20273;14;2024680280920425929;B
20241021;101125;20273;1;2024680280920425930;B
20241021;101133;20273;33;2024680280920425931;B
20241021;101154;20271;5;2024680280920425932;S
20241021;101204;20273;2;2024680280920425933;B
20241021;101207;20273;4;2024680280920425934;B
20241021;101207;20273;16;2024680280920425935;B
20241021;101207;20273;2;2024680280920425937;B
20241021;101207;20275;2;2024680280920425942;B
20241021;101211;20271;11;2024680280920425946;S
20241021;101211;20270;1;2024680280920425947;S
20241021;101211;20270;11;2024680280920425948;S
20241021;101211;20270;6;2024680280920425949;S
20241021;101351;20270;21;2024680280920425950;B
20241021;101352;20270;50;2024680280920425951;B
20241021;101352;20274;223;2024680280920425952;B
20241021;101656;20273;1;2024680280920425953;B
20241021;101656;20274;1;2024680280920425958;B
20241021;101657;20274;8;2024680280920425959;B
20241021;101657;20274;40;2024680280920425960;B
20241021;101657;20275;18;2024680280920425961;B
20241021;101657;20275;6;2024680280920425962;B
20241021;101657;20275;490;2024680280920425963;B
20241021;101709;20270;11;2024680280920425964;S
20241021;101709;20270;29;2024680280920425965;S
20241021;101719;20272;1;2024680280920425966;S
20241021;101754;20274;1;2024680280920425967;B
20241021;101759;20273;1;2024680280920425968;B
20241021;101759;20273;2;2024680280920425969;B
20241021;101823;20272;4;2024680280920425970;S
20241021;101851;20272;1;2024680280920425971;S
20241021;101902;20272;10;2024680280920425972;S
20241021;101902;20272;34;2024680280920425973;S
20241021;101907;20271;10;2024680280920425974;S
20241021;101913;20271;1;2024680280920425975;S
20241021;101918;20272;1;2024680280920425976;B
20241021;101918;20272;10;2024680280920425977;B
20241021;101946;20271;5;2024680280920425978;S
20241021;102043;20272;1;2024680280920425979;B
20241021;102043;20272;9;2024680280920425980;B
20241021;102103;20274;10;2024680280920425981;B
20241021;102134;20273;10;2024680280920425982;B
20241021;102149;20273;10;2024680280920425983;B
20241021;102235;20278;1;2024680280920425984;B
20241021;102235;20278;1;2024680280920425985;B
20241021;102236;20278;1;2024680280920425986;B
20241021;102237;20278;1;2024680280920425987;B
20241021;102244;20277;5;2024680280920425989;S
20241021;102247;20278;1;2024680280920425993;B
20241021;102328;20278;1;2024680280920425994;B
20241021;102328;20278;9;2024680280920425995;B
20241021;102342;20278;1;2024680280920425997;B
20241021;102358;20278;8;2024680280920426001;B
20241021;102425;20278;2;2024680280920426002;B
20241021;102437;20278;1;2024680280920426003;B
20241021;102443;20277;5;2024680280920426004;S
20241021;102534;20277;1;2024680280920426005;B
20241021;102541;20274;20;2024680280920426006;S
20241021;102541;20274;4;2024680280920426007;S
20241021;102541;20275;10;2024680280920426008;B
20241021;102551;20273;6;2024680280920426009;S
20241021;102551;20273;4;2024680280920426010;S
20241021;102551;20272;1;2024680280920426011;S
20241021;102552;20272;9;2024680280920426012;S
20241021;102552;20272;10;2024680280920426013;S
20241021;102620;20268;1;2024680280920426014;S
20241021;102638;20267;5;2024680280920426015;S
20241021;102653;20266;1;2024680280920426016;S
20241021;102710;20265;10;2024680280920426017;S
20241021;102724;20262;11;2024680280920426018;S
20241021;102724;20262;1;2024680280920426019;S
20241021;102738;20261;1;2024680280920426020;S
20241021;102750;20262;1;2024680280920426022;B
20241021;102808;20261;1;2024680280920426024;S
20241021;102816;20260;10;2024680280920426025;S
20241021;102820;20261;6;2024680280920426026;S
20241021;102820;20262;10;2024680280920426027;B
20241021;102820;20262;3;2024680280920426028;B
20241021;102827;20262;5;2024680280920426029;B
20241021;102836;20261;25;2024680280920426030;S
20241021;102916;20262;1;2024680280920426031;B
20241021;102919;20262;1;2024680280920426032;B
20241021;102920;20262;1;2024680280920426033;B
20241021;103030;20263;1;2024680280920426034;S
20241021;103034;20263;10;2024680280920426035;S
20241021;103034;20263;5;2024680280920426036;S
20241021;103034;20263;1;2024680280920426037;S
20241021;103034;20263;10;2024680280920426038;S
20241021;103034;20263;5;2024680280920426039;S
20241021;103034;20263;2;2024680280920426040;S
20241021;103034;20263;1;2024680280920426041;S
20241021;103034;20263;2;2024680280920426042;S
20241021;103034;20263;5;2024680280920426043;S
20241021;103034;20263;1;2024680280920426044;S
20241021;103034;20263;5;2024680280920426045;S
20241021;103034;20263;1;2024680280920426046;S
20241021;103127;20264;1;2024680280920426047;B
20241021;103143;20264;9;2024680280920426048;B
20241021;103143;20264;21;2024680280920426049;B
20241021;103204;20269;10;2024680280920426050;B
20241021;103214;20269;10;2024680280920426052;B
20241021;103221;20269;1;2024680280920426053;B
20241021;103241;20271;10;2024680280920426054;B
20241021;103315;20271;10;2024680280920426055;B
20241021;103320;20271;10;2024680280920426056;B
20241021;103420;20271;1;2024680280920426057;B
20241021;103434;20271;5;2024680280920426058;B
20241021;103621;20270;5;2024680280920426059;B
20241021;103624;20270;1;2024680280920426060;B
20241021;103627;20270;1;2024680280920426061;B
20241021;103651;20272;5;2024680280920426062;B
20241021;103720;20272;13;2024680280920426063;B
20241021;103720;20277;1;2024680280920426064;B
20241021;103720;20278;1;2024680280920426065;B
20241021;103720;20278;10;2024680280920426066;B
20241021;103923;20278;40;2024680280920426067;B
20241021;103936;20279;1;2024680280920426068;B
20241021;103946;20280;5;2024680280920426069;B
20241021;103953;20280;1;2024680280920426070;B
20241021;103953;20280;2;2024680280920426071;B
20241021;104009;20284;3;2024680280920426072;B
20241021;104154;20283;50;2024680280920426073;B
20241021;104154;20283;11;2024680280920426074;B
20241021;104154;20283;2;2024680280920426075;B
20241021;104227;20280;1;2024680280920426078;S
20241021;104227;20279;1;2024680280920426079;S
20241021;104227;20279;1;2024680280920426080;S
20241021;104235;20280;1;2024680280920426081;B
20241021;104246;20280;1;2024680280920426082;B
20241021;104339;20281;1;2024680280920426084;B
20241021;104345;20281;1;2024680280920426086;B
20241021;104620;20284;1;2024680280920426092;B
20241021;104714;20285;10;2024680280920426094;B
20241021;104714;20285;1;2024680280920426095;B
20241021;104714;20285;1;2024680280920426096;B
20241021;104714;20285;1;2024680280920426097;B
20241021;104733;20285;2;2024680280920426099;B
20241021;104738;20285;1;2024680280920426100;B
20241021;104923;20285;2;2024680280920426105;B
20241021;104953;20285;2;2024680280920426108;B
20241021;104955;20284;1;2024680280920426109;B
20241021;104958;20284;2;2024680280920426110;B
20241021;105004;20284;1;2024680280920426111;B
20241021;105034;20283;11;2024680280920426112;B
20241021;105034;20284;7;2024680280920426113;B
20241021;105242;20281;15;2024680280920426114;B
20241021;105403;20280;5;2024680280920426115;S
20241021;105515;20281;3;2024680280920426116;B
20241021;105527;20280;30;2024680280920426117;S
20241021;105527;20280;10;2024680280920426118;S
20241021;105601;20281;2;2024680280920426119;B
20241021;105601;20280;20;2024680280920426120;S
20241021;105601;20280;11;2024680280920426121;S
20241021;105601;20280;9;2024680280920426122;S
20241021;105601;20280;1;2024680280920426123;S
20241021;105601;20279;7;2024680280920426124;S
20241021;105601;20279;2;2024680280920426125;S
20241021;105601;20278;10;2024680280920426126;S
20241021;105601;20278;1;2024680280920426127;S
20241021;105652;20272;1;2024680280920426131;S
20241021;105652;20272;1;2024680280920426132;S
20241021;105750;20270;2;2024680280920426134;S
20241021;105750;20270;18;2024680280920426135;S
20241021;105750;20270;20;2024680280920426136;S
20241021;105750;20270;12;2024680280920426137;S
20241021;105919;20267;11;2024680280920426138;S
20241021;105919;20267;49;2024680280920426139;S
20241021;105921;20270;2;2024680280920426140;B
20241021;105941;20267;1;2024680280920426141;S
20241021;110001;20266;1;2024680280920426142;S
20241021;110001;20266;2;2024680280920426143;S
20241021;110001;20266;8;2024680280920426144;S
20241021;110001;20266;6;2024680280920426145;S
20241021;110020;20266;7;2024680280920426146;S
20241021;110021;20266;30;2024680280920426147;S
20241021;110114;20268;1;2024680280920426150;B
20241021;110425;20278;1;2024680280920426151;B
20241021;110549;20279;1;2024680280920426152;B
20241021;110612;20284;1;2024680280920426153;B
20241021;110617;20284;1;2024680280920426154;B
20241021;110618;20284;1;2024680280920426155;B
20241021;110623;20283;2;2024680280920426156;S
20241021;110624;20283;1;2024680280920426157;S
20241021;110624;20283;1;2024680280920426158;S
20241021;110625;20283;2;2024680280920426159;S
20241021;110645;20278;2;2024680280920426160;S
20241021;110700;20278;10;2024680280920426161;B
20241021;110725;20276;6;2024680280920426162;S
20241021;110836;20276;3;2024680280920426163;S
20241021;111141;20276;1;2024680280920426164;S
20241021;111223;20276;1;2024680280920426165;B
20241021;111253;20275;5;2024680280920426166;S
20241021;111253;20275;4;2024680280920426167;S
20241021;111253;20275;2;2024680280920426168;S
20241021;111256;20275;2;2024680280920426169;S
20241021;111256;20275;2;2024680280920426170;S
20241021;111313;20268;1;2024680280920426171;S
20241021;111329;20267;1;2024680280920426176;S
20241021;111330;20270;1;2024680280920426177;B
20241021;111442;20270;10;2024680280920426178;B
20241021;111827;20268;1;2024680280920426179;S
20241021;111833;20270;2;2024680280920426180;B
20241021;112154;20269;1;2024680280920426183;B
20241021;112206;20269;1;2024680280920426187;B
20241021;112258;20271;1;2024680280920426188;B
20241021;112731;20271;2;2024680280920426193;B
20241021;112736;20271;1;2024680280920426194;B
20241021;112828;20271;1;2024680280920426195;B
20241021;112834;20270;2;2024680280920426197;S
20241021;112837;20271;1;2024680280920426198;B
20241021;112847;20271;1;2024680280920426199;B
20241021;112856;20271;1;2024680280920426200;B
20241021;112858;20271;2;2024680280920426201;B
20241021;112903;20271;1;2024680280920426202;B
20241021;112907;20271;1;2024680280920426204;B
20241021;112928;20271;1;2024680280920426208;B
20241021;112930;20270;1;2024680280920426209;S
20241021;113155;20270;2;2024680280920426211;S
20241021;113243;20271;2;2024680280920426212;B
20241021;113244;20270;1;2024680280920426215;S
20241021;113248;20271;2;2024680280920426216;B
20241021;113253;20271;2;2024680280920426217;B
20241021;113519;20271;1;2024680280920426222;B
20241021;113520;20271;1;2024680280920426223;B
20241021;113546;20271;1;2024680280920426226;B
20241021;113617;20270;2;2024680280920426230;S
20241021;113628;20271;2;2024680280920426231;B
20241021;113633;20271;2;2024680280920426232;B
20241021;113638;20271;2;2024680280920426233;B
20241021;113725;20270;20;2024680280920426234;S
20241021;113953;20271;2;2024680280920426236;B
20241021;114155;20271;2;2024680280920426240;B
20241021;114155;20271;5;2024680280920426241;B
20241021;114155;20271;3;2024680280920426242;B
20241021;114203;20271;1;2024680280920426244;B
20241021;114239;20271;1;2024680280920426248;B
20241021;114248;20275;1;2024680280920426249;B
20241021;114342;20275;2;2024680280920426250;B
20241021;114354;20275;1;2024680280920426252;B
20241021;114618;20276;1;2024680280920426256;S
20241021;114631;20271;11;2024680280920426257;S
20241021;114631;20270;1;2024680280920426258;S
20241021;114631;20270;5;2024680280920426259;S
20241021;114719;20270;2;2024680280920426260;S
20241021;115634;20280;1;2024680280920426261;B
20241021;115639;20282;1;2024680280920426262;B
20241021;115711;20282;1;2024680280920426267;B
20241021;115806;20281;25;2024680280920426268;B
20241021;120052;20281;1;2024680280920426269;B
20241021;120052;20281;4;2024680280920426270;S
20241021;120103;20280;1;2024680280920426271;S
20241021;120108;20280;1;2024680280920426272;S
20241021;120113;20280;2;2024680280920426273;S
20241021;120118;20280;1;2024680280920426274;S
20241021;120120;20279;1;2024680280920426275;S
20241021;120154;20281;4;2024680280920426276;B
20241021;120154;20281;20;2024680280920426277;B
20241021;120154;20282;26;2024680280920426278;B
20241021;120214;20278;1;2024680280920426279;S
20241021;120214;20277;1;2024680280920426280;S
20241021;120233;20278;10;2024680280920426281;S
20241021;120309;20277;7;2024680280920426282;S
20241021;120309;20277;3;2024680280920426283;S
20241021;120338;20280;1;2024680280920426284;B
20241021;120407;20275;1;2024680280920426285;S
20241021;120527;20275;1;2024680280920426286;S
20241021;120528;20275;1;2024680280920426287;S
20241021;120609;20275;2;2024680280920426288;S
20241021;120614;20275;1;2024680280920426289;S
20241021;120652;20275;10;2024680280920426290;S
20241021;120752;20275;4;2024680280920426291;S
20241021;120916;20275;1;2024680280920426292;S
20241021;120916;20274;1;2024680280920426293;S
20241021;121028;20272;2;2024680280920426294;B
20241021;121133;20272;10;2024680280920426295;B
20241021;121226;20271;1;2024680280920426296;S
20241021;121228;20269;1;2024680280920426297;S
20241021;121324;20267;2;2024680280920426298;S
20241021;121329;20267;1;2024680280920426299;S
20241021;121406;20266;1;2024680280920426300;S
20241021;121545;20270;1;2024680280920426302;B
20241021;121605;20266;1;2024680280920426308;S
20241021;121605;20266;3;2024680280920426313;S
20241021;121647;20266;2;2024680280920426317;S
20241021;121647;20266;8;2024680280920426318;S
20241021;121651;20266;1;2024680280920426319;S
20241021;121706;20268;1;2024680280920426321;B
20241021;121746;20268;10;2024680280920426325;B
20241021;121804;20266;17;2024680280920426326;S
20241021;121804;20266;3;2024680280920426327;S
20241021;121804;20265;20;2024680280920426328;S
20241021;121804;20265;20;2024680280920426329;S
20241021;121804;20265;20;2024680280920426330;S
20241021;121804;20265;20;2024680280920426331;S
20241021;121804;20265;20;2024680280920426332;S
20241021;121804;20265;2;2024680280920426333;S
20241021;121804;20265;1;2024680280920426334;S
20241021;121804;20265;1;2024680280920426335;S
20241021;121804;20265;16;2024680280920426336;S
20241021;121804;20265;4;2024680280920426337;S
20241021;121804;20265;11;2024680280920426338;B
20241021;121821;20265;5;2024680280920426339;B
20241021;121821;20265;5;2024680280920426340;B
20241021;121821;20265;10;2024680280920426341;B
20241021;121821;20265;3;2024680280920426342;B
20241021;121821;20265;2;2024680280920426343;B
20241021;121839;20265;1;2024680280920426344;B
20241021;121844;20265;2;2024680280920426345;S
20241021;121849;20265;1;2024680280920426346;S
20241021;122021;20267;10;2024680280920426347;B
20241021;122036;20267;1;2024680280920426349;B
20241021;122036;20267;1;2024680280920426354;B
20241021;122109;20266;2;2024680280920426358;S
20241021;122246;20267;4;2024680280920426360;B
20241021;122318;20266;2;2024680280920426364;S
20241021;122319;20265;40;2024680280920426365;S
20241021;122322;20265;1;2024680280920426366;S
20241021;122330;20265;40;2024680280920426367;S
20241021;122332;20265;8;2024680280920426368;S
20241021;122342;20265;10;2024680280920426369;S
20241021;122355;20265;4;2024680280920426370;S
20241021;122355;20265;8;2024680280920426371;S
20241021;122355;20264;2;2024680280920426372;S
20241021;122355;20263;1;2024680280920426373;S
20241021;122414;20262;20;2024680280920426374;S
20241021;122424;20262;20;2024680280920426375;S
20241021;122427;20262;3;2024680280920426376;S
20241021;122427;20261;84;2024680280920426377;S
20241021;122434;20260;18;2024680280920426378;S
20241021;122434;20260;2;2024680280920426379;S
20241021;122444;20260;8;2024680280920426380;S
20241021;122444;20260;3;2024680280920426381;S
20241021;122444;20260;9;2024680280920426382;S
20241021;122455;20260;20;2024680280920426383;S
20241021;122505;20260;20;2024680280920426384;S
20241021;122509;20260;40;2024680280920426385;S
20241021;122509;20260;4;2024680280920426386;S
20241021;122509;20260;4;2024680280920426387;S
20241021;122509;20260;2;2024680280920426388;S
20241021;122514;20260;1;2024680280920426389;S
20241021;122515;20259;5;2024680280920426390;S
20241021;122515;20259;1;2024680280920426391;S
20241021;122515;20259;1;2024680280920426392;S
20241021;122515;20258;20;2024680280920426393;S
20241021;122515;20258;20;2024680280920426394;S
20241021;122515;20258;20;2024680280920426395;S
20241021;122515;20258;20;2024680280920426396;S
20241021;122515;20258;20;2024680280920426397;S
20241021;122515;20258;1;2024680280920426398;S
20241021;122515;20257;19;2024680280920426399;S
20241021;122515;20257;20;2024680280920426400;S
20241021;122515;20257;20;2024680280920426401;S
20241021;122515;20257;20;2024680280920426402;S
20241021;122515;20257;20;2024680280920426403;S
20241021;122515;20257;1;2024680280920426404;S
20241021;122515;20257;19;2024680280920426405;S
20241021;122515;20257;20;2024680280920426406;S
20241021;122515;20257;20;2024680280920426407;S
20241021;122515;20257;1;2024680280920426408;S
20241021;122519;20257;2;2024680280920426409;S
20241021;122522;20257;12;2024680280920426410;S
20241021;122524;20256;1;2024680280920426411;S
20241021;122529;20255;2;2024680280920426412;S
20241021;122530;20256;11;2024680280920426413;B
20241021;122530;20256;41;2024680280920426414;B
20241021;122530;20257;11;2024680280920426415;B
20241021;122530;20257;20;2024680280920426416;B
20241021;122530;20257;2;2024680280920426417;B
20241021;122534;20257;1;2024680280920426418;S
20241021;122535;20257;14;2024680280920426419;S
20241021;122535;20255;1;2024680280920426420;S
20241021;122535;20255;1;2024680280920426421;S
20241021;122551;20254;3;2024680280920426422;B
20241021;122551;20254;5;2024680280920426423;S
20241021;122601;20255;2;2024680280920426424;B
20241021;122609;20255;2;2024680280920426425;B
20241021;122612;20256;11;2024680280920426426;S
20241021;122612;20255;9;2024680280920426427;S
20241021;122612;20256;1;2024680280920426428;S
20241021;122623;20260;1;2024680280920426429;B
20241021;122628;20257;5;2024680280920426430;S
20241021;122759;20256;5;2024680280920426431;S
20241021;122759;20256;5;2024680280920426432;S
20241021;122805;20256;2;2024680280920426433;S
20241021;122809;20256;2;2024680280920426434;S
20241021;122821;20256;1;2024680280920426435;S
20241021;122835;20256;35;2024680280920426436;S
20241021;122835;20256;1;2024680280920426437;S
20241021;122835;20256;4;2024680280920426438;S
20241021;122835;20256;7;2024680280920426439;S
20241021;122835;20256;4;2024680280920426440;S
20241021;122835;20256;4;2024680280920426441;S
20241021;122835;20256;1;2024680280920426442;S
20241021;122835;20256;1;2024680280920426443;S
20241021;122835;20256;4;2024680280920426444;S
20241021;122835;20255;40;2024680280920426445;S
20241021;122835;20255;40;2024680280920426446;S
20241021;122835;20255;40;2024680280920426447;S
20241021;122837;20255;100;2024680280920426448;S
20241021;122838;20255;100;2024680280920426449;S
20241021;122839;20255;100;2024680280920426450;S
20241021;122839;20255;100;2024680280920426451;S
20241021;122840;20255;20;2024680280920426452;S
20241021;122840;20255;40;2024680280920426453;S
20241021;122841;20255;40;2024680280920426454;S
20241021;122841;20255;20;2024680280920426455;S
20241021;122841;20255;20;2024680280920426456;S
20241021;122841;20255;20;2024680280920426457;S
20241021;122841;20255;20;2024680280920426458;S
20241021;122841;20255;20;2024680280920426459;S
20241021;122841;20255;20;2024680280920426460;S
20241021;122841;20255;20;2024680280920426461;S
20241021;122841;20255;20;2024680280920426462;S
20241021;122841;20255;20;2024680280920426463;S
20241021;122841;20255;20;2024680280920426464;S
20241021;122841;20255;20;2024680280920426465;S
20241021;122841;20255;20;2024680280920426466;S
20241021;122841;20255;20;2024680280920426467;S
20241021;122841;20255;37;2024680280920426468;S
20241021;122841;20255;20;2024680280920426469;S
20241021;122841;20255;20;2024680280920426470;S
20241021;122841;20255;20;2024680280920426471;S
20241021;122841;20255;12;2024680280920426472;S
20241021;122841;20254;2;2024680280920426473;S
20241021;122841;20253;5;2024680280920426474;S
20241021;122841;20253;1;2024680280920426476;B
20241021;122841;20252;1;2024680280920426480;S
20241021;122841;20251;2;2024680280920426481;S
20241021;122842;20251;1;2024680280920426482;S
20241021;122842;20251;5;2024680280920426483;S
20241021;122842;20253;5;2024680280920426484;B
20241021;122916;20251;1;2024680280920426485;S
20241021;122939;20252;1;2024680280920426486;S
20241021;123109;20251;15;2024680280920426487;S
20241021;123109;20251;1;2024680280920426488;S
20241021;123121;20251;2;2024680280920426489;S
20241021;123139;20252;2;2024680280920426490;B
20241021;123142;20251;23;2024680280920426491;S
20241021;123142;20251;1;2024680280920426492;S
20241021;123142;20251;10;2024680280920426493;S
20241021;123142;20251;14;2024680280920426494;S
20241021;123142;20250;500;2024680280920426495;S
20241021;123142;20250;1;2024680280920426496;S
20241021;123142;20250;100;2024680280920426497;S
20241021;123142;20250;50;2024680280920426498;S
20241021;123142;20250;1;2024680280920426499;S
20241021;123142;20250;2;2024680280920426500;S
20241021;123142;20250;1;2024680280920426501;S
20241021;123143;20249;2;2024680280920426502;S
20241021;123143;20247;3;2024680280920426503;B
20241021;123154;20244;1;2024680280920426504;S
20241021;123156;20244;1;2024680280920426505;B
20241021;123158;20241;1;2024680280920426506;S
20241021;123158;20240;9;2024680280920426507;S
20241021;123158;20240;2;2024680280920426508;S
20241021;123158;20240;20;2024680280920426509;S
20241021;123159;20241;2;2024680280920426510;S
20241021;123159;20240;23;2024680280920426511;S
20241021;123201;20240;100;2024680280920426512;S
20241021;123201;20240;100;2024680280920426513;S
20241021;123203;20240;40;2024680280920426514;S
20241021;123203;20240;40;2024680280920426515;S
20241021;123203;20240;40;2024680280920426516;S
20241021;123203;20240;38;2024680280920426517;S
20241021;123203;20240;20;2024680280920426518;S
20241021;123203;20240;20;2024680280920426519;S
20241021;123203;20240;20;2024680280920426520;S
20241021;123203;20240;20;2024680280920426521;S
20241021;123203;20240;2;2024680280920426522;S
20241021;123203;20240;6;2024680280920426523;S
20241021;123209;20233;3;2024680280920426524;S
20241021;123210;20233;1;2024680280920426525;S
20241021;123210;20233;2;2024680280920426526;S
20241021;123210;20233;5;2024680280920426527;S
20241021;123210;20232;8;2024680280920426528;S
20241021;123210;20232;11;2024680280920426529;S
20241021;123210;20231;11;2024680280920426530;S
20241021;123210;20230;1;2024680280920426531;S
20241021;123210;20230;13;2024680280920426532;S
20241021;123210;20230;11;2024680280920426533;S
20241021;123210;20229;11;2024680280920426534;S
20241021;123210;20228;11;2024680280920426535;S
20241021;123210;20227;50;2024680280920426536;S
20241021;123210;20227;11;2024680280920426537;S
20241021;123210;20227;12;2024680280920426538;S
20241021;123210;20226;1;2024680280920426539;S
20241021;123210;20226;11;2024680280920426544;S
20241021;123210;20226;50;2024680280920426545;S
20241021;123210;20226;12;2024680280920426546;S
20241021;123210;20226;1;2024680280920426547;S
20241021;123210;20225;1;2024680280920426548;S
20241021;123210;20225;19;2024680280920426549;S
20241021;123211;20226;1;2024680280920426550;S
20241021;123216;20226;2;2024680280920426551;S
20241021;123226;20226;1;2024680280920426552;S
20241021;123235;20226;10;2024680280920426553;S
20241021;123249;20226;1;2024680280920426555;B
20241021;123256;20227;1;2024680280920426556;S
20241021;123322;20231;1;2024680280920426557;B
20241021;123343;20237;1;2024680280920426558;B
20241021;123403;20242;11;2024680280920426559;B
20241021;123403;20242;12;2024680280920426560;B
20241021;123404;20242;3;2024680280920426561;S
20241021;123404;20243;11;2024680280920426562;B
20241021;123404;20243;1;2024680280920426563;B
20241021;123404;20243;8;2024680280920426564;B
20241021;123418;20243;5;2024680280920426565;B
20241021;123419;20242;1;2024680280920426566;S
20241021;123420;20243;2;2024680280920426567;B
20241021;123459;20235;1;2024680280920426568;B
20241021;123502;20235;99;2024680280920426569;B
20241021;123502;20235;1;2024680280920426570;B
20241021;123528;20238;11;2024680280920426571;S
20241021;123528;20237;1;2024680280920426572;S
20241021;123528;20237;3;2024680280920426573;S
20241021;123531;20240;3;2024680280920426574;B
20241021;123612;20241;11;2024680280920426575;S
20241021;123612;20241;1;2024680280920426576;S
20241021;123612;20241;3;2024680280920426577;S
20241021;123646;20242;1;2024680280920426579;S
20241021;123646;20242;1;2024680280920426584;S
20241021;123703;20243;1;2024680280920426588;B
20241021;123709;20241;11;2024680280920426589;S
20241021;123709;20241;6;2024680280920426590;S
20241021;123718;20247;11;2024680280920426591;B
20241021;123718;20248;11;2024680280920426592;B
20241021;123718;20248;40;2024680280920426593;B
20241021;123718;20249;1;2024680280920426594;B
20241021;123718;20249;11;2024680280920426595;B
20241021;123718;20250;1;2024680280920426596;B
20241021;123718;20250;11;2024680280920426597;B
20241021;123722;20250;5;2024680280920426598;S
20241021;123725;20250;5;2024680280920426599;S
20241021;123741;20250;4;2024680280920426600;S
20241021;123804;20248;1;2024680280920426604;B
20241021;123804;20248;1;2024680280920426605;B
20241021;123804;20249;98;2024680280920426606;B
20241021;123804;20250;16;2024680280920426607;B
20241021;123804;20250;40;2024680280920426608;B
20241021;123804;20250;20;2024680280920426609;B
20241021;123804;20250;14;2024680280920426610;B
20241021;123804;20250;13;2024680280920426611;B
20241021;123809;20252;2;2024680280920426612;B
20241021;123819;20255;1;2024680280920426613;B
20241021;123847;20254;1;2024680280920426617;S
20241021;123859;20254;2;2024680280920426618;B
20241021;123909;20257;2;2024680280920426619;B
20241021;123914;20256;1;2024680280920426620;B
20241021;123925;20254;1;2024680280920426621;S
20241021;123948;20252;1;2024680280920426622;S
20241021;124005;20253;2;2024680280920426623;S
20241021;124133;20259;5;2024680280920426624;B
20241021;124347;20256;1;2024680280920426626;S
20241021;124408;20256;1;2024680280920426627;S
20241021;124610;20259;5;2024680280920426628;B
20241021;124611;20259;4;2024680280920426629;B
20241021;124648;20258;2;2024680280920426630;S
20241021;124659;20261;1;2024680280920426631;B
20241021;124659;20268;1;2024680280920426636;B
20241021;124754;20267;11;2024680280920426637;B
20241021;124754;20268;1;2024680280920426638;B
20241021;124754;20268;11;2024680280920426639;B
20241021;124754;20268;50;2024680280920426640;B
20241021;124754;20268;27;2024680280920426641;B
20241021;124827;20262;5;2024680280920426643;S
20241021;124910;20264;2;2024680280920426647;B
20241021;124929;20265;1;2024680280920426648;B
20241021;124930;20264;1;2024680280920426649;B
20241021;125132;20265;1;2024680280920426650;B
20241021;125356;20260;1;2024680280920426651;S
20241021;125508;20264;1;2024680280920426652;B
20241021;125544;20266;1;2024680280920426653;S
20241021;125544;20266;4;2024680280920426654;S
20241021;125801;20267;1;2024680280920426655;S
20241021;125847;20265;6;2024680280920426656;S
20241021;125938;20266;3;2024680280920426657;B
20241021;130052;20265;7;2024680280920426658;S
20241021;130052;20265;2;2024680280920426659;S
20241021;130052;20265;2;2024680280920426660;S
20241021;130052;20265;2;2024680280920426661;S
20241021;130100;20265;1;2024680280920426662;S
20241021;130334;20257;3;2024680280920426663;S
20241021;130334;20257;2;2024680280920426664;S
20241021;130407;20256;11;2024680280920426665;S
20241021;130407;20256;1;2024680280920426666;S
20241021;130407;20255;4;2024680280920426667;S
20241021;130407;20255;4;2024680280920426668;S
20241021;130521;20255;10;2024680280920426669;S
20241021;130620;20255;25;2024680280920426670;S
20241021;130643;20258;5;2024680280920426671;B
20241021;130718;20255;10;2024680280920426672;S
20241021;130723;20255;10;2024680280920426673;S
20241021;130735;20255;5;2024680280920426674;S
20241021;130814;20255;10;2024680280920426675;S
20241021;130935;20257;1;2024680280920426676;S
20241021;130935;20257;5;2024680280920426677;S
20241021;130935;20257;3;2024680280920426678;S
20241021;130935;20257;1;2024680280920426679;S
20241021;131006;20258;1;2024680280920426680;B
20241021;131025;20257;9;2024680280920426681;S
20241021;131025;20257;1;2024680280920426682;S
20241021;131134;20258;2;2024680280920426683;S
20241021;131134;20258;5;2024680280920426684;S
20241021;131213;20256;11;2024680280920426685;S
20241021;131213;20256;2;2024680280920426686;S
20241021;131254;20256;2;2024680280920426687;B
20241021;131316;20256;5;2024680280920426688;B
20241021;131523;20259;1;2024680280920426689;B
20241021;131523;20259;1;2024680280920426690;B
20241021;131737;20256;10;2024680280920426691;S
20241021;131749;20256;1;2024680280920426692;S
20241021;131750;20256;1;2024680280920426693;S
20241021;131750;20256;1;2024680280920426694;S
20241021;131846;20258;1;2024680280920426695;B
20241021;131846;20260;4;2024680280920426696;B
20241021;131852;20256;3;2024680280920426697;S
20241021;132038;20256;10;2024680280920426698;S
20241021;132044;20256;10;2024680280920426699;S
20241021;132048;20257;10;2024680280920426700;S
20241021;132128;20256;3;2024680280920426701;S
20241021;132148;20256;2;2024680280920426702;S
20241021;132155;20256;1;2024680280920426703;S
20241021;132328;20256;1;2024680280920426704;S
20241021;132328;20256;2;2024680280920426705;S
20241021;132328;20255;3;2024680280920426706;S
20241021;132410;20255;1;2024680280920426707;S
20241021;132449;20255;1;2024680280920426708;S
20241021;132715;20255;1;2024680280920426709;S
20241021;132822;20255;5;2024680280920426710;S
20241021;132927;20256;5;2024680280920426711;S
20241021;132927;20255;2;2024680280920426712;S
20241021;132929;20255;1;2024680280920426713;S
20241021;133128;20258;3;2024680280920426714;B
20241021;133145;20263;2;2024680280920426715;B
20241021;133205;20265;8;2024680280920426716;B
20241021;133213;20264;1;2024680280920426717;B
20241021;133531;20259;4;2024680280920426718;S
20241021;133646;20257;1;2024680280920426719;S
20241021;133721;20256;1;2024680280920426720;S
20241021;133721;20255;1;2024680280920426721;S
20241021;133748;20255;5;2024680280920426722;S
20241021;133750;20255;1;2024680280920426723;S
20241021;133820;20255;9;2024680280920426724;S
20241021;133820;20255;1;2024680280920426725;S
20241021;133904;20253;4;2024680280920426726;S
20241021;133904;20251;5;2024680280920426727;S
20241021;133929;20254;11;2024680280920426728;B
20241021;133929;20254;2;2024680280920426729;B
20241021;133929;20255;11;2024680280920426730;B
20241021;133929;20255;50;2024680280920426731;B
20241021;133929;20255;40;2024680280920426732;B
20241021;133929;20259;5;2024680280920426733;B
20241021;133952;20255;1;2024680280920426734;S
20241021;133953;20255;100;2024680280920426735;S
20241021;134008;20255;1;2024680280920426741;S
20241021;134015;20255;100;2024680280920426742;S
20241021;134059;20256;1;2024680280920426743;B
20241021;134219;20256;11;2024680280920426744;B
20241021;134219;20256;56;2024680280920426745;B
20241021;134219;20257;11;2024680280920426746;B
20241021;134219;20257;2;2024680280920426747;B
20241021;134219;20258;11;2024680280920426748;B
20241021;134219;20258;2;2024680280920426749;B
20241021;134219;20258;30;2024680280920426750;B
20241021;134305;20255;35;2024680280920426751;S
20241021;134412;20255;40;2024680280920426752;S
20241021;134414;20255;40;2024680280920426753;S
20241021;134418;20255;40;2024680280920426754;S
20241021;134418;20255;20;2024680280920426755;S
20241021;134418;20255;9;2024680280920426756;S
20241021;134418;20255;5;2024680280920426757;S
20241021;134418;20255;6;2024680280920426758;S
20241021;134418;20255;1;2024680280920426759;S
20241021;134418;20254;1;2024680280920426760;S
20241021;134446;20251;2;2024680280920426761;S
20241021;134448;20250;40;2024680280920426762;S
20241021;134448;20250;59;2024680280920426763;S
20241021;134456;20248;1;2024680280920426764;S
20241021;134503;20242;1;2024680280920426765;S
20241021;134503;20242;39;2024680280920426766;S
20241021;134505;20242;7;2024680280920426767;S
20241021;134505;20242;4;2024680280920426768;S
20241021;134505;20241;20;2024680280920426769;S
20241021;134505;20241;20;2024680280920426770;S
20241021;134505;20241;10;2024680280920426771;S
20241021;134505;20240;10;2024680280920426772;S
20241021;134505;20240;20;2024680280920426773;S
20241021;134505;20240;20;2024680280920426774;S
20241021;134505;20240;20;2024680280920426775;S
20241021;134505;20240;20;2024680280920426776;S
20241021;134505;20240;20;2024680280920426777;S
20241021;134505;20240;20;2024680280920426778;S
20241021;134505;20240;20;2024680280920426779;S
20241021;134505;20240;20;2024680280920426780;S
20241021;134505;20240;20;2024680280920426781;S
20241021;134505;20240;20;2024680280920426782;S
20241021;134505;20240;20;2024680280920426783;S
20241021;134505;20240;20;2024680280920426784;S
20241021;134505;20240;20;2024680280920426785;S
20241021;134505;20240;12;2024680280920426786;S
20241021;134506;20240;40;2024680280920426787;S
20241021;134506;20240;178;2024680280920426788;S
20241021;134506;20240;10;2024680280920426789;S
20241021;134506;20240;2;2024680280920426790;S
20241021;134506;20240;2;2024680280920426791;S
20241021;134514;20236;1;2024680280920426792;S
20241021;134514;20235;40;2024680280920426793;S
20241021;134514;20235;19;2024680280920426794;S
20241021;134514;20235;13;2024680280920426795;S
20241021;134514;20235;10;2024680280920426796;S
20241021;134514;20235;6;2024680280920426797;S
20241021;134514;20235;4;2024680280920426798;S
20241021;134514;20235;4;2024680280920426799;S
20241021;134515;20235;4;2024680280920426800;S
20241021;134515;20235;1;2024680280920426801;S
20241021;134515;20232;1;2024680280920426802;S
20241021;134515;20230;3;2024680280920426803;S
20241021;134515;20232;1;2024680280920426804;B
20241021;134516;20232;1;2024680280920426805;B
20241021;134516;20230;40;2024680280920426806;S
20241021;134525;20231;50;2024680280920426807;B
20241021;134527;20231;50;2024680280920426808;B
20241021;134528;20230;40;2024680280920426809;S
20241021;134528;20230;3;2024680280920426810;S
20241021;134528;20230;14;2024680280920426811;S
20241021;134528;20230;1;2024680280920426812;S
20241021;134529;20229;11;2024680280920426813;B
20241021;134529;20229;9;2024680280920426814;B
20241021;134529;20230;26;2024680280920426815;B
20241021;134529;20230;4;2024680280920426816;B
20241021;134530;20227;2;2024680280920426817;S
20241021;134530;20227;1;2024680280920426818;S
20241021;134530;20230;7;2024680280920426819;B
20241021;134530;20230;18;2024680280920426820;B
20241021;134530;20230;25;2024680280920426821;B
20241021;134532;20230;15;2024680280920426822;B
20241021;134532;20230;11;2024680280920426823;B
20241021;134532;20231;11;2024680280920426824;B
20241021;134532;20232;11;2024680280920426825;B
20241021;134532;20233;2;2024680280920426826;B
20241021;134535;20231;1;2024680280920426827;B
20241021;134535;20231;39;2024680280920426828;B
20241021;134535;20232;11;2024680280920426829;B
20241021;134537;20231;40;2024680280920426830;B
20241021;134537;20232;1;2024680280920426831;B
20241021;134537;20233;9;2024680280920426832;B
20241021;134605;20231;7;2024680280920426837;B
20241021;134607;20231;5;2024680280920426838;B
20241021;134615;20227;11;2024680280920426839;S
20241021;134615;20226;5;2024680280920426840;S
20241021;134615;20226;2;2024680280920426841;S
20241021;134615;20226;3;2024680280920426842;S
20241021;134615;20226;11;2024680280920426843;S
20241021;134615;20225;5;2024680280920426844;S
20241021;134615;20225;1;2024680280920426845;S
20241021;134615;20225;11;2024680280920426846;S
20241021;134615;20225;1;2024680280920426847;S
20241021;134616;20228;1;2024680280920426848;B
20241021;134619;20229;3;2024680280920426849;B
20241021;134621;20229;37;2024680280920426850;B
20241021;134621;20229;11;2024680280920426851;B
20241021;134621;20230;2;2024680280920426852;B
20241021;134628;20225;10;2024680280920426853;S
20241021;134640;20225;1;2024680280920426854;S
20241021;134640;20225;9;2024680280920426855;S
20241021;134644;20230;1;2024680280920426856;B
20241021;134648;20226;10;2024680280920426857;S
20241021;134651;20230;2;2024680280920426858;B
20241021;134653;20226;1;2024680280920426859;S
20241021;134653;20226;9;2024680280920426860;S
20241021;134657;20226;3;2024680280920426861;S
20241021;134702;20230;1;2024680280920426862;B
20241021;134704;20230;4;2024680280920426863;S
20241021;134708;20230;1;2024680280920426864;S
20241021;134741;20230;1;2024680280920426865;S
20241021;134809;20233;5;2024680280920426866;B
20241021;134826;20230;1;2024680280920426867;S
20241021;134840;20231;5;2024680280920426868;S
20241021;134852;20240;3;2024680280920426869;B
20241021;134952;20233;2;2024680280920426870;S
20241021;135023;20234;1;2024680280920426871;B
20241021;135047;20233;1;2024680280920426872;S
20241021;135053;20230;10;2024680280920426873;S
20241021;135053;20230;2;2024680280920426874;S
20241021;135053;20227;5;2024680280920426875;S
20241021;135053;20227;3;2024680280920426876;S
20241021;135112;20225;1;2024680280920426877;S
20241021;135244;20233;1;2024680280920426878;B
20241021;135250;20230;100;2024680280920426879;S
20241021;135309;20230;99;2024680280920426880;S
20241021;135313;20230;1;2024680280920426881;B
20241021;135313;20230;9;2024680280920426882;B
20241021;135339;20230;1;2024680280920426883;S
20241021;135339;20229;11;2024680280920426884;S
20241021;135339;20229;3;2024680280920426885;S
20241021;135339;20228;11;2024680280920426886;S
20241021;135339;20228;3;2024680280920426887;S
20241021;135339;20227;1;2024680280920426888;S
20241021;135506;20233;6;2024680280920426889;B
20241021;135512;20230;4;2024680280920426890;S
20241021;135513;20233;5;2024680280920426891;B
20241021;135513;20233;1;2024680280920426892;B
20241021;135513;20234;20;2024680280920426893;B
20241021;135513;20234;11;2024680280920426894;B
20241021;135513;20234;13;2024680280920426895;B
20241021;135518;20233;6;2024680280920426896;B
20241021;135620;20233;5;2024680280920426897;B
20241021;135620;20233;4;2024680280920426898;B
20241021;135625;20233;10;2024680280920426899;B
20241021;135651;20232;5;2024680280920426900;B
20241021;135659;20232;1;2024680280920426901;B
20241021;135715;20231;5;2024680280920426902;S
20241021;135715;20230;295;2024680280920426903;S
20241021;135723;20230;20;2024680280920426904;S
20241021;135723;20230;20;2024680280920426905;S
20241021;135723;20230;20;2024680280920426906;S
20241021;135723;20230;20;2024680280920426907;S
20241021;135723;20230;20;2024680280920426908;S
20241021;135723;20230;20;2024680280920426909;S
20241021;135723;20230;20;2024680280920426910;S
20241021;135723;20230;20;2024680280920426911;S
20241021;135723;20230;20;2024680280920426912;S
20241021;135723;20230;20;2024680280920426913;S
20241021;135723;20230;1;2024680280920426914;S
20241021;135723;20230;19;2024680280920426915;S
20241021;135723;20230;11;2024680280920426916;S
20241021;135723;20227;3;2024680280920426917;S
20241021;135723;20226;3;2024680280920426918;S
20241021;135743;20226;1;2024680280920426919;S
20241021;135758;20229;1;2024680280920426920;B
20241021;135812;20230;10;2024680280920426921;B
20241021;135837;20230;1;2024680280920426922;B
20241021;135839;20230;1;2024680280920426923;B
20241021;135840;20230;1;2024680280920426924;B
20241021;135855;20230;10;2024680280920426925;B
20241021;135910;20229;1;2024680280920426926;S
20241021;135910;20229;1;2024680280920426927;S
20241021;135911;20228;4;2024680280920426928;B
20241021;135935;20228;5;2024680280920426930;B
20241021;135956;20227;10;2024680280920426934;S
20241021;140508;20227;11;2024680280920426935;S
20241021;140508;20227;4;2024680280920426936;S
20241021;140509;20227;8;2024680280920426937;S
20241021;140515;20230;1;2024680280920426938;B
20241021;140522;20230;100;2024680280920426939;B
20241021;140522;20230;6;2024680280920426940;B
20241021;140522;20230;20;2024680280920426941;B
20241021;140522;20230;10;2024680280920426942;B
20241021;140522;20230;6;2024680280920426943;B
20241021;140551;20230;1;2024680280920426944;S
20241021;140555;20231;10;2024680280920426945;B
20241021;140559;20230;40;2024680280920426946;S
20241021;140559;20230;20;2024680280920426947;S
20241021;140559;20230;20;2024680280920426948;S
20241021;140559;20230;20;2024680280920426949;S
20241021;140559;20230;20;2024680280920426950;S
20241021;140559;20230;20;2024680280920426951;S
20241021;140559;20230;20;2024680280920426952;S
20241021;140559;20230;20;2024680280920426953;S
20241021;140559;20230;20;2024680280920426954;S
20241021;140559;20230;20;2024680280920426955;S
20241021;140559;20230;20;2024680280920426956;S
20241021;140559;20230;20;2024680280920426957;S
20241021;140559;20230;20;2024680280920426958;S
20241021;140559;20230;20;2024680280920426959;S
20241021;140559;20230;20;2024680280920426960;S
20241021;140559;20230;1;2024680280920426961;S
20241021;140559;20230;20;2024680280920426962;S
20241021;140559;20230;20;2024680280920426963;S
20241021;140559;20230;20;2024680280920426964;S
20241021;140559;20230;20;2024680280920426965;S
20241021;140559;20230;20;2024680280920426966;S
20241021;140559;20230;20;2024680280920426967;S
20241021;140559;20230;20;2024680280920426968;S
20241021;140559;20230;20;2024680280920426969;S
20241021;140559;20230;20;2024680280920426970;S
20241021;140559;20230;20;2024680280920426971;S
20241021;140559;20231;5;2024680280920426972;B
20241021;140559;20230;50;2024680280920426973;S
20241021;140600;20231;10;2024680280920426974;B
20241021;140600;20230;50;2024680280920426975;S
20241021;140600;20230;1;2024680280920426976;S
20241021;140601;20230;40;2024680280920426977;S
20241021;140606;20231;10;2024680280920426978;B
20241021;140608;20230;50;2024680280920426979;S
20241021;140609;20230;50;2024680280920426980;S
20241021;140609;20230;6;2024680280920426981;S
20241021;140610;20230;40;2024680280920426982;S
20241021;140610;20230;15;2024680280920426983;S
20241021;140628;20230;34;2024680280920426984;S
20241021;140631;20226;12;2024680280920426985;S
20241021;140641;20227;2;2024680280920426986;B
20241021;140649;20227;18;2024680280920426987;B
20241021;140649;20227;11;2024680280920426988;B
20241021;140649;20228;20;2024680280920426989;B
20241021;140649;20228;11;2024680280920426990;B
20241021;140649;20228;5;2024680280920426991;B
20241021;140649;20229;11;2024680280920426992;B
20241021;140649;20229;20;2024680280920426993;B
20241021;140649;20229;5;2024680280920426994;B
20241021;140649;20230;63;2024680280920426995;B
20241021;140649;20230;11;2024680280920426996;B
20241021;140649;20230;5;2024680280920426997;B
20241021;140700;20230;10;2024680280920426998;S
20241021;140701;20230;5;2024680280920426999;S
20241021;140822;20233;3;2024680280920427000;B
20241021;140847;20231;1;2024680280920427001;S
20241021;140848;20231;1;2024680280920427002;S
20241021;140857;20232;5;2024680280920427003;S
20241021;140907;20230;1;2024680280920427004;S
20241021;140923;20233;1;2024680280920427005;B
20241021;140923;20234;1;2024680280920427006;B
20241021;140923;20234;1;2024680280920427007;B
20241021;140923;20234;11;2024680280920427008;B
20241021;140923;20235;1;2024680280920427009;B
20241021;140923;20235;11;2024680280920427010;B
20241021;140923;20236;1;2024680280920427011;B
20241021;140923;20236;11;2024680280920427012;B
20241021;140923;20236;50;2024680280920427013;B
20241021;140923;20237;200;2024680280920427014;B
20241021;140923;20237;11;2024680280920427015;B
20241021;140923;20237;1;2024680280920427016;B
20241021;140923;20237;20;2024680280920427017;B
20241021;140924;20237;40;2024680280920427018;S
20241021;140939;20238;11;2024680280920427019;B
20241021;140939;20238;4;2024680280920427020;B
20241021;140939;20238;1;2024680280920427021;B
20241021;140939;20238;1;2024680280920427022;B
20241021;140939;20238;3;2024680280920427023;S
20241021;140946;20237;2;2024680280920427024;S
20241021;140952;20237;40;2024680280920427025;S
20241021;140955;20237;40;2024680280920427026;S
20241021;141000;20238;1;2024680280920427027;B
20241021;141004;20237;40;2024680280920427028;S
20241021;141024;20237;18;2024680280920427029;S
20241021;141040;20231;5;2024680280920427031;S
20241021;141135;20233;11;2024680280920427035;B
20241021;141135;20233;50;2024680280920427036;B
20241021;141135;20234;20;2024680280920427037;B
20241021;141135;20234;11;2024680280920427038;B
20241021;141135;20235;11;2024680280920427039;B
20241021;141135;20235;9;2024680280920427040;B
20241021;141135;20235;6;2024680280920427041;S
20241021;141135;20235;40;2024680280920427042;S
20241021;141137;20235;100;2024680280920427043;S
20241021;141200;20235;40;2024680280920427044;S
20241021;141217;20235;100;2024680280920427045;S
20241021;141221;20235;1;2024680280920427046;S
20241021;141306;20235;40;2024680280920427047;S
20241021;141309;20235;40;2024680280920427048;S
20241021;141311;20235;7;2024680280920427049;S
20241021;141311;20235;14;2024680280920427050;S
20241021;141340;20231;2;2024680280920427051;S
20241021;141340;20230;20;2024680280920427052;S
20241021;141340;20229;20;2024680280920427053;S
20241021;141340;20228;11;2024680280920427054;S
20241021;141340;20227;11;2024680280920427055;S
20241021;141340;20226;50;2024680280920427056;S
20241021;141340;20226;6;2024680280920427057;S
20241021;141340;20226;5;2024680280920427058;S
20241021;141340;20226;40;2024680280920427059;S
20241021;141340;20226;11;2024680280920427060;S
20241021;141340;20225;500;2024680280920427061;S
20241021;141340;20225;10;2024680280920427062;S
20241021;141340;20225;50;2024680280920427063;S
20241021;141340;20225;1;2024680280920427064;S
20241021;141340;20225;11;2024680280920427065;S
20241021;141343;20224;11;2024680280920427066;S
20241021;141343;20224;12;2024680280920427067;S
20241021;141343;20223;11;2024680280920427068;S
20241021;141343;20223;6;2024680280920427069;S
20241021;141343;20222;8;2024680280920427070;S
20241021;141343;20222;4;2024680280920427071;S
20241021;141343;20222;11;2024680280920427072;S
20241021;141343;20221;5;2024680280920427073;S
20241021;141343;20221;2;2024680280920427074;S
20241021;141343;20221;7;2024680280920427075;S
20241021;141343;20221;11;2024680280920427076;S
20241021;141343;20221;1;2024680280920427077;S
20241021;141343;20220;1;2024680280920427078;S
20241021;141343;20220;10;2024680280920427079;S
20241021;141343;20220;152;2024680280920427080;S
20241021;141350;20224;1;2024680280920427081;S
20241021;141350;20224;11;2024680280920427082;S
20241021;141351;20228;11;2024680280920427083;B
20241021;141351;20229;1;2024680280920427084;B
20241021;141351;20229;11;2024680280920427085;B
20241021;141351;20229;6;2024680280920427086;B
20241021;141351;20230;11;2024680280920427087;B
20241021;141351;20230;6;2024680280920427088;B
20241021;141351;20230;20;2024680280920427089;B
20241021;141351;20231;11;2024680280920427090;B
20241021;141351;20231;6;2024680280920427091;B
20241021;141351;20231;50;2024680280920427092;B
20241021;141351;20232;11;2024680280920427093;B
20241021;141351;20232;6;2024680280920427094;B
20241021;141351;20232;50;2024680280920427095;B
20241021;141351;20233;11;2024680280920427096;B
20241021;141351;20233;6;2024680280920427097;B
20241021;141351;20233;50;2024680280920427098;B
20241021;141351;20234;11;2024680280920427099;B
20241021;141351;20234;50;2024680280920427100;B
20241021;141351;20234;6;2024680280920427101;B
20241021;141351;20235;11;2024680280920427102;B
20241021;141351;20235;7;2024680280920427103;B
20241021;141351;20235;50;2024680280920427104;B
20241021;141352;20236;6;2024680280920427105;B
20241021;141352;20236;20;2024680280920427106;B
20241021;141352;20236;4;2024680280920427107;B
20241021;141354;20235;12;2024680280920427108;S
20241021;141404;20236;5;2024680280920427109;B
20241021;141421;20235;1;2024680280920427110;S
20241021;141425;20235;50;2024680280920427111;S
20241021;141439;20235;35;2024680280920427112;S
20241021;141450;20225;2;2024680280920427113;S
20241021;141505;20227;2;2024680280920427114;S
20241021;141533;20230;2;2024680280920427115;S
20241021;141544;20231;20;2024680280920427116;B
20241021;141544;20231;10;2024680280920427117;B
20241021;141544;20231;6;2024680280920427118;B
20241021;141544;20231;6;2024680280920427119;B
20241021;141544;20233;11;2024680280920427120;B
20241021;141544;20234;25;2024680280920427121;B
20241021;141544;20234;11;2024680280920427122;B
20241021;141544;20234;4;2024680280920427123;B
20241021;141544;20235;5;2024680280920427124;B
20241021;141544;20235;11;2024680280920427125;B
20241021;141552;20235;40;2024680280920427126;S
20241021;141554;20235;40;2024680280920427127;S
20241021;141558;20235;40;2024680280920427128;S
20241021;141638;20235;200;2024680280920427129;S
20241021;141650;20235;25;2024680280920427130;S
20241021;141654;20235;14;2024680280920427131;S
20241021;141656;20235;2;2024680280920427133;S
20241021;141656;20235;30;2024680280920427137;S
20241021;141657;20230;20;2024680280920427138;S
20241021;141657;20230;20;2024680280920427139;S
20241021;141657;20230;20;2024680280920427140;S
20241021;141657;20230;20;2024680280920427141;S
20241021;141657;20230;20;2024680280920427142;S
20241021;141657;20230;20;2024680280920427143;S
20241021;141657;20230;20;2024680280920427144;S
20241021;141657;20230;20;2024680280920427145;S
20241021;141657;20230;20;2024680280920427146;S
20241021;141657;20230;20;2024680280920427147;S
20241021;141657;20230;20;2024680280920427148;S
20241021;141657;20230;20;2024680280920427149;S
20241021;141657;20230;20;2024680280920427150;S
20241021;141657;20230;20;2024680280920427151;S
20241021;141657;20230;20;2024680280920427152;S
20241021;141657;20230;2;2024680280920427153;S
20241021;141704;20225;10;2024680280920427154;B
20241021;141713;20225;1;2024680280920427156;B
20241021;141717;20224;29;2024680280920427160;S
20241021;141717;20222;1;2024680280920427161;B
20241021;141717;20222;1;2024680280920427162;B
20241021;141717;20222;1;2024680280920427163;B
20241021;141717;20222;1;2024680280920427164;B
20241021;141717;20222;1;2024680280920427165;B
20241021;141723;20222;11;2024680280920427166;B
20241021;141723;20222;4;2024680280920427167;B
20241021;141723;20223;20;2024680280920427168;B
20241021;141723;20223;11;2024680280920427169;B
20241021;141723;20223;3;2024680280920427170;B
20241021;141723;20223;100;2024680280920427171;B
20241021;141723;20224;11;2024680280920427172;B
20241021;141723;20224;3;2024680280920427173;B
20241021;141723;20225;10;2024680280920427174;B
20241021;141723;20225;20;2024680280920427175;B
20241021;141723;20225;40;2024680280920427176;S
20241021;141723;20225;20;2024680280920427177;S
20241021;141723;20225;20;2024680280920427178;S
20241021;141724;20225;20;2024680280920427179;S
20241021;141724;20225;20;2024680280920427180;S
20241021;141724;20225;20;2024680280920427181;S
20241021;141724;20225;20;2024680280920427182;S
20241021;141724;20225;20;2024680280920427183;S
20241021;141724;20225;20;2024680280920427184;S
20241021;141724;20225;20;2024680280920427185;S
20241021;141724;20225;20;2024680280920427186;S
20241021;141724;20225;20;2024680280920427187;S
20241021;141724;20225;19;2024680280920427188;S
20241021;141724;20225;20;2024680280920427189;S
20241021;141724;20225;8;2024680280920427190;S
20241021;141724;20225;12;2024680280920427191;S
20241021;141724;20225;8;2024680280920427192;S
20241021;141731;20220;20;2024680280920427193;S
20241021;141751;20220;1;2024680280920427194;S
20241021;141752;20220;18;2024680280920427195;S
20241021;141754;20220;40;2024680280920427196;S
20241021;141804;20220;19;2024680280920427197;S
20241021;141804;20220;25;2024680280920427198;S
20241021;141804;20220;4;2024680280920427199;S
20241021;141804;20220;2;2024680280920427200;S
20241021;141806;20220;1;2024680280920427201;S
20241021;141806;20220;2;2024680280920427202;S
20241021;141806;20220;1;2024680280920427203;S
20241021;141806;20215;1;2024680280920427204;S
20241021;141806;20215;1;2024680280920427205;S
20241021;141806;20215;11;2024680280920427206;S
20241021;141806;20214;1;2024680280920427207;S
20241021;141806;20214;11;2024680280920427208;S
20241021;141806;20213;1;2024680280920427209;S
20241021;141806;20213;1;2024680280920427210;S
20241021;141806;20213;45;2024680280920427211;S
20241021;141806;20213;4;2024680280920427212;S
20241021;141806;20217;1;2024680280920427213;B
20241021;141808;20217;39;2024680280920427214;B
20241021;141808;20218;1;2024680280920427215;B
20241021;141808;20218;3;2024680280920427216;B
20241021;141808;20219;7;2024680280920427217;B
20241021;141812;20218;40;2024680280920427218;B
20241021;141812;20220;10;2024680280920427219;B
20241021;141820;20218;50;2024680280920427220;B
20241021;141824;20213;11;2024680280920427221;S
20241021;141824;20213;2;2024680280920427222;S
20241021;141824;20213;7;2024680280920427223;S
20241021;141842;20220;20;2024680280920427224;B
20241021;141842;20221;2;2024680280920427225;B
20241021;142000;20224;1;2024680280920427226;B
20241021;142021;20221;1;2024680280920427227;S
20241021;142022;20223;2;2024680280920427228;B
20241021;142126;20218;1;2024680280920427229;S
20241021;142126;20218;11;2024680280920427230;S
20241021;142132;20218;1;2024680280920427231;S
20241021;142132;20218;11;2024680280920427232;S
20241021;142132;20218;2;2024680280920427233;S
20241021;142132;20218;9;2024680280920427234;S
20241021;142146;20214;50;2024680280920427235;S
20241021;142146;20214;11;2024680280920427236;S
20241021;142146;20214;27;2024680280920427237;S
20241021;142146;20214;12;2024680280920427238;S
20241021;142154;20215;10;2024680280920427239;B
20241021;142155;20213;43;2024680280920427240;S
20241021;142155;20213;7;2024680280920427241;S
20241021;142210;20213;4;2024680280920427242;S
20241021;142210;20213;12;2024680280920427243;S
20241021;142210;20213;50;2024680280920427244;S
20241021;142211;20213;10;2024680280920427245;B
20241021;142232;20213;5;2024680280920427246;B
20241021;142236;20213;10;2024680280920427247;B
20241021;142302;20212;1;2024680280920427248;S
20241021;142302;20212;1;2024680280920427249;S
20241021;142302;20212;7;2024680280920427250;S
20241021;142320;20211;1;2024680280920427251;S
20241021;142320;20211;50;2024680280920427252;S
20241021;142320;20211;6;2024680280920427253;S
20241021;142320;20211;11;2024680280920427254;S
20241021;142320;20211;1;2024680280920427255;B
20241021;142320;20210;1;2024680280920427256;S
20241021;142321;20211;5;2024680280920427257;B
20241021;142326;20210;2;2024680280920427258;S
20241021;142326;20210;1;2024680280920427259;S
20241021;142326;20210;1;2024680280920427260;S
20241021;142326;20210;46;2024680280920427261;S
20241021;142341;20209;1;2024680280920427262;S
20241021;142347;20211;10;2024680280920427263;B
20241021;142423;20211;6;2024680280920427264;B
20241021;142423;20211;2;2024680280920427265;B
20241021;142423;20211;2;2024680280920427266;B
20241021;142425;20211;4;2024680280920427267;B
20241021;142434;20211;4;2024680280920427268;B
20241021;142434;20211;1;2024680280920427269;B
20241021;142442;20211;3;2024680280920427270;B
20241021;142507;20209;4;2024680280920427271;S
20241021;142507;20208;2;2024680280920427272;S
20241021;142507;20208;10;2024680280920427273;S
20241021;142508;20210;5;2024680280920427274;B
20241021;142521;20207;9;2024680280920427275;S
20241021;142521;20207;50;2024680280920427276;S
20241021;142521;20207;41;2024680280920427277;S
20241021;142550;20207;1;2024680280920427278;S
20241021;142550;20207;1;2024680280920427279;S
20241021;142600;20208;2;2024680280920427283;B
20241021;142600;20208;38;2024680280920427284;B
20241021;142631;20208;2;2024680280920427289;B
20241021;142631;20208;2;2024680280920427290;B
20241021;142631;20208;5;2024680280920427291;B
20241021;142631;20210;1;2024680280920427292;B
20241021;142639;20209;1;2024680280920427293;S
20241021;142644;20211;1;2024680280920427294;S
20241021;142644;20211;10;2024680280920427295;S
20241021;142644;20211;2;2024680280920427296;S
20241021;142645;20213;1;2024680280920427299;S
20241021;142645;20212;7;2024680280920427300;S
20241021;142705;20215;1;2024680280920427301;B
20241021;142740;20213;2;2024680280920427302;B
20241021;142741;20210;30;2024680280920427303;S
20241021;142742;20213;9;2024680280920427304;B
20241021;142742;20214;1;2024680280920427305;B
20241021;142742;20214;11;2024680280920427306;B
20241021;142742;20215;11;2024680280920427307;B
20241021;142742;20216;1;2024680280920427308;B
20241021;142742;20216;11;2024680280920427309;B
20241021;142742;20216;3;2024680280920427310;B
20241021;142742;20217;11;2024680280920427311;B
20241021;142742;20217;1;2024680280920427312;B
20241021;142742;20217;3;2024680280920427313;B
20241021;142742;20217;20;2024680280920427314;B
20241021;142742;20218;11;2024680280920427315;B
20241021;142742;20218;1;2024680280920427316;B
20241021;142742;20218;3;2024680280920427317;B
20241021;142742;20219;11;2024680280920427318;B
20241021;142742;20219;3;2024680280920427319;B
20241021;142742;20219;1;2024680280920427320;B
20241021;142742;20220;3;2024680280920427321;B
20241021;142742;20220;5;2024680280920427322;B
20241021;142742;20217;1;2024680280920427323;B
20241021;142742;20217;1;2024680280920427324;B
20241021;142821;20217;2;2024680280920427325;S
20241021;142821;20214;3;2024680280920427326;S
20241021;142847;20212;1;2024680280920427329;S
20241021;142909;20214;1;2024680280920427330;B
20241021;142914;20218;1;2024680280920427331;B
20241021;142914;20218;1;2024680280920427332;B
20241021;142923;20218;1;2024680280920427333;B
20241021;142923;20218;5;2024680280920427334;B
20241021;142931;20218;59;2024680280920427335;B
20241021;142931;20218;21;2024680280920427336;B
20241021;142939;20218;2;2024680280920427337;B
20241021;142944;20218;1;2024680280920427338;B
20241021;142944;20218;1;2024680280920427339;B
20241021;142946;20217;1;2024680280920427340;B
20241021;143002;20212;1;2024680280920427344;S
20241021;143007;20212;1;2024680280920427346;B
20241021;143028;20212;1;2024680280920427347;B
20241021;143028;20212;1;2024680280920427348;B
20241021;143038;20211;4;2024680280920427349;S
20241021;143041;20212;2;2024680280920427350;B
20241021;143041;20211;97;2024680280920427351;S
20241021;143041;20211;103;2024680280920427352;S
20241021;143115;20212;20;2024680280920427353;B
20241021;143115;20212;52;2024680280920427354;B
20241021;143124;20220;2;2024680280920427355;B
20241021;143130;20220;13;2024680280920427356;B
20241021;143130;20220;1;2024680280920427357;B
20241021;143159;20218;1;2024680280920427358;S
20241021;143223;20221;1;2024680280920427359;B
20241021;143226;20222;25;2024680280920427360;B
20241021;143226;20222;1;2024680280920427361;B
20241021;143307;20221;10;2024680280920427362;B
20241021;143314;20221;2;2024680280920427363;B
20241021;143319;20221;1;2024680280920427364;B
20241021;143402;20221;97;2024680280920427365;B
20241021;143514;20222;20;2024680280920427366;B
20241021;143536;20222;1;2024680280920427368;B
20241021;143613;20222;89;2024680280920427372;B
20241021;143637;20221;1;2024680280920427373;S
20241021;143745;20221;2;2024680280920427377;S
20241021;143745;20221;2;2024680280920427378;S
20241021;143754;20222;11;2024680280920427379;B
20241021;143754;20222;2;2024680280920427380;B
20241021;143754;20222;23;2024680280920427381;B
20241021;143759;20223;1;2024680280920427382;B
20241021;143759;20223;1;2024680280920427383;B
20241021;143759;20222;14;2024680280920427384;S
20241021;143804;20223;2;2024680280920427385;B
20241021;143809;20223;2;2024680280920427386;B
20241021;143915;20223;6;2024680280920427387;B
20241021;143915;20223;22;2024680280920427388;B
20241021;144034;20224;1;2024680280920427389;B
20241021;144034;20224;11;2024680280920427390;B
20241021;144034;20225;1;2024680280920427391;B
20241021;144034;20225;7;2024680280920427392;B
20241021;144050;20225;1;2024680280920427394;B
20241021;144104;20226;1;2024680280920427398;B
20241021;144104;20226;1;2024680280920427399;B
20241021;144120;20226;1;2024680280920427400;B
20241021;144135;20227;1;2024680280920427401;B
20241021;144135;20227;19;2024680280920427402;B
20241021;144216;20228;1;2024680280920427403;B
20241021;144226;20228;6;2024680280920427404;B
20241021;144226;20229;9;2024680280920427405;B
20241021;144305;20229;10;2024680280920427406;B
20241021;144338;20227;10;2024680280920427407;S
20241021;144431;20227;1;2024680280920427409;S
20241021;144532;20224;1;2024680280920427410;S
20241021;144538;20223;1;2024680280920427412;S
20241021;144558;20223;1;2024680280920427414;S
20241021;144625;20223;8;2024680280920427415;S
20241021;144625;20223;2;2024680280920427416;S
20241021;144638;20222;400;2024680280920427417;S
20241021;144638;20222;1;2024680280920427418;S
20241021;144724;20222;2;2024680280920427419;S
20241021;144800;20222;1;2024680280920427420;S
20241021;144822;20222;14;2024680280920427421;S
20241021;144846;20222;1;2024680280920427424;S
20241021;145049;20224;1;2024680280920427433;B
20241021;145057;20224;10;2024680280920427434;B
20241021;145058;20224;50;2024680280920427435;B
20241021;145138;20224;1;2024680280920427436;B
20241021;145154;20224;8;2024680280920427437;B
20241021;145209;20222;1;2024680280920427438;S
20241021;145441;20224;1;2024680280920427439;B
20241021;145441;20225;10;2024680280920427440;B
20241021;145441;20225;3;2024680280920427441;B
20241021;145441;20225;7;2024680280920427442;B
20241021;145521;20226;1;2024680280920427443;B
20241021;145554;20226;1;2024680280920427444;B
20241021;145815;20223;10;2024680280920427445;S
20241021;145858;20223;1;2024680280920427446;S
20241021;150005;20222;3;2024680280920427449;S
20241021;150016;20222;27;2024680280920427450;S
20241021;150016;20222;1;2024680280920427451;S
20241021;150016;20222;1;2024680280920427452;S
20241021;150016;20221;11;2024680280920427453;S
20241021;150036;20221;10;2024680280920427454;S
20241021;150055;20221;1;2024680280920427455;S
20241021;150130;20221;1;2024680280920427456;S
20241021;150303;20222;10;2024680280920427457;S
20241021;150436;20223;1;2024680280920427458;B
20241021;150436;20223;1;2024680280920427459;B
20241021;150437;20222;1;2024680280920427460;S
20241021;150530;20223;1;2024680280920427462;B
20241021;150606;20223;7;2024680280920427463;B
20241021;150606;20223;1;2024680280920427464;B
20241021;150606;20223;3;2024680280920427465;B
20241021;150606;20223;2;2024680280920427466;B
20241021;150606;20223;3;2024680280920427467;B
20241021;150607;20223;2;2024680280920427468;B
20241021;150620;20223;1;2024680280920427469;B
20241021;150630;20225;1;2024680280920427470;B
20241021;150652;20226;1;2024680280920427471;B
20241021;150652;20226;2;2024680280920427472;B
20241021;150652;20226;2;2024680280920427473;B
20241021;150656;20230;4;2024680280920427474;B
20241021;150656;20230;1;2024680280920427475;B
20241021;150656;20232;3;2024680280920427476;B
20241021;150656;20232;1;2024680280920427477;B
20241021;150831;20227;1;2024680280920427478;B
20241021;150835;20227;1;2024680280920427479;B
20241021;150852;20223;11;2024680280920427480;S
20241021;150852;20223;2;2024680280920427481;S
20241021;150852;20222;10;2024680280920427482;S
20241021;150852;20222;3;2024680280920427483;S
20241021;150852;20222;20;2024680280920427484;S
20241021;150852;20221;6;2024680280920427485;S
20241021;150852;20221;1;2024680280920427486;S
20241021;150852;20221;11;2024680280920427487;S
20241021;150917;20225;1;2024680280920427488;S
20241021;150917;20225;1;2024680280920427489;S
20241021;151039;20232;1;2024680280920427492;B
20241021;151054;20232;5;2024680280920427493;B
20241021;151103;20232;44;2024680280920427494;B
20241021;151103;20232;6;2024680280920427495;B
20241021;151119;20231;1;2024680280920427496;B
20241021;151119;20231;2;2024680280920427497;B
20241021;151127;20225;9;2024680280920427498;S
20241021;151127;20225;46;2024680280920427499;S
20241021;151127;20231;4;2024680280920427500;B
20241021;151237;20230;11;2024680280920427501;B
20241021;151237;20230;9;2024680280920427502;B
20241021;151259;20224;3;2024680280920427503;S
20241021;151259;20224;11;2024680280920427504;S
20241021;151259;20223;11;2024680280920427505;S
20241021;151259;20222;11;2024680280920427506;S
20241021;151259;20221;11;2024680280920427507;S
20241021;151259;20220;15;2024680280920427508;S
20241021;151259;20220;11;2024680280920427509;S
20241021;151259;20220;50;2024680280920427510;S
20241021;151259;20220;20;2024680280920427511;S
20241021;151259;20219;11;2024680280920427512;S
20241021;151259;20219;2;2024680280920427513;S
20241021;151259;20219;50;2024680280920427514;S
20241021;151259;20218;1;2024680280920427515;S
20241021;151259;20218;11;2024680280920427516;S
20241021;151259;20218;2;2024680280920427517;S
20241021;151259;20218;50;2024680280920427518;S
20241021;151259;20218;1;2024680280920427519;S
20241021;151259;20217;2;2024680280920427520;S
20241021;151259;20217;50;2024680280920427521;S
20241021;151259;20217;11;2024680280920427522;S
20241021;151259;20217;266;2024680280920427523;S
20241021;151306;20226;5;2024680280920427524;B
20241021;151316;20222;11;2024680280920427525;S
20241021;151316;20222;2;2024680280920427526;S
20241021;151316;20221;1;2024680280920427527;S
20241021;151316;20221;11;2024680280920427528;S
20241021;151316;20221;40;2024680280920427529;S
20241021;151316;20220;11;2024680280920427530;S
20241021;151316;20219;11;2024680280920427531;S
20241021;151316;20218;11;2024680280920427532;S
20241021;151316;20217;11;2024680280920427533;S
20241021;151316;20217;2;2024680280920427534;S
20241021;151316;20217;500;2024680280920427535;S
20241021;151316;20216;11;2024680280920427536;S
20241021;151316;20216;2;2024680280920427537;S
20241021;151316;20216;50;2024680280920427538;S
20241021;151316;20215;3;2024680280920427539;S
20241021;151316;20215;11;2024680280920427540;S
20241021;151316;20215;50;2024680280920427541;S
20241021;151316;20214;3;2024680280920427542;S
20241021;151316;20214;50;2024680280920427543;S
20241021;151316;20214;11;2024680280920427544;S
20241021;151316;20214;20;2024680280920427545;S
20241021;151316;20213;3;2024680280920427546;S
20241021;151316;20213;50;2024680280920427547;S
20241021;151316;20213;11;2024680280920427548;S
20241021;151316;20212;1;2024680280920427549;S
20241021;151316;20212;3;2024680280920427550;S
20241021;151316;20212;50;2024680280920427551;S
20241021;151316;20211;19;2024680280920427552;S
20241021;151316;20211;3;2024680280920427553;S
20241021;151316;20211;5;2024680280920427554;S
20241021;151316;20211;2;2024680280920427555;S
20241021;151316;20211;50;2024680280920427556;S
20241021;151316;20210;2;2024680280920427557;S
20241021;151316;20210;2;2024680280920427558;S
20241021;151316;20210;50;2024680280920427559;S
20241021;151316;20209;4;2024680280920427560;S
20241021;151316;20209;20;2024680280920427561;S
20241021;151316;20209;50;2024680280920427562;S
20241021;151316;20208;50;2024680280920427563;S
20241021;151316;20207;1;2024680280920427564;S
20241021;151316;20207;1;2024680280920427565;S
20241021;151316;20207;50;2024680280920427566;S
20241021;151316;20206;3;2024680280920427567;S
20241021;151316;20206;1;2024680280920427568;S
20241021;151316;20205;3;2024680280920427569;S
20241021;151316;20205;1;2024680280920427570;S
20241021;151316;20205;1;2024680280920427571;S
20241021;151316;20205;3;2024680280920427572;S
20241021;151316;20205;50;2024680280920427573;S
20241021;151316;20204;3;2024680280920427574;S
20241021;151316;20202;1;2024680280920427575;S
20241021;151316;20200;10;2024680280920427576;S
20241021;151316;20200;1;2024680280920427577;S
20241021;151316;20200;1;2024680280920427578;S
20241021;151316;20200;50;2024680280920427579;S
20241021;151316;20200;1;2024680280920427580;S
20241021;151316;20200;2;2024680280920427581;S
20241021;151316;20200;10;2024680280920427582;S
20241021;151316;20200;5;2024680280920427583;S
20241021;151316;20199;1;2024680280920427584;S
20241021;151316;20199;2;2024680280920427585;S
20241021;151316;20199;1;2024680280920427586;S
20241021;151316;20200;40;2024680280920427591;B
20241021;151316;20200;20;2024680280920427592;B
20241021;151316;20200;20;2024680280920427593;B
20241021;151316;20200;20;2024680280920427594;B
20241021;151316;20200;20;2024680280920427595;B
20241021;151316;20200;20;2024680280920427596;B
20241021;151316;20200;20;2024680280920427597;B
20241021;151316;20200;20;2024680280920427598;B
20241021;151316;20200;20;2024680280920427599;B
20241021;151316;20200;20;2024680280920427600;B
20241021;151316;20200;20;2024680280920427601;B
20241021;151316;20200;20;2024680280920427602;B
20241021;151316;20200;20;2024680280920427603;B
20241021;151316;20200;20;2024680280920427604;B
20241021;151316;20200;20;2024680280920427605;B
20241021;151316;20200;20;2024680280920427606;B
20241021;151316;20200;20;2024680280920427607;B
20241021;151316;20200;20;2024680280920427608;B
20241021;151316;20200;20;2024680280920427609;B
20241021;151316;20200;20;2024680280920427610;B
20241021;151316;20200;20;2024680280920427611;B
20241021;151316;20200;20;2024680280920427612;B
20241021;151316;20200;8;2024680280920427613;B
20241021;151316;20194;9;2024680280920427614;S
20241021;151316;20200;20;2024680280920427615;B
20241021;151316;20200;20;2024680280920427616;B
20241021;151316;20200;20;2024680280920427617;B
20241021;151316;20200;20;2024680280920427618;B
20241021;151316;20200;20;2024680280920427619;B
20241021;151316;20200;20;2024680280920427620;B
20241021;151316;20200;20;2024680280920427621;B
20241021;151316;20200;20;2024680280920427622;B
20241021;151316;20200;20;2024680280920427623;B
20241021;151316;20200;20;2024680280920427624;B
20241021;151316;20196;1;2024680280920427625;S
20241021;151317;20200;20;2024680280920427626;B
20241021;151317;20200;20;2024680280920427627;B
20241021;151317;20200;20;2024680280920427628;B
20241021;151317;20200;20;2024680280920427629;B
20241021;151317;20200;20;2024680280920427630;B
20241021;151317;20200;20;2024680280920427631;B
20241021;151317;20200;20;2024680280920427632;B
20241021;151317;20200;20;2024680280920427633;B
20241021;151317;20200;20;2024680280920427634;B
20241021;151317;20200;20;2024680280920427635;B
20241021;151317;20199;20;2024680280920427636;S
20241021;151317;20196;30;2024680280920427637;S
20241021;151317;20199;1;2024680280920427638;S
20241021;151317;20199;1;2024680280920427639;S
20241021;151317;20200;1;2024680280920427640;B
20241021;151317;20199;18;2024680280920427641;S
20241021;151317;20199;11;2024680280920427642;S
20241021;151317;20199;31;2024680280920427643;S
20241021;151317;20199;20;2024680280920427644;S
20241021;151317;20200;1;2024680280920427645;B
20241021;151317;20200;1;2024680280920427646;B
20241021;151317;20199;10;2024680280920427647;S
20241021;151317;20200;2;2024680280920427648;B
20241021;151317;20200;1;2024680280920427649;B
20241021;151317;20200;1;2024680280920427650;B
20241021;151317;20200;1;2024680280920427651;B
20241021;151317;20199;1;2024680280920427652;S
20241021;151317;20200;3;2024680280920427653;B
20241021;151317;20200;1;2024680280920427654;B
20241021;151317;20199;1;2024680280920427655;S
20241021;151317;20200;2;2024680280920427656;B
20241021;151318;20200;1;2024680280920427657;B
20241021;151319;20200;40;2024680280920427658;B
20241021;151321;20200;40;2024680280920427659;B
20241021;151323;20200;40;2024680280920427660;B
20241021;151324;20200;1;2024680280920427661;B
20241021;151325;20200;40;2024680280920427662;B
20241021;151329;20200;40;2024680280920427663;B
20241021;151339;20200;40;2024680280920427664;B
20241021;151343;20200;481;2024680280920427665;B
20241021;151343;20200;50;2024680280920427666;B
20241021;151343;20200;10;2024680280920427667;B
20241021;151343;20200;41;2024680280920427668;B
20241021;151343;20200;18;2024680280920427669;B
20241021;151343;20200;1;2024680280920427670;B
20241021;151343;20200;20;2024680280920427671;B
20241021;151343;20203;10;2024680280920427672;B
20241021;151344;20207;11;2024680280920427673;S
20241021;151344;20207;29;2024680280920427674;S
20241021;151348;20209;1;2024680280920427675;S
20241021;151408;20209;1;2024680280920427676;S
20241021;151423;20208;11;2024680280920427677;S
20241021;151423;20208;3;2024680280920427678;S
20241021;151423;20207;11;2024680280920427679;S
20241021;151423;20207;3;2024680280920427680;S
20241021;151423;20207;40;2024680280920427681;S
20241021;151423;20206;11;2024680280920427682;S
20241021;151423;20206;3;2024680280920427683;S
20241021;151423;20205;11;2024680280920427684;S
20241021;151423;20205;3;2024680280920427685;S
20241021;151423;20205;20;2024680280920427686;S
20241021;151423;20204;11;2024680280920427687;S
20241021;151423;20204;3;2024680280920427688;S
20241021;151423;20203;11;2024680280920427689;S
20241021;151423;20203;3;2024680280920427690;S
20241021;151423;20203;500;2024680280920427691;S
20241021;151423;20202;11;2024680280920427692;S
20241021;151423;20202;3;2024680280920427693;S
20241021;151423;20201;11;2024680280920427694;S
20241021;151423;20201;3;2024680280920427695;S
20241021;151423;20200;11;2024680280920427696;S
20241021;151423;20200;3;2024680280920427697;S
20241021;151423;20199;20;2024680280920427698;S
20241021;151423;20199;3;2024680280920427699;S
20241021;151423;20198;1;2024680280920427700;S
20241021;151423;20198;3;2024680280920427701;S
20241021;151423;20199;20;2024680280920427702;B
20241021;151423;20200;20;2024680280920427703;B
20241021;151423;20200;20;2024680280920427704;B
20241021;151423;20200;20;2024680280920427705;B
20241021;151423;20200;20;2024680280920427706;B
20241021;151423;20200;20;2024680280920427707;B
20241021;151423;20200;20;2024680280920427708;B
20241021;151423;20200;20;2024680280920427709;B
20241021;151423;20200;20;2024680280920427710;B
20241021;151449;20200;120;2024680280920427711;B
20241021;151456;20200;5;2024680280920427712;B
20241021;151502;20200;300;2024680280920427713;B
20241021;151503;20200;32;2024680280920427714;B
20241021;151517;20201;1;2024680280920427715;S
20241021;151548;20204;11;2024680280920427718;S
20241021;151548;20204;23;2024680280920427719;S
20241021;151556;20207;1;2024680280920427720;S
20241021;151638;20207;3;2024680280920427721;S
20241021;151647;20208;10;2024680280920427722;B
20241021;151647;20208;5;2024680280920427723;B
20241021;151647;20208;5;2024680280920427724;B
20241021;151700;20207;3;2024680280920427725;S
20241021;151700;20208;4;2024680280920427726;B
20241021;151735;20207;2;2024680280920427727;S
20241021;151735;20206;3;2024680280920427728;S
20241021;151742;20206;17;2024680280920427729;S
20241021;151742;20206;26;2024680280920427730;S
20241021;151749;20207;1;2024680280920427731;B
20241021;151823;20207;11;2024680280920427732;B
20241021;151823;20207;6;2024680280920427733;B
20241021;151823;20207;3;2024680280920427734;B
20241021;151823;20207;3;2024680280920427735;B
20241021;151823;20207;7;2024680280920427736;B
20241021;151823;20207;10;2024680280920427737;B
20241021;151823;20207;10;2024680280920427738;B
20241021;151845;20215;4;2024680280920427739;B
20241021;151846;20215;7;2024680280920427740;B
20241021;151846;20215;16;2024680280920427741;B
20241021;151846;20215;6;2024680280920427742;B
20241021;151905;20213;2;2024680280920427743;B
20241021;151907;20213;1;2024680280920427744;B
20241021;151915;20213;5;2024680280920427745;B
20241021;152301;20216;20;2024680280920427746;S
20241021;152330;20219;2;2024680280920427747;B
20241021;152353;20217;1;2024680280920427748;B
20241021;152401;20217;16;2024680280920427749;B
20241021;152401;20217;4;2024680280920427750;B
20241021;152401;20217;12;2024680280920427751;B
20241021;152458;20217;20;2024680280920427752;B
20241021;152501;20217;17;2024680280920427753;B
20241021;152501;20217;1;2024680280920427754;B
20241021;152501;20217;16;2024680280920427755;B
20241021;152502;20217;1;2024680280920427756;B
20241021;152502;20217;1;2024680280920427757;B
20241021;152503;20217;1;2024680280920427758;B
20241021;152536;20216;1;2024680280920427760;S
20241021;152536;20215;3;2024680280920427765;S
20241021;152552;20216;100;2024680280920427769;B
20241021;152612;20214;1;2024680280920427770;S
20241021;152704;20213;1;2024680280920427771;S
20241021;152707;20213;2;2024680280920427772;S
20241021;152812;20215;5;2024680280920427773;S
20241021;152916;20216;50;2024680280920427774;B
20241021;152931;20215;1;2024680280920427779;S
20241021;153035;20217;1;2024680280920427787;B
20241021;153101;20217;11;2024680280920427788;B
20241021;153101;20218;6;2024680280920427789;B
20241021;153102;20218;2;2024680280920427790;B
20241021;153102;20220;15;2024680280920427791;B
20241021;153102;20220;1;2024680280920427792;B
20241021;153102;20220;1;2024680280920427793;B
20241021;153103;20220;1;2024680280920427794;B
20241021;153202;20220;17;2024680280920427796;B
20241021;153202;20220;15;2024680280920427797;B
20241021;153202;20220;1;2024680280920427798;B
20241021;153202;20223;1;2024680280920427799;B
20241021;153202;20224;1;2024680280920427800;B
20241021;153203;20224;1;2024680280920427801;B
20241021;153203;20224;1;2024680280920427802;B
20241021;153301;20225;1;2024680280920427803;B
20241021;153301;20225;1;2024680280920427804;B
20241021;153301;20226;15;2024680280920427805;B
20241021;153301;20227;11;2024680280920427806;B
20241021;153301;20227;5;2024680280920427807;B
20241021;153302;20227;1;2024680280920427808;B
20241021;153302;20227;1;2024680280920427809;B
20241021;153347;20223;1;2024680280920427810;S
20241021;153404;20227;1;2024680280920427811;B
20241021;153427;20225;4;2024680280920427812;S
20241021;153446;20223;1;2024680280920427813;S
20241021;153502;20228;2;2024680280920427815;B
20241021;153544;20227;1;2024680280920427816;B
20241021;153601;20227;52;2024680280920427817;B
20241021;153601;20227;17;2024680280920427818;B
20241021;153602;20227;17;2024680280920427819;B
20241021;153602;20227;1;2024680280920427820;B
20241021;153602;20227;1;2024680280920427821;B
20241021;153603;20226;1;2024680280920427822;S
20241021;153610;20226;10;2024680280920427823;S
20241021;153614;20226;20;2024680280920427824;B
20241021;153617;20225;1;2024680280920427825;S
20241021;153617;20225;11;2024680280920427826;S
20241021;153617;20225;2;2024680280920427827;S
20241021;153617;20225;2;2024680280920427828;S
20241021;153629;20225;1;2024680280920427829;B
20241021;153637;20224;11;2024680280920427830;S
20241021;153637;20224;2;2024680280920427831;S
20241021;153637;20224;16;2024680280920427832;S
20241021;153654;20223;10;2024680280920427833;S
20241021;153654;20223;2;2024680280920427834;S
20241021;153654;20223;20;2024680280920427835;S
20241021;153701;20223;17;2024680280920427836;B
20241021;153702;20223;6;2024680280920427837;B
20241021;153702;20223;11;2024680280920427838;B
20241021;153702;20223;1;2024680280920427839;B
20241021;153702;20223;1;2024680280920427840;B
20241021;153702;20223;1;2024680280920427841;B
20241021;153720;20221;1;2024680280920427842;S
20241021;153739;20222;1;2024680280920427843;B
20241021;153740;20222;12;2024680280920427844;B
20241021;153743;20221;1;2024680280920427845;S
20241021;153743;20221;20;2024680280920427846;S
20241021;153757;20220;5;2024680280920427847;B
20241021;153801;20220;6;2024680280920427848;B
20241021;153801;20220;2;2024680280920427849;B
20241021;153801;20221;9;2024680280920427850;B
20241021;153802;20220;11;2024680280920427851;B
20241021;153802;20220;6;2024680280920427852;B
20241021;153802;20220;1;2024680280920427853;B
20241021;153802;20220;1;2024680280920427854;B
20241021;153802;20220;1;2024680280920427855;B
20241021;153804;20215;2;2024680280920427856;S
20241021;153804;20215;20;2024680280920427857;S
20241021;153804;20215;7;2024680280920427858;S
20241021;153917;20214;3;2024680280920427859;S
20241021;153917;20213;20;2024680280920427860;S
20241021;153942;20210;2;2024680280920427861;S
20241021;153942;20210;1;2024680280920427862;S
20241021;154000;20209;5;2024680280920427863;S
20241021;154013;20210;10;2024680280920427864;S
20241021;154031;20209;15;2024680280920427865;S
20241021;154031;20209;2;2024680280920427866;S
20241021;154031;20209;20;2024680280920427867;S
20241021;154031;20209;11;2024680280920427868;S
20241021;154031;20208;11;2024680280920427869;S
20241021;154031;20208;2;2024680280920427870;S
20241021;154031;20208;39;2024680280920427871;S
20241021;154046;20207;11;2024680280920427872;S
20241021;154046;20207;2;2024680280920427873;S
20241021;154046;20207;20;2024680280920427874;S
20241021;154046;20207;40;2024680280920427875;S
20241021;154046;20207;20;2024680280920427876;B
20241021;154046;20207;7;2024680280920427877;B
20241021;154046;20212;1;2024680280920427878;B
20241021;154107;20212;1;2024680280920427879;B
20241021;154136;20211;11;2024680280920427880;S
20241021;154136;20210;1;2024680280920427881;S
20241021;154136;20210;11;2024680280920427882;S
20241021;154136;20210;2;2024680280920427883;S
20241021;154136;20210;40;2024680280920427884;S
20241021;154136;20209;11;2024680280920427885;S
20241021;154136;20209;2;2024680280920427886;S
20241021;154136;20208;7;2024680280920427887;S
20241021;154213;20214;1;2024680280920427888;S
20241021;154254;20214;6;2024680280920427889;S
20241021;154254;20214;4;2024680280920427890;S
20241021;154254;20214;2;2024680280920427891;S
20241021;154325;20212;11;2024680280920427892;B
20241021;154325;20212;40;2024680280920427893;B
20241021;154325;20212;20;2024680280920427894;B
20241021;154325;20212;6;2024680280920427895;B
20241021;154325;20213;11;2024680280920427896;B
20241021;154325;20214;11;2024680280920427897;B
20241021;154325;20214;2;2024680280920427898;B
20241021;154347;20214;1;2024680280920427899;S
20241021;154451;20221;11;2024680280920427900;B
20241021;154451;20222;5;2024680280920427901;B
20241021;154539;20227;11;2024680280920427902;B
20241021;154539;20227;4;2024680280920427903;B
20241021;154617;20225;2;2024680280920427904;B
20241021;154901;20228;1;2024680280920427905;B
20241021;154901;20230;16;2024680280920427906;B
20241021;154902;20230;16;2024680280920427907;B
20241021;154902;20230;1;2024680280920427908;B
20241021;154902;20230;1;2024680280920427909;B
20241021;154926;20230;2;2024680280920427910;B
20241021;155001;20230;10;2024680280920427911;B
20241021;155002;20230;4;2024680280920427912;B
20241021;155002;20230;11;2024680280920427913;B
20241021;155002;20230;2;2024680280920427914;B
20241021;155002;20230;1;2024680280920427915;B
20241021;155002;20230;10;2024680280920427916;B
20241021;155002;20230;5;2024680280920427917;B
20241021;155002;20230;1;2024680280920427918;B
20241021;155003;20230;1;2024680280920427919;B
20241021;155003;20230;1;2024680280920427920;B
20241021;155009;20231;1;2024680280920427921;B
20241021;155009;20231;5;2024680280920427922;B
20241021;155009;20231;4;2024680280920427923;B
20241021;155010;20231;2;2024680280920427924;B
20241021;155010;20231;2;2024680280920427925;B
20241021;155014;20227;10;2024680280920427926;S
20241021;155021;20231;10;2024680280920427927;B
20241021;155033;20231;30;2024680280920427928;B
20241021;155423;20226;4;2024680280920427929;B
20241021;155423;20226;2;2024680280920427930;B
20241021;155427;20234;1;2024680280920427931;B
20241021;155428;20234;1;2024680280920427932;B
20241021;155444;20234;12;2024680280920427933;B
20241021;155529;20234;20;2024680280920427934;B
20241021;155657;20228;1;2024680280920427935;S
20241021;155734;20222;2;2024680280920427937;S
20241021;155847;20222;1;2024680280920427938;S
20241021;155954;20225;11;2024680280920427939;S
20241021;160008;20226;10;2024680280920427940;B
20241021;160021;20225;2;2024680280920427941;S
20241021;160037;20226;8;2024680280920427942;B
20241021;160037;20226;25;2024680280920427943;B
20241021;160037;20226;25;2024680280920427944;B
20241021;160037;20226;25;2024680280920427945;B
20241021;160037;20226;2;2024680280920427946;B
20241021;160058;20227;1;2024680280920427948;B
20241021;160152;20227;12;2024680280920427952;S
20241021;160341;20226;1;2024680280920427958;B
20241021;160347;20228;2;2024680280920427959;B
20241021;160352;20228;2;2024680280920427960;B
20241021;160400;20226;11;2024680280920427961;S
20241021;160400;20226;2;2024680280920427962;S
20241021;160400;20225;11;2024680280920427963;S
20241021;160400;20225;4;2024680280920427964;S
20241021;160400;20225;20;2024680280920427965;S
20241021;160400;20224;11;2024680280920427966;S
20241021;160400;20224;4;2024680280920427967;S
20241021;160400;20224;1;2024680280920427968;S
20241021;160400;20223;11;2024680280920427969;S
20241021;160400;20223;4;2024680280920427970;S
20241021;160400;20222;11;2024680280920427971;S
20241021;160400;20222;4;2024680280920427972;S
20241021;160400;20221;5;2024680280920427973;S
20241021;160400;20221;11;2024680280920427974;S
20241021;160400;20221;4;2024680280920427975;S
20241021;160400;20220;3;2024680280920427976;S
20241021;160400;20220;11;2024680280920427977;S
20241021;160400;20220;20;2024680280920427978;S
20241021;160400;20220;1;2024680280920427979;S
20241021;160400;20220;1;2024680280920427980;S
20241021;160400;20220;49;2024680280920427985;S
20241021;160409;20228;5;2024680280920427986;S
20241021;160417;20226;1;2024680280920427988;B
20241021;160417;20226;1;2024680280920427993;B
20241021;160417;20228;8;2024680280920427998;B
20241021;160530;20230;2;2024680280920428002;B
20241021;160548;20231;2;2024680280920428005;B
20241021;160555;20231;3;2024680280920428010;B
20241021;160810;20228;8;2024680280920428014;S
20241021;160818;20227;5;2024680280920428015;S
20241021;160828;20232;2;2024680280920428016;B
20241021;160936;20232;2;2024680280920428017;B
20241021;161031;20233;3;2024680280920428019;B
20241021;161109;20233;2;2024680280920428021;B
20241021;161210;20232;3;2024680280920428025;S
20241021;161236;20234;2;2024680280920428027;B
20241021;161237;20234;3;2024680280920428031;B
20241021;161610;20233;1;2024680280920428033;B
20241021;161610;20233;1;2024680280920428034;B
20241021;161624;20235;2;2024680280920428035;B
20241021;161624;20235;1;2024680280920428036;B
20241021;161625;20236;1;2024680280920428037;B
20241021;161625;20238;1;2024680280920428038;B
20241021;161625;20239;1;2024680280920428039;B
20241021;161625;20240;1;2024680280920428044;B
20241021;161626;20240;4;2024680280920428045;B
20241021;161626;20240;25;2024680280920428046;B
20241021;161659;20240;43;2024680280920428047;B
20241021;161713;20240;10;2024680280920428048;B
20241021;161713;20239;3;2024680280920428049;S
20241021;161745;20240;17;2024680280920428050;B
20241021;161745;20240;1;2024680280920428051;B
20241021;161745;20240;82;2024680280920428052;B
20241021;161753;20240;10;2024680280920428053;B
20241021;161908;20239;1;2024680280920428054;S
20241021;161957;20239;15;2024680280920428055;S
20241021;161957;20239;20;2024680280920428056;B
20241021;161957;20239;20;2024680280920428057;B
20241021;161957;20239;20;2024680280920428058;B
20241021;162007;20238;20;2024680280920428059;S
20241021;162007;20238;11;2024680280920428060;S
20241021;162016;20238;69;2024680280920428061;B
20241021;162022;20238;1;2024680280920428062;S
20241021;162104;20239;1;2024680280920428063;B
20241021;162111;20238;5;2024680280920428064;S
20241021;162111;20239;30;2024680280920428065;B
20241021;162115;20239;2;2024680280920428066;B
20241021;162230;20239;1;2024680280920428067;B
20241021;162503;20238;1;2024680280920428068;S
20241021;162634;20238;5;2024680280920428069;S
20241021;162757;20237;1;2024680280920428070;S
20241021;162757;20237;19;2024680280920428071;S
20241021;162919;20239;20;2024680280920428072;B
20241021;162919;20239;3;2024680280920428073;B
20241021;162919;20239;1;2024680280920428074;B
20241021;162919;20239;4;2024680280920428075;B
20241021;162919;20239;2;2024680280920428076;B
20241021;162919;20239;6;2024680280920428077;B
20241021;162919;20240;4;2024680280920428078;B
20241021;162919;20240;4;2024680280920428079;B
20241021;162919;20240;16;2024680280920428080;B
20241021;162919;20240;13;2024680280920428081;B
20241021;162919;20240;5;2024680280920428082;B
20241021;162919;20241;2;2024680280920428083;B
20241021;162919;20242;1;2024680280920428084;B
20241021;162919;20242;10;2024680280920428085;B
20241021;162919;20242;2;2024680280920428086;B
20241021;162919;20243;2;2024680280920428087;B
20241021;162919;20245;1;2024680280920428088;B
20241021;162920;20245;2;2024680280920428089;B
20241021;162920;20247;9;2024680280920428090;B
20241021;162921;20243;1;2024680280920428091;S
20241021;162928;20248;3;2024680280920428092;B
20241021;162928;20248;1;2024680280920428093;B
20241021;162941;20249;1;2024680280920428094;B
20241021;162957;20249;1;2024680280920428095;B
20241021;163000;20250;1;2024680280920428096;B
20241021;163000;20250;1;2024680280920428097;B
20241021;163000;20250;1;2024680280920428098;B
20241021;163000;20252;1;2024680280920428099;B
20241021;163001;20255;1;2024680280920428100;B
20241021;163001;20255;1;2024680280920428101;B
20241021;163001;20255;2;2024680280920428102;B
20241021;163001;20258;1;2024680280920428103;B
20241021;163001;20258;11;2024680280920428104;B
20241021;163001;20259;1;2024680280920428105;B
20241021;163001;20259;11;2024680280920428106;B
20241021;163001;20260;1;2024680280920428107;B
20241021;163001;20260;1;2024680280920428108;B
20241021;163001;20260;11;2024680280920428109;B
20241021;163001;20260;29;2024680280920428110;B
20241021;163001;20261;1;2024680280920428111;B
20241021;163001;20262;11;2024680280920428112;B
20241021;163001;20262;2;2024680280920428113;B
20241021;163001;20263;2;2024680280920428114;B
20241021;163001;20263;11;2024680280920428115;B
20241021;163001;20263;3;2024680280920428116;B
20241021;163001;20263;2;2024680280920428117;B
20241021;163002;20264;11;2024680280920428118;B
20241021;163002;20264;1;2024680280920428119;B
20241021;163002;20256;1;2024680280920428120;S
20241021;163018;20262;1;2024680280920428121;S
20241021;163029;20262;3;2024680280920428122;B
20241021;163029;20262;1;2024680280920428123;B
20241021;163031;20263;3;2024680280920428124;B
20241021;163031;20263;2;2024680280920428125;B
20241021;163031;20263;1;2024680280920428126;B
20241021;163031;20263;1;2024680280920428127;B
20241021;163031;20263;3;2024680280920428128;B
20241021;163033;20265;1;2024680280920428129;B
20241021;163034;20266;1;2024680280920428130;B
20241021;163034;20267;1;2024680280920428135;B
20241021;163034;20268;9;2024680280920428136;B
20241021;163034;20268;5;2024680280920428137;B
20241021;163034;20268;5;2024680280920428138;B
20241021;163034;20268;19;2024680280920428139;B
20241021;163040;20267;1;2024680280920428140;B
20241021;163046;20269;11;2024680280920428141;S
20241021;163046;20269;2;2024680280920428142;S
20241021;163046;20268;1;2024680280920428143;S
20241021;163046;20268;11;2024680280920428144;S
20241021;163046;20267;11;2024680280920428145;S
20241021;163046;20266;11;2024680280920428146;S
20241021;163046;20265;11;2024680280920428147;S
20241021;163046;20265;2;2024680280920428148;S
20241021;163046;20264;20;2024680280920428149;S
20241021;163046;20264;11;2024680280920428150;S
20241021;163046;20264;2;2024680280920428151;S
20241021;163046;20264;7;2024680280920428152;S
20241021;163046;20267;1;2024680280920428153;S
20241021;163046;20270;5;2024680280920428154;B
20241021;163046;20270;1;2024680280920428155;B
20241021;163046;20270;1;2024680280920428156;B
20241021;163046;20270;7;2024680280920428157;B
20241021;163047;20270;1;2024680280920428158;B
20241021;163047;20271;2;2024680280920428159;B
20241021;163047;20271;1;2024680280920428160;B
20241021;163048;20271;17;2024680280920428161;B
20241021;163055;20268;1;2024680280920428162;S
20241021;163055;20268;26;2024680280920428163;S
20241021;163055;20268;11;2024680280920428164;S
20241021;163055;20267;11;2024680280920428165;S
20241021;163055;20267;2;2024680280920428166;S
20241021;163057;20267;24;2024680280920428167;B
20241021;163100;20269;1;2024680280920428168;B
20241021;163100;20272;2;2024680280920428169;B
20241021;163100;20272;17;2024680280920428170;B
20241021;163100;20272;20;2024680280920428171;B
20241021;163100;20273;20;2024680280920428172;B
20241021;163100;20273;20;2024680280920428173;B
20241021;163100;20273;10;2024680280920428174;B
20241021;163100;20273;1;2024680280920428175;B
20241021;163101;20274;1;2024680280920428176;B
20241021;163108;20273;2;2024680280920428177;S
20241021;163110;20274;12;2024680280920428178;B
20241021;163115;20274;1;2024680280920428179;B
20241021;163115;20274;1;2024680280920428180;B
20241021;163115;20275;1;2024680280920428181;B
20241021;163115;20277;1;2024680280920428182;B
20241021;163115;20278;46;2024680280920428183;B
20241021;163116;20276;1;2024680280920428184;S
20241021;163121;20276;1;2024680280920428185;S
20241021;163121;20277;11;2024680280920428186;B
20241021;163121;20277;1;2024680280920428187;B
20241021;163123;20277;2;2024680280920428188;B
20241021;163123;20276;7;2024680280920428189;S
20241021;163123;20273;5;2024680280920428190;S
20241021;163130;20273;2;2024680280920428191;S
20241021;163130;20269;6;2024680280920428192;S
20241021;163133;20270;11;2024680280920428193;S
20241021;163133;20270;29;2024680280920428194;S
20241021;163136;20270;20;2024680280920428195;S
20241021;163145;20270;5;2024680280920428196;S
20241021;163149;20273;10;2024680280920428197;B
20241021;163151;20270;9;2024680280920428198;S
20241021;163151;20270;6;2024680280920428199;S
20241021;163151;20270;4;2024680280920428200;S
20241021;163152;20270;2;2024680280920428201;S
20241021;163152;20270;4;2024680280920428202;S
20241021;163205;20259;8;2024680280920428203;S
20241021;163205;20259;7;2024680280920428204;S
20241021;163205;20259;4;2024680280920428205;S
20241021;163205;20259;2;2024680280920428206;S
20241021;163205;20259;4;2024680280920428207;S
20241021;163207;20253;25;2024680280920428208;S
20241021;163207;20252;20;2024680280920428209;S
20241021;163207;20251;1;2024680280920428210;S
20241021;163207;20250;1;2024680280920428211;S
20241021;163207;20250;11;2024680280920428212;S
20241021;163207;20249;11;2024680280920428213;S
20241021;163207;20248;1;2024680280920428214;S
20241021;163207;20248;10;2024680280920428215;S
