<DATE>;<TIME>;<LAST>;<VOL>;<ID>;<OPER>
20241030;095906;584.79;5;2016517536660589487;B
20241030;100001;584.9;1;2016517536660589488;B
20241030;100001;584.99;2;2016517536660589489;B
20241030;100001;584.99;2;2016517536660589490;B
20241030;100001;585;1;2016517536660589491;B
20241030;100001;585.06;15;2016517536660589492;B
20241030;100003;585.09;1;2016517536660589493;B
20241030;100003;585.09;2;2016517536660589494;B
20241030;100011;585.16;8;2016517536660589495;B
20241030;100011;585.17;3;2016517536660589496;B
20241030;100013;585.17;22;2016517536660589497;B
20241030;100013;585.17;20;2016517536660589498;B
20241030;100013;585.18;4;2016517536660589499;B
20241030;100018;585.19;5;2016517536660589500;B
20241030;100029;585.19;1;2016517536660589501;B
20241030;100031;585.23;1;2016517536660589502;B
20241030;100037;585.23;1;2016517536660589503;B
20241030;100037;585.23;1;2016517536660589504;B
20241030;100037;585.23;20;2016517536660589505;B
20241030;100037;585.24;2;2016517536660589506;B
20241030;100037;585.25;2;2016517536660589507;B
20241030;100037;585.25;3;2016517536660589508;B
20241030;100037;585.26;2;2016517536660589509;B
20241030;100037;585.27;2;2016517536660589510;B
20241030;100037;585.27;25;2016517536660589511;B
20241030;100037;585.28;2;2016517536660589512;B
20241030;100043;585.25;2;2016517536660589513;B
20241030;100052;585.25;18;2016517536660589514;B
20241030;100100;585.25;6;2016517536660589515;S
20241030;100100;585.25;11;2016517536660589516;S
20241030;100101;585.26;2;2016517536660589517;B
20241030;100101;585.26;20;2016517536660589518;B
20241030;100102;585.29;1;2016517536660589519;B
20241030;100104;585.25;2;2016517536660589520;S
20241030;100105;585.3;1;2016517536660589521;B
20241030;100105;585.3;1;2016517536660589526;B
20241030;100105;585.3;2;2016517536660589527;B
20241030;100106;585.3;4;2016517536660589532;S
20241030;100106;585.3;3;2016517536660589533;S
20241030;100106;585.3;1;2016517536660589534;S
20241030;100109;585.31;1;2016517536660589535;B
20241030;100111;585.31;19;2016517536660589536;B
20241030;100113;585.31;1;2016517536660589537;S
20241030;100114;585.32;6;2016517536660589538;B
20241030;100122;585.32;1;2016517536660589539;B
20241030;100129;585.31;1;2016517536660589540;S
20241030;100129;585.31;1;2016517536660589541;S
20241030;100141;585.32;1;2016517536660589542;B
20241030;100142;585.31;3;2016517536660589543;S
20241030;100150;585.25;1;2016517536660589544;S
20241030;100156;585.29;1;2016517536660589545;B
20241030;100158;585.25;12;2016517536660589546;S
20241030;100158;585.25;12;2016517536660589547;S
20241030;100158;585.25;1;2016517536660589548;S
20241030;100158;585.25;1;2016517536660589549;S
20241030;100158;585.25;1;2016517536660589550;S
20241030;100159;585.2;20;2016517536660589551;B
20241030;100206;585.07;1;2016517536660589552;S
20241030;100217;585.21;2;2016517536660589553;B
20241030;100217;585.21;3;2016517536660589554;B
20241030;100217;585.22;2;2016517536660589555;B
20241030;100219;585.19;1;2016517536660589557;B
20241030;100219;585.19;1;2016517536660589562;B
20241030;100219;585.2;3;2016517536660589567;B
20241030;100236;585.25;20;2016517536660589571;B
20241030;100239;585.25;1;2016517536660589572;S
20241030;100248;585.09;1;2016517536660589573;S
20241030;100301;585.11;1;2016517536660589577;B
20241030;100302;585.1;1;2016517536660589582;S
20241030;100310;585.1;1;2016517536660589587;S
20241030;100320;585.08;1;2016517536660589591;B
20241030;100320;585.1;2;2016517536660589592;B
20241030;100320;585.11;2;2016517536660589593;B
20241030;100325;585.11;1;2016517536660589594;S
20241030;100331;585.11;5;2016517536660589595;S
20241030;100348;585.12;10;2016517536660589596;B
20241030;100350;585.12;40;2016517536660589597;B
20241030;100354;585.12;1;2016517536660589598;S
20241030;100414;585.13;1;2016517536660589600;S
20241030;100435;585.2;10;2016517536660589604;B
20241030;100512;585.15;20;2016517536660589605;B
20241030;100519;585.13;1;2016517536660589606;S
20241030;100530;585.13;1;2016517536660589607;S
20241030;100539;585.12;2;2016517536660589608;S
20241030;100549;585.13;19;2016517536660589609;B
20241030;100549;585.13;15;2016517536660589610;B
20241030;100554;585.25;3;2016517536660589611;B
20241030;100556;585.25;2;2016517536660589612;B
20241030;100556;585.25;1;2016517536660589613;B
20241030;100556;585.26;1;2016517536660589614;B
20241030;100556;585.28;2;2016517536660589615;B
20241030;100556;585.29;2;2016517536660589616;B
20241030;100556;585.3;1;2016517536660589617;B
20241030;100556;585.3;1;2016517536660589618;B
20241030;100557;585.2;1;2016517536660589619;S
20241030;100557;585.19;1;2016517536660589620;S
20241030;100557;585.19;1;2016517536660589621;S
20241030;100557;585.18;1;2016517536660589622;S
20241030;100557;585.17;2;2016517536660589623;S
20241030;100557;585.17;1;2016517536660589624;S
20241030;100557;585.16;2;2016517536660589625;S
20241030;100557;585.16;1;2016517536660589626;S
20241030;100604;585.31;2;2016517536660589627;B
20241030;100604;585.31;1;2016517536660589628;B
20241030;100604;585.32;8;2016517536660589629;B
20241030;100611;585.27;1;2016517536660589630;B
20241030;100611;585.27;2;2016517536660589631;B
20241030;100611;585.28;20;2016517536660589632;B
20241030;100611;585.28;2;2016517536660589633;B
20241030;100611;585.28;1;2016517536660589634;B
20241030;100611;585.29;2;2016517536660589635;B
20241030;100611;585.29;1;2016517536660589636;B
20241030;100611;585.3;1;2016517536660589637;B
20241030;100646;585.19;1;2016517536660589638;S
20241030;100647;585.19;2;2016517536660589640;S
20241030;100647;585.19;1;2016517536660589645;S
20241030;100647;585.18;3;2016517536660589650;S
20241030;100647;585.18;1;2016517536660589655;S
20241030;100647;585.18;2;2016517536660589660;S
20241030;100647;585.17;1;2016517536660589665;S
20241030;100648;585.29;1;2016517536660589669;B
20241030;100712;585.23;1;2016517536660589670;B
20241030;100712;585.28;1;2016517536660589672;B
20241030;100720;585.28;1;2016517536660589676;B
20241030;100720;585.29;2;2016517536660589677;B
20241030;100721;585.28;1;2016517536660589678;B
20241030;100733;585.28;1;2016517536660589679;B
20241030;100747;585.28;1;2016517536660589680;B
20241030;100747;585.28;1;2016517536660589681;B
20241030;100751;585.25;1;2016517536660589682;S
20241030;100753;585.28;1;2016517536660589683;B
20241030;100753;585.28;1;2016517536660589684;B
20241030;100758;585.28;7;2016517536660589685;S
20241030;100821;585.29;1;2016517536660589686;B
20241030;100821;585.29;1;2016517536660589687;B
20241030;100821;585.29;2;2016517536660589688;B
20241030;100828;585.29;1;2016517536660589689;B
20241030;100828;585.29;4;2016517536660589690;B
20241030;100834;585.28;1;2016517536660589691;S
20241030;100839;585.27;1;2016517536660589692;B
20241030;100844;585.25;10;2016517536660589693;S
20241030;100917;585.25;9;2016517536660589694;S
20241030;100922;585.16;1;2016517536660589695;S
20241030;100922;585.24;1;2016517536660589696;B
20241030;100923;585.25;1;2016517536660589697;B
20241030;100931;585.24;1;2016517536660589698;B
20241030;100953;585.16;1;2016517536660589699;S
20241030;100953;585.16;1;2016517536660589700;S
20241030;100956;585.24;1;2016517536660589701;B
20241030;100956;585.25;10;2016517536660589702;B
20241030;100956;585.25;1;2016517536660589703;B
20241030;101006;585.25;8;2016517536660589704;S
20241030;101025;585.2;1;2016517536660589705;B
20241030;101025;585.2;2;2016517536660589706;B
20241030;101025;585.2;1;2016517536660589707;B
20241030;101025;585.15;9;2016517536660589708;S
20241030;101025;585.15;4;2016517536660589709;S
20241030;101050;585.14;1;2016517536660589710;B
20241030;101102;585.14;1;2016517536660589711;S
20241030;101103;585.14;20;2016517536660589712;S
20241030;101132;585.14;20;2016517536660589713;S
20241030;101207;585.15;1;2016517536660589714;B
20241030;101250;585.14;1;2016517536660589715;S
20241030;101305;585.15;5;2016517536660589716;B
20241030;101320;585.14;1;2016517536660589717;S
20241030;101332;585.15;1;2016517536660589718;B
20241030;101354;585.17;4;2016517536660589719;B
20241030;101401;585.15;1;2016517536660589720;S
20241030;101430;585.2;2;2016517536660589721;B
20241030;101437;585.2;2;2016517536660589722;S
20241030;101438;585.21;2;2016517536660589723;B
20241030;101509;585.2;1;2016517536660589724;S
20241030;101510;585.2;5;2016517536660589725;S
20241030;101510;585.2;2;2016517536660589726;S
20241030;101510;585.2;1;2016517536660589727;S
20241030;101510;585.19;2;2016517536660589728;S
20241030;101510;585.19;1;2016517536660589729;S
20241030;101510;585.18;2;2016517536660589730;S
20241030;101510;585.18;1;2016517536660589731;S
20241030;101510;585.17;2;2016517536660589732;S
20241030;101510;585.17;1;2016517536660589733;S
20241030;101510;585.17;1;2016517536660589734;S
20241030;101510;585.16;2;2016517536660589735;S
20241030;101510;585.16;1;2016517536660589736;S
20241030;101510;585.16;1;2016517536660589737;S
20241030;101510;585.15;2;2016517536660589738;S
20241030;101510;585.15;2;2016517536660589739;S
20241030;101510;585.15;1;2016517536660589740;S
20241030;101510;585.15;1;2016517536660589741;S
20241030;101510;585.15;2;2016517536660589742;S
20241030;101510;585.14;20;2016517536660589743;S
20241030;101510;585.14;8;2016517536660589744;S
20241030;101510;585.14;2;2016517536660589745;S
20241030;101510;585.14;1;2016517536660589746;S
20241030;101510;585.14;2;2016517536660589747;S
20241030;101510;585.13;1;2016517536660589748;S
20241030;101510;585.13;2;2016517536660589749;S
20241030;101510;585.13;1;2016517536660589750;S
20241030;101510;585.13;2;2016517536660589751;S
20241030;101510;585.12;2;2016517536660589752;S
20241030;101510;585.12;1;2016517536660589753;S
20241030;101510;585.12;1;2016517536660589754;S
20241030;101510;585.12;2;2016517536660589755;S
20241030;101510;585.11;2;2016517536660589756;S
20241030;101510;585.11;1;2016517536660589757;S
20241030;101510;585.11;1;2016517536660589758;S
20241030;101510;585.11;2;2016517536660589759;S
20241030;101510;585.1;1;2016517536660589760;S
20241030;101510;585.1;1;2016517536660589761;S
20241030;101510;585.1;2;2016517536660589762;S
20241030;101510;585.1;65;2016517536660589763;S
20241030;101557;585.17;1;2016517536660589764;S
20241030;101619;585.18;1;2016517536660589765;B
20241030;101717;585.16;1;2016517536660589769;S
20241030;101717;585.16;1;2016517536660589774;S
20241030;101717;585.16;6;2016517536660589779;S
20241030;101717;585.16;1;2016517536660589784;S
20241030;101717;585.16;2;2016517536660589789;S
20241030;101717;585.16;12;2016517536660589794;S
20241030;101725;585.19;5;2016517536660589798;B
20241030;101725;585.19;1;2016517536660589799;B
20241030;101800;585.21;1;2016517536660589800;B
20241030;101800;585.21;4;2016517536660589801;B
20241030;101814;585.24;1;2016517536660589802;B
20241030;101814;585.26;1;2016517536660589803;B
20241030;101814;585.27;1;2016517536660589804;B
20241030;101814;585.27;2;2016517536660589805;B
20241030;101814;585.28;19;2016517536660589806;B
20241030;101814;585.28;1;2016517536660589807;B
20241030;101814;585.29;2;2016517536660589812;B
20241030;101814;585.29;1;2016517536660589813;B
20241030;101814;585.3;20;2016517536660589814;B
20241030;101814;585.3;2;2016517536660589815;B
20241030;101814;585.3;1;2016517536660589816;B
20241030;101814;585.3;5;2016517536660589817;B
20241030;101814;585.3;2;2016517536660589818;B
20241030;101814;585.31;2;2016517536660589819;B
20241030;101814;585.32;2;2016517536660589820;B
20241030;101814;585.33;1;2016517536660589821;B
20241030;101814;585.33;2;2016517536660589822;B
20241030;101814;585.33;2;2016517536660589823;B
20241030;101814;585.33;2;2016517536660589824;B
20241030;101814;585.34;2;2016517536660589825;B
20241030;101814;585.34;2;2016517536660589826;B
20241030;101814;585.34;1;2016517536660589827;B
20241030;101814;585.35;1;2016517536660589828;B
20241030;101814;585.35;1;2016517536660589829;B
20241030;101814;585.35;1;2016517536660589830;B
20241030;101814;585.35;2;2016517536660589831;B
20241030;101814;585.35;2;2016517536660589832;B
20241030;101814;585.35;1;2016517536660589833;B
20241030;101814;585.36;1;2016517536660589834;B
20241030;101814;585.36;2;2016517536660589835;B
20241030;101814;585.36;2;2016517536660589836;B
20241030;101814;585.36;1;2016517536660589837;B
20241030;101814;585.36;1;2016517536660589842;B
20241030;101814;585.37;35;2016517536660589843;B
20241030;101814;585.37;1;2016517536660589844;B
20241030;101814;585.37;2;2016517536660589845;B
20241030;101814;585.37;2;2016517536660589846;B
20241030;101814;585.37;1;2016517536660589847;B
20241030;101814;585.38;25;2016517536660589848;B
20241030;101814;585.38;2;2016517536660589849;B
20241030;101814;585.38;2;2016517536660589850;B
20241030;101814;585.38;1;2016517536660589851;B
20241030;101814;585.39;25;2016517536660589852;B
20241030;101814;585.39;2;2016517536660589853;B
20241030;101814;585.39;2;2016517536660589854;B
20241030;101814;585.39;1;2016517536660589855;B
20241030;101814;585.4;1;2016517536660589856;B
20241030;101814;585.4;1;2016517536660589857;B
20241030;101814;585.4;5;2016517536660589858;B
20241030;101814;585.4;25;2016517536660589859;B
20241030;101814;585.4;2;2016517536660589860;B
20241030;101814;585.4;1;2016517536660589861;B
20241030;101814;585.41;25;2016517536660589862;B
20241030;101814;585.41;1;2016517536660589863;B
20241030;101814;585.41;2;2016517536660589864;B
20241030;101814;585.42;15;2016517536660589865;B
20241030;101814;585.42;2;2016517536660589866;B
20241030;101814;585.42;25;2016517536660589867;B
20241030;101814;585.42;1;2016517536660589868;B
20241030;101814;585.42;2;2016517536660589869;B
20241030;101814;585.43;1;2016517536660589870;B
20241030;101814;585.43;1;2016517536660589871;B
20241030;101814;585.33;20;2016517536660589872;B
20241030;101814;585.39;1;2016517536660589873;B
20241030;101814;585.39;1;2016517536660589874;B
20241030;101815;585.39;1;2016517536660589875;B
20241030;101815;585.39;3;2016517536660589876;B
20241030;101824;585.4;20;2016517536660589877;B
20241030;101824;585.43;49;2016517536660589878;B
20241030;101824;585.43;1;2016517536660589879;B
20241030;101824;585.43;1;2016517536660589884;B
20241030;101824;585.43;2;2016517536660589885;B
20241030;101824;585.43;1;2016517536660589886;B
20241030;101824;585.44;1;2016517536660589887;B
20241030;101824;585.44;2;2016517536660589888;B
20241030;101824;585.44;1;2016517536660589889;B
20241030;101824;585.44;2;2016517536660589890;B
20241030;101824;585.44;1;2016517536660589891;B
20241030;101824;585.45;1;2016517536660589892;B
20241030;101824;585.45;2;2016517536660589893;B
20241030;101824;585.45;1;2016517536660589894;B
20241030;101824;585.45;1;2016517536660589895;B
20241030;101824;585.46;2;2016517536660589896;B
20241030;101824;585.46;2;2016517536660589897;B
20241030;101824;585.46;1;2016517536660589898;B
20241030;101824;585.46;1;2016517536660589899;B
20241030;101824;585.47;2;2016517536660589900;B
20241030;101824;585.47;5;2016517536660589901;B
20241030;101824;585.47;1;2016517536660589902;B
20241030;101824;585.47;2;2016517536660589903;B
20241030;101824;585.47;2;2016517536660589904;B
20241030;101824;585.47;1;2016517536660589905;B
20241030;101824;585.48;2;2016517536660589906;B
20241030;101824;585.48;2;2016517536660589907;B
20241030;101824;585.48;1;2016517536660589908;B
20241030;101824;585.48;1;2016517536660589909;B
20241030;101824;585.49;1;2016517536660589910;B
20241030;101824;585.49;1;2016517536660589911;B
20241030;101824;585.49;2;2016517536660589912;B
20241030;101824;585.49;2;2016517536660589913;B
20241030;101824;585.49;1;2016517536660589914;B
20241030;101824;585.5;1;2016517536660589915;B
20241030;101824;585.5;1;2016517536660589916;B
20241030;101824;585.5;2;2016517536660589917;B
20241030;101824;585.5;1;2016517536660589918;B
20241030;101824;585.5;1;2016517536660589919;B
20241030;101824;585.5;10;2016517536660589920;B
20241030;101824;585.5;2;2016517536660589921;B
20241030;101824;585.5;1;2016517536660589922;B
20241030;101824;585.5;2;2016517536660589923;B
20241030;101824;585.5;2;2016517536660589924;B
20241030;101824;585.54;1;2016517536660589925;B
20241030;101824;585.51;1;2016517536660589926;S
20241030;101824;585.54;1;2016517536660589927;B
20241030;101824;585.54;2;2016517536660589928;B
20241030;101825;585.51;1;2016517536660589929;S
20241030;101836;585.54;6;2016517536660589930;B
20241030;101848;585.54;1;2016517536660589931;B
20241030;101849;585.51;1;2016517536660589932;S
20241030;101849;585.51;2;2016517536660589933;S
20241030;101849;585.5;47;2016517536660589934;S
20241030;101901;585.54;2;2016517536660589935;B
20241030;101904;585.52;2;2016517536660589936;B
20241030;101907;585.52;1;2016517536660589937;B
20241030;101907;585.51;1;2016517536660589938;S
20241030;101909;585.52;1;2016517536660589939;B
20241030;101909;585.52;3;2016517536660589940;B
20241030;101911;585.52;3;2016517536660589941;B
20241030;101917;585.52;1;2016517536660589942;B
20241030;101935;585.51;1;2016517536660589943;B
20241030;101939;585.51;1;2016517536660589944;B
20241030;101939;585.51;2;2016517536660589945;B
20241030;101939;585.51;20;2016517536660589946;B
20241030;101939;585.51;16;2016517536660589947;B
20241030;101943;585.51;1;2016517536660589949;S
20241030;101956;585.52;2;2016517536660589953;B
20241030;101956;585.52;1;2016517536660589954;B
20241030;101956;585.52;20;2016517536660589955;B
20241030;101956;585.52;2;2016517536660589956;B
20241030;101956;585.53;1;2016517536660589957;B
20241030;101956;585.53;2;2016517536660589958;B
20241030;101956;585.53;2;2016517536660589959;B
20241030;101956;585.54;2;2016517536660589960;B
20241030;101956;585.54;1;2016517536660589961;B
20241030;101956;585.54;2;2016517536660589962;B
20241030;101956;585.54;2;2016517536660589963;B
20241030;101956;585.55;5;2016517536660589964;B
20241030;101956;585.55;2;2016517536660589965;B
20241030;101956;585.55;2;2016517536660589966;B
20241030;101956;585.55;2;2016517536660589967;B
20241030;101956;585.55;2;2016517536660589968;B
20241030;102013;585.56;1;2016517536660589969;S
20241030;102018;585.59;2;2016517536660589970;B
20241030;102018;585.59;5;2016517536660589971;B
20241030;102018;585.59;2;2016517536660589972;B
20241030;102032;585.59;18;2016517536660589973;B
20241030;102032;585.6;3;2016517536660589974;B
20241030;102032;585.6;1;2016517536660589975;B
20241030;102032;585.6;2;2016517536660589976;B
20241030;102032;585.61;1;2016517536660589977;B
20241030;102032;585.62;2;2016517536660589978;B
20241030;102032;585.62;1;2016517536660589979;B
20241030;102032;585.62;2;2016517536660589980;B
20241030;102032;585.63;15;2016517536660589981;B
20241030;102032;585.63;2;2016517536660589982;B
20241030;102032;585.64;1;2016517536660589983;B
20241030;102032;585.64;5;2016517536660589984;B
20241030;102032;585.64;2;2016517536660589985;B
20241030;102032;585.65;2;2016517536660589986;B
20241030;102032;585.66;2;2016517536660589987;B
20241030;102032;585.66;2;2016517536660589988;B
20241030;102032;585.66;1;2016517536660589989;B
20241030;102032;585.67;1;2016517536660589990;B
20241030;102032;585.67;1;2016517536660589991;B
20241030;102032;585.67;2;2016517536660589992;B
20241030;102032;585.67;1;2016517536660589993;B
20241030;102032;585.68;1;2016517536660589994;B
20241030;102032;585.68;2;2016517536660589995;B
20241030;102032;585.68;2;2016517536660589996;B
20241030;102032;585.68;1;2016517536660589997;B
20241030;102032;585.69;25;2016517536660589998;B
20241030;102032;585.69;1;2016517536660589999;B
20241030;102032;585.69;2;2016517536660590000;B
20241030;102032;585.69;1;2016517536660590001;B
20241030;102032;585.7;1;2016517536660590002;B
20241030;102032;585.7;10;2016517536660590003;B
20241030;102032;585.7;2;2016517536660590004;B
20241030;102032;585.7;1;2016517536660590005;B
20241030;102032;585.71;1;2016517536660590006;B
20241030;102032;585.71;2;2016517536660590007;B
20241030;102032;585.72;1;2016517536660590008;B
20241030;102032;585.73;1;2016517536660590009;B
20241030;102032;585.74;1;2016517536660590010;B
20241030;102032;585.75;1;2016517536660590011;B
20241030;102032;585.75;1;2016517536660590016;B
20241030;102032;585.76;10;2016517536660590017;B
20241030;102032;585.79;1;2016517536660590018;B
20241030;102032;585.79;25;2016517536660590019;B
20241030;102032;585.79;5;2016517536660590020;B
20241030;102032;585.8;4;2016517536660590021;B
20241030;102032;585.8;1;2016517536660590022;B
20241030;102032;585.8;25;2016517536660590023;B
20241030;102032;585.81;25;2016517536660590024;B
20241030;102032;585.82;25;2016517536660590025;B
20241030;102032;585.83;5;2016517536660590026;B
20241030;102032;585.83;25;2016517536660590027;B
20241030;102032;585.84;25;2016517536660590028;B
20241030;102032;585.85;5;2016517536660590029;B
20241030;102032;585.85;25;2016517536660590030;B
20241030;102032;585.86;25;2016517536660590031;B
20241030;102032;585.87;25;2016517536660590032;B
20241030;102032;585.88;25;2016517536660590033;B
20241030;102032;585.89;9;2016517536660590034;B
20241030;102032;585.89;5;2016517536660590035;B
20241030;102032;585.9;1;2016517536660590036;B
20241030;102032;585.9;3;2016517536660590037;B
20241030;102032;585.9;25;2016517536660590038;B
20241030;102032;585.9;1;2016517536660590039;B
20241030;102032;585.9;1;2016517536660590040;B
20241030;102032;585.92;1;2016517536660590041;B
20241030;102032;585.92;2;2016517536660590042;B
20241030;102032;585.93;1;2016517536660590043;B
20241030;102032;585.93;5;2016517536660590044;B
20241030;102032;585.96;2;2016517536660590045;B
20241030;102032;585.96;1;2016517536660590046;B
20241030;102032;585.97;5;2016517536660590047;B
20241030;102032;585.98;16;2016517536660590048;B
20241030;102032;585.98;10;2016517536660590049;B
20241030;102032;585.98;10;2016517536660590050;B
20241030;102032;585.99;1;2016517536660590051;B
20241030;102032;585.99;1;2016517536660590052;B
20241030;102032;585.99;300;2016517536660590053;B
20241030;102032;586;1;2016517536660590054;B
20241030;102032;586;2;2016517536660590055;B
20241030;102032;586;1;2016517536660590056;B
20241030;102032;586;15;2016517536660590057;B
20241030;102032;586;1;2016517536660590058;B
20241030;102032;586;3;2016517536660590059;B
20241030;102032;586;1;2016517536660590060;B
20241030;102032;586;1;2016517536660590061;B
20241030;102032;586;4;2016517536660590062;B
20241030;102032;586;1;2016517536660590063;B
20241030;102032;586;1;2016517536660590064;B
20241030;102032;586.01;1;2016517536660590065;B
20241030;102032;586.05;2;2016517536660590066;B
20241030;102032;586.05;2;2016517536660590067;B
20241030;102032;586.07;1;2016517536660590068;B
20241030;102032;586.07;1;2016517536660590069;B
20241030;102032;586.11;2;2016517536660590070;B
20241030;102032;586.12;5;2016517536660590071;B
20241030;102032;586.12;4;2016517536660590072;B
20241030;102032;586.19;5;2016517536660590073;B
20241030;102032;586.2;3;2016517536660590074;B
20241030;102032;586.2;2;2016517536660590075;B
20241030;102032;586.21;2;2016517536660590076;B
20241030;102032;586.27;100;2016517536660590077;B
20241030;102032;586.29;5;2016517536660590078;B
20241030;102032;586.29;2;2016517536660590079;B
20241030;102032;586.29;2;2016517536660590080;B
20241030;102032;586.32;1;2016517536660590081;B
20241030;102032;586.33;10;2016517536660590082;B
20241030;102032;586.33;1;2016517536660590083;B
20241030;102032;586.35;1;2016517536660590084;B
20241030;102032;586.39;1;2016517536660590085;B
20241030;102032;586.4;1;2016517536660590086;B
20241030;102032;586.42;2;2016517536660590087;B
20241030;102032;586.5;1;2016517536660590088;B
20241030;102032;586.5;1;2016517536660590089;B
20241030;102032;586.53;2;2016517536660590090;B
20241030;102032;586.55;1;2016517536660590091;B
20241030;102032;586.56;59;2016517536660590092;B
20241030;102032;585.74;12;2016517536660590093;B
20241030;102032;585.64;1;2016517536660590094;S
20241030;102032;585.73;2;2016517536660590095;B
20241030;102032;585.73;6;2016517536660590096;B
20241030;102032;585.73;3;2016517536660590097;B
20241030;102032;585.73;2;2016517536660590098;B
20241030;102032;585.73;1;2016517536660590099;B
20241030;102032;585.73;1;2016517536660590100;B
20241030;102032;585.73;1;2016517536660590101;B
20241030;102032;585.73;1;2016517536660590102;B
20241030;102033;585.73;2;2016517536660590103;B
20241030;102033;585.74;3;2016517536660590104;B
20241030;102033;585.74;4;2016517536660590105;B
20241030;102033;585.74;6;2016517536660590106;B
20241030;102033;585.74;2;2016517536660590107;B
20241030;102033;585.71;2;2016517536660590108;S
20241030;102033;585.71;15;2016517536660590109;S
20241030;102033;585.74;25;2016517536660590110;B
20241030;102033;585.76;19;2016517536660590111;B
20241030;102033;585.76;1;2016517536660590112;B
20241030;102033;585.7;5;2016517536660590113;B
20241030;102033;585.74;5;2016517536660590114;B
20241030;102033;585.74;15;2016517536660590115;B
20241030;102033;585.74;1;2016517536660590116;B
20241030;102033;585.67;1;2016517536660590117;S
20241030;102033;585.69;1;2016517536660590118;S
20241030;102033;585.69;1;2016517536660590119;S
20241030;102033;585.74;1;2016517536660590120;B
20241030;102033;585.74;3;2016517536660590121;B
20241030;102033;585.76;2;2016517536660590122;B
20241030;102033;585.77;2;2016517536660590123;B
20241030;102033;585.78;2;2016517536660590124;B
20241030;102033;585.79;1;2016517536660590125;B
20241030;102033;585.74;9;2016517536660590130;B
20241030;102033;585.7;1;2016517536660590131;S
20241030;102033;585.69;2;2016517536660590132;S
20241030;102033;585.69;2;2016517536660590133;S
20241030;102033;585.78;2;2016517536660590134;B
20241030;102033;585.78;1;2016517536660590135;B
20241030;102033;585.78;3;2016517536660590136;B
20241030;102033;585.72;3;2016517536660590137;B
20241030;102033;585.78;1;2016517536660590138;B
20241030;102033;585.79;2;2016517536660590139;B
20241030;102033;585.79;20;2016517536660590140;B
20241030;102033;585.8;2;2016517536660590141;B
20241030;102033;585.8;25;2016517536660590142;B
20241030;102033;585.81;1;2016517536660590143;B
20241030;102033;585.81;3;2016517536660590144;B
20241030;102033;585.8;10;2016517536660590145;B
20241030;102033;585.8;1;2016517536660590146;B
20241030;102033;585.8;2;2016517536660590147;B
20241030;102033;585.8;12;2016517536660590148;B
20241030;102033;585.8;10;2016517536660590149;B
20241030;102033;585.81;17;2016517536660590150;B
20241030;102033;585.81;2;2016517536660590151;B
20241030;102033;585.82;2;2016517536660590152;B
20241030;102033;585.83;2;2016517536660590153;B
20241030;102033;585.84;2;2016517536660590154;B
20241030;102033;585.84;2;2016517536660590155;B
20241030;102033;585.85;2;2016517536660590156;B
20241030;102033;585.85;2;2016517536660590157;B
20241030;102033;585.85;150;2016517536660590158;B
20241030;102033;585.86;2;2016517536660590159;B
20241030;102033;585.86;2;2016517536660590160;B
20241030;102033;585.87;2;2016517536660590161;B
20241030;102033;585.87;2;2016517536660590162;B
20241030;102033;585.88;2;2016517536660590163;B
20241030;102033;585.89;2;2016517536660590164;B
20241030;102033;585.9;2;2016517536660590165;B
20241030;102033;585.95;2;2016517536660590166;B
20241030;102033;585.96;2;2016517536660590167;B
20241030;102033;585.97;1;2016517536660590168;B
20241030;102033;585.97;2;2016517536660590169;B
20241030;102033;585.98;2;2016517536660590170;B
20241030;102033;585.99;2;2016517536660590171;B
20241030;102033;586;1;2016517536660590172;B
20241030;102033;586;2;2016517536660590173;B
20241030;102033;586.04;2;2016517536660590174;B
20241030;102033;586.05;1;2016517536660590175;B
20241030;102033;586.17;66;2016517536660590176;B
20241030;102033;585.84;2;2016517536660590177;B
20241030;102033;585.76;2;2016517536660590179;S
20241030;102033;585.76;23;2016517536660590183;S
20241030;102033;585.76;2;2016517536660590184;S
20241030;102033;585.76;1;2016517536660590185;S
20241030;102033;585.75;1;2016517536660590186;S
20241030;102033;585.75;2;2016517536660590187;S
20241030;102033;585.75;2;2016517536660590188;S
20241030;102033;585.75;19;2016517536660590189;S
20241030;102033;585.76;4;2016517536660590190;S
20241030;102033;585.83;2;2016517536660590191;B
20241030;102033;585.84;8;2016517536660590192;B
20241030;102033;585.84;15;2016517536660590193;B
20241030;102033;585.76;1;2016517536660590194;S
20241030;102033;585.76;2;2016517536660590195;S
20241030;102033;585.76;2;2016517536660590196;S
20241030;102033;585.84;2;2016517536660590197;B
20241030;102034;585.84;10;2016517536660590198;B
20241030;102034;585.84;13;2016517536660590199;B
20241030;102034;585.84;7;2016517536660590200;B
20241030;102034;585.84;3;2016517536660590201;B
20241030;102034;585.85;1;2016517536660590202;B
20241030;102034;585.85;2;2016517536660590203;B
20241030;102034;585.76;10;2016517536660590204;S
20241030;102034;585.85;3;2016517536660590205;B
20241030;102034;585.85;6;2016517536660590206;B
20241030;102034;585.85;1;2016517536660590207;B
20241030;102041;585.8;2;2016517536660590208;S
20241030;102041;585.8;25;2016517536660590209;S
20241030;102041;585.8;1;2016517536660590210;S
20241030;102054;585.76;1;2016517536660590211;S
20241030;102105;585.78;1;2016517536660590212;B
20241030;102105;585.79;9;2016517536660590213;B
20241030;102109;585.76;1;2016517536660590214;S
20241030;102111;585.79;1;2016517536660590215;B
20241030;102131;585.77;2;2016517536660590216;B
20241030;102131;585.77;2;2016517536660590217;B
20241030;102131;585.78;33;2016517536660590218;B
20241030;102132;585.76;1;2016517536660590220;S
20241030;102132;585.76;16;2016517536660590224;S
20241030;102140;585.75;1;2016517536660590225;S
20241030;102140;585.75;1;2016517536660590226;S
20241030;102142;585.75;1;2016517536660590227;S
20241030;102142;585.75;59;2016517536660590228;S
20241030;102142;585.75;25;2016517536660590229;S
20241030;102152;585.74;1;2016517536660590230;S
20241030;102157;585.74;9;2016517536660590231;S
20241030;102211;585.7;1;2016517536660590232;S
20241030;102211;585.7;2;2016517536660590233;S
20241030;102211;585.69;1;2016517536660590234;S
20241030;102211;585.69;1;2016517536660590239;S
20241030;102211;585.69;1;2016517536660590244;S
20241030;102211;585.69;1;2016517536660590245;S
20241030;102211;585.69;2;2016517536660590246;S
20241030;102240;585.68;1;2016517536660590247;S
20241030;102245;585.69;6;2016517536660590248;B
20241030;102245;585.81;2;2016517536660590249;B
20241030;102245;585.81;2;2016517536660590250;B
20241030;102245;585.82;2;2016517536660590251;B
20241030;102245;585.82;3;2016517536660590252;B
20241030;102245;585.82;2;2016517536660590253;B
20241030;102245;585.83;2;2016517536660590254;B
20241030;102245;585.83;3;2016517536660590255;B
20241030;102245;585.83;2;2016517536660590256;B
20241030;102245;585.84;2;2016517536660590257;B
20241030;102245;585.84;2;2016517536660590258;B
20241030;102245;585.84;2;2016517536660590259;B
20241030;102245;585.85;2;2016517536660590260;B
20241030;102245;585.85;2;2016517536660590261;B
20241030;102245;585.85;2;2016517536660590262;B
20241030;102245;585.86;2;2016517536660590263;B
20241030;102245;585.86;2;2016517536660590264;B
20241030;102245;585.86;2;2016517536660590265;B
20241030;102245;585.87;2;2016517536660590266;B
20241030;102245;585.87;2;2016517536660590267;B
20241030;102245;585.87;2;2016517536660590268;B
20241030;102245;585.88;2;2016517536660590269;B
20241030;102312;585.64;2;2016517536660590270;S
20241030;102312;585.64;1;2016517536660590271;S
20241030;102312;585.64;2;2016517536660590272;S
20241030;102312;585.64;25;2016517536660590273;S
20241030;102312;585.64;16;2016517536660590274;S
20241030;102312;585.64;4;2016517536660590275;S
20241030;102321;585.65;1;2016517536660590277;S
20241030;102400;585.64;2;2016517536660590281;S
20241030;102400;585.63;5;2016517536660590282;S
20241030;102401;585.57;2;2016517536660590283;S
20241030;102401;585.56;2;2016517536660590284;S
20241030;102401;585.56;1;2016517536660590285;S
20241030;102403;585.57;2;2016517536660590286;S
20241030;102403;585.56;3;2016517536660590287;S
20241030;102411;585.6;1;2016517536660590288;S
20241030;102411;585.6;1;2016517536660590289;S
20241030;102411;585.6;1;2016517536660590290;S
20241030;102414;585.6;8;2016517536660590291;S
20241030;102422;585.63;2;2016517536660590292;B
20241030;102422;585.63;1;2016517536660590293;B
20241030;102422;585.63;1;2016517536660590294;B
20241030;102437;585.63;26;2016517536660590295;S
20241030;102447;585.61;2;2016517536660590296;S
20241030;102447;585.61;2;2016517536660590297;S
20241030;102447;585.6;39;2016517536660590298;S
20241030;102447;585.6;2;2016517536660590299;S
20241030;102509;585.57;2;2016517536660590301;S
20241030;102509;585.56;3;2016517536660590302;S
20241030;102527;585.56;2;2016517536660590303;S
20241030;102544;585.58;1;2016517536660590304;B
20241030;102544;585.59;2;2016517536660590305;B
20241030;102544;585.59;2;2016517536660590306;B
20241030;102544;585.6;147;2016517536660590307;B
20241030;102548;585.57;2;2016517536660590308;S
20241030;102548;585.57;3;2016517536660590309;S
20241030;102550;585.58;3;2016517536660590310;B
20241030;102611;585.57;1;2016517536660590311;S
20241030;102611;585.57;2;2016517536660590312;S
20241030;102617;585.57;1;2016517536660590313;S
20241030;102619;585.57;1;2016517536660590314;S
20241030;102619;585.56;1;2016517536660590315;S
20241030;102619;585.56;1;2016517536660590316;S
20241030;102619;585.56;7;2016517536660590317;S
20241030;102620;585.58;7;2016517536660590318;B
20241030;102620;585.58;10;2016517536660590319;B
20241030;102705;585.58;3;2016517536660590320;S
20241030;102705;585.58;2;2016517536660590321;S
20241030;102708;585.58;1;2016517536660590322;S
20241030;102714;585.58;5;2016517536660590323;S
20241030;102716;585.59;20;2016517536660590324;B
20241030;102743;585.6;5;2016517536660590325;B
20241030;102755;585.59;1;2016517536660590327;S
20241030;102811;585.59;1;2016517536660590331;S
20241030;102811;585.59;1;2016517536660590332;S
20241030;102811;585.59;2;2016517536660590333;S
20241030;102811;585.59;5;2016517536660590334;S
20241030;102820;585.6;3;2016517536660590335;B
20241030;102820;585.6;9;2016517536660590336;B
20241030;102826;585.6;1;2016517536660590337;B
20241030;102829;585.66;1;2016517536660590338;B
20241030;102903;585.66;1;2016517536660590339;B
20241030;102912;585.68;2;2016517536660590340;B
20241030;102912;585.68;1;2016517536660590341;B
20241030;102912;585.68;1;2016517536660590342;B
20241030;102926;585.68;1;2016517536660590343;B
20241030;102926;585.68;2;2016517536660590344;B
20241030;102926;585.68;1;2016517536660590345;B
20241030;102926;585.68;6;2016517536660590346;B
20241030;103001;585.66;1;2016517536660590347;S
20241030;103035;585.66;1;2016517536660590348;B
20241030;103056;585.61;1;2016517536660590350;S
20241030;103151;585.58;1;2016517536660590351;S
20241030;103151;585.58;2;2016517536660590352;S
20241030;103151;585.58;2;2016517536660590353;S
20241030;103219;585.58;1;2016517536660590354;S
20241030;103240;585.63;1;2016517536660590355;B
20241030;103240;585.68;1;2016517536660590356;B
20241030;103240;585.69;1;2016517536660590357;B
20241030;103322;585.6;1;2016517536660590359;S
20241030;103329;585.68;1;2016517536660590360;B
20241030;103329;585.68;2;2016517536660590361;B
20241030;103329;585.69;2;2016517536660590362;B
20241030;103336;585.68;2;2016517536660590364;B
20241030;103336;585.69;8;2016517536660590365;B
20241030;103341;585.6;1;2016517536660590366;S
20241030;103358;585.57;2;2016517536660590368;S
20241030;103358;585.57;2;2016517536660590369;S
20241030;103358;585.56;1;2016517536660590370;S
20241030;103358;585.56;2;2016517536660590371;S
20241030;103358;585.56;1;2016517536660590372;S
20241030;103358;585.56;2;2016517536660590373;S
20241030;103358;585.56;2;2016517536660590374;S
20241030;103358;585.55;38;2016517536660590375;S
20241030;103359;585.65;1;2016517536660590376;B
20241030;103407;585.56;2;2016517536660590377;S
20241030;103407;585.56;2;2016517536660590378;S
20241030;103407;585.56;1;2016517536660590379;S
20241030;103407;585.56;3;2016517536660590380;S
20241030;103407;585.55;12;2016517536660590381;S
20241030;103419;585.67;1;2016517536660590382;B
20241030;103455;585.62;1;2016517536660590384;S
20241030;103513;585.55;9;2016517536660590385;S
20241030;103513;585.55;2;2016517536660590386;S
20241030;103513;585.55;2;2016517536660590387;S
20241030;103513;585.55;1;2016517536660590388;S
20241030;103513;585.54;1;2016517536660590389;S
20241030;103513;585.54;1;2016517536660590390;S
20241030;103513;585.54;2;2016517536660590391;S
20241030;103513;585.54;2;2016517536660590392;S
20241030;103513;585.54;2;2016517536660590393;S
20241030;103513;585.53;2;2016517536660590394;S
20241030;103513;585.53;1;2016517536660590395;S
20241030;103513;585.53;2;2016517536660590396;S
20241030;103513;585.53;2;2016517536660590397;S
20241030;103513;585.52;2;2016517536660590398;S
20241030;103513;585.52;2;2016517536660590399;S
20241030;103513;585.52;1;2016517536660590400;S
20241030;103513;585.52;2;2016517536660590401;S
20241030;103513;585.51;2;2016517536660590402;S
20241030;103513;585.51;1;2016517536660590403;S
20241030;103513;585.51;2;2016517536660590404;S
20241030;103513;585.51;2;2016517536660590405;S
20241030;103513;585.5;5;2016517536660590406;S
20241030;103513;585.5;2;2016517536660590407;S
20241030;103559;585.64;1;2016517536660590408;S
20241030;103559;585.65;1;2016517536660590409;S
20241030;103652;585.67;1;2016517536660590410;B
20241030;103652;585.67;2;2016517536660590411;B
20241030;103652;585.67;1;2016517536660590412;B
20241030;103652;585.67;2;2016517536660590413;B
20241030;103652;585.68;2;2016517536660590414;B
20241030;103652;585.68;2;2016517536660590415;B
20241030;103652;585.68;2;2016517536660590416;B
20241030;103652;585.68;1;2016517536660590417;B
20241030;103652;585.68;25;2016517536660590418;B
20241030;103652;585.68;2;2016517536660590419;S
20241030;103711;585.66;1;2016517536660590420;B
20241030;103711;585.66;2;2016517536660590421;B
20241030;103711;585.66;1;2016517536660590422;B
20241030;103711;585.66;2;2016517536660590423;B
20241030;103711;585.67;2;2016517536660590424;B
20241030;103711;585.67;1;2016517536660590425;B
20241030;103711;585.67;2;2016517536660590426;B
20241030;103711;585.68;1;2016517536660590427;B
20241030;103711;585.68;2;2016517536660590428;B
20241030;103711;585.68;2;2016517536660590429;B
20241030;103711;585.68;24;2016517536660590430;S
20241030;103718;585.68;2;2016517536660590431;B
20241030;103808;585.55;1;2016517536660590432;S
20241030;103850;585.68;1;2016517536660590433;B
20241030;103850;585.68;2;2016517536660590434;B
20241030;103850;585.69;14;2016517536660590435;B
20241030;103850;585.69;1;2016517536660590436;B
20241030;103850;585.69;2;2016517536660590437;B
20241030;103850;585.69;11;2016517536660590438;S
20241030;103915;585.69;4;2016517536660590439;S
20241030;103920;585.7;1;2016517536660590440;B
20241030;103920;585.7;1;2016517536660590441;B
20241030;103922;585.7;1;2016517536660590442;B
20241030;103922;585.7;2;2016517536660590443;B
20241030;103922;585.7;1;2016517536660590444;B
20241030;103922;585.7;25;2016517536660590445;B
20241030;103922;585.7;2;2016517536660590446;B
20241030;103922;585.7;9;2016517536660590447;B
20241030;103923;585.69;3;2016517536660590448;S
20241030;103936;585.69;2;2016517536660590449;S
20241030;103950;585.51;1;2016517536660590450;S
20241030;103957;585.59;1;2016517536660590451;B
20241030;104014;585.62;1;2016517536660590452;B
20241030;104019;585.5;1;2016517536660590453;S
20241030;104040;585.59;2;2016517536660590454;B
20241030;104040;585.59;2;2016517536660590455;B
20241030;104040;585.59;14;2016517536660590456;B
20241030;104040;585.59;11;2016517536660590457;B
20241030;104040;585.59;6;2016517536660590458;B
20241030;104040;585.59;1;2016517536660590459;B
20241030;104058;585.51;2;2016517536660590460;S
20241030;104058;585.51;2;2016517536660590461;S
20241030;104058;585.51;1;2016517536660590462;S
20241030;104102;585.57;2;2016517536660590463;B
20241030;104102;585.58;6;2016517536660590464;B
20241030;104102;585.58;2;2016517536660590465;B
20241030;104102;585.59;2;2016517536660590466;B
20241030;104102;585.6;2;2016517536660590467;B
20241030;104102;585.61;2;2016517536660590468;B
20241030;104102;585.61;2;2016517536660590469;B
20241030;104102;585.62;2;2016517536660590470;B
20241030;104102;585.51;1;2016517536660590471;S
20241030;104102;585.59;1;2016517536660590472;B
20241030;104102;585.6;1;2016517536660590473;B
20241030;104102;585.6;1;2016517536660590474;B
20241030;104102;585.61;1;2016517536660590475;B
20241030;104102;585.62;2;2016517536660590476;B
20241030;104102;585.62;1;2016517536660590477;B
20241030;104102;585.62;13;2016517536660590478;B
20241030;104138;585.62;1;2016517536660590479;B
20241030;104149;585.5;1;2016517536660590480;S
20241030;104226;585.5;6;2016517536660590481;S
20241030;104226;585.45;1;2016517536660590482;S
20241030;104226;585.45;2;2016517536660590483;S
20241030;104226;585.44;2;2016517536660590484;S
20241030;104226;585.43;2;2016517536660590485;S
20241030;104226;585.42;2;2016517536660590486;S
20241030;104230;585.41;2;2016517536660590487;S
20241030;104240;585.52;1;2016517536660590488;B
20241030;104240;585.53;2;2016517536660590489;B
20241030;104240;585.54;2;2016517536660590490;B
20241030;104307;585.52;1;2016517536660590491;B
20241030;104328;585.43;1;2016517536660590492;S
20241030;104336;585.43;2;2016517536660590493;B
20241030;104341;585.43;2;2016517536660590494;B
20241030;104404;585.57;2;2016517536660590495;B
20241030;104418;585.58;1;2016517536660590496;B
20241030;104427;585.51;2;2016517536660590497;S
20241030;104427;585.51;1;2016517536660590498;S
20241030;104427;585.51;1;2016517536660590499;S
20241030;104427;585.51;2;2016517536660590500;S
20241030;104427;585.5;4;2016517536660590501;S
20241030;104430;585.51;2;2016517536660590502;S
20241030;104430;585.51;2;2016517536660590503;S
20241030;104430;585.5;6;2016517536660590504;S
20241030;104445;585.51;2;2016517536660590505;S
20241030;104450;585.57;2;2016517536660590506;B
20241030;104450;585.58;98;2016517536660590507;B
20241030;104455;585.52;1;2016517536660590508;S
20241030;104459;585.52;1;2016517536660590509;S
20241030;104523;585.52;1;2016517536660590510;S
20241030;104529;585.52;1;2016517536660590511;S
20241030;104529;585.52;1;2016517536660590512;S
20241030;104529;585.51;2;2016517536660590513;S
20241030;104529;585.51;2;2016517536660590514;S
20241030;104548;585.57;2;2016517536660590515;B
20241030;104548;585.57;2;2016517536660590516;B
20241030;104548;585.58;1;2016517536660590517;B
20241030;104548;585.58;2;2016517536660590518;B
20241030;104548;585.58;2;2016517536660590519;B
20241030;104617;585.59;2;2016517536660590520;B
20241030;104617;585.59;2;2016517536660590521;B
20241030;104617;585.6;44;2016517536660590522;B
20241030;104621;585.52;1;2016517536660590524;S
20241030;104623;585.58;5;2016517536660590528;B
20241030;104623;585.59;2;2016517536660590529;B
20241030;104623;585.6;2;2016517536660590530;B
20241030;104623;585.6;11;2016517536660590531;B
20241030;104657;585.59;1;2016517536660590532;B
20241030;104717;585.52;1;2016517536660590533;S
20241030;104733;585.51;1;2016517536660590534;S
20241030;104816;585.62;1;2016517536660590535;B
20241030;105048;585.67;1;2016517536660590538;B
20241030;105048;585.65;1;2016517536660590539;S
20241030;105119;585.66;1;2016517536660590540;B
20241030;105126;585.63;1;2016517536660590541;S
20241030;105126;585.62;1;2016517536660590546;S
20241030;105126;585.62;6;2016517536660590551;S
20241030;105126;585.62;1;2016517536660590556;S
20241030;105126;585.54;1;2016517536660590561;S
20241030;105308;585.6;1;2016517536660590562;S
20241030;105308;585.6;2;2016517536660590563;S
20241030;105308;585.57;2;2016517536660590564;S
20241030;105308;585.55;4;2016517536660590569;S
20241030;105308;585.54;1;2016517536660590574;S
20241030;105308;585.54;1;2016517536660590579;S
20241030;105327;585.54;1;2016517536660590584;S
20241030;105328;585.54;1;2016517536660590589;S
20241030;105334;585.54;1;2016517536660590594;B
20241030;105334;585.54;1;2016517536660590595;B
20241030;105334;585.54;1;2016517536660590596;B
20241030;105334;585.54;1;2016517536660590597;B
20241030;105334;585.55;1;2016517536660590598;B
20241030;105404;585.51;1;2016517536660590599;S
20241030;105404;585.5;40;2016517536660590600;S
20241030;105411;585.44;1;2016517536660590601;S
20241030;105411;585.43;1;2016517536660590606;S
20241030;105412;585.43;1;2016517536660590611;S
20241030;105417;585.42;1;2016517536660590616;S
20241030;105428;585.42;1;2016517536660590621;S
20241030;105436;585.42;1;2016517536660590626;S
20241030;105436;585.42;1;2016517536660590631;S
20241030;105436;585.42;2;2016517536660590636;S
20241030;105436;585.42;2;2016517536660590637;S
20241030;105436;585.42;3;2016517536660590638;S
20241030;105436;585.42;1;2016517536660590639;S
20241030;105531;585.54;1;2016517536660590640;B
20241030;105626;585.54;1;2016517536660590641;B
20241030;105653;585.54;7;2016517536660590642;B
20241030;105716;585.55;2;2016517536660590643;S
20241030;105731;585.58;1;2016517536660590644;B
20241030;105752;585.55;1;2016517536660590649;S
20241030;105754;585.54;1;2016517536660590654;S
20241030;105820;585.54;3;2016517536660590655;S
20241030;105838;585.54;2;2016517536660590657;S
20241030;105844;585.48;2;2016517536660590658;B
20241030;105844;585.48;1;2016517536660590659;B
20241030;105844;585.48;1;2016517536660590660;B
20241030;105844;585.49;2;2016517536660590661;B
20241030;105844;585.49;1;2016517536660590662;B
20241030;105844;585.5;3;2016517536660590663;B
20241030;105846;585.5;2;2016517536660590664;B
20241030;110058;585.48;1;2016517536660590666;S
20241030;110100;585.54;4;2016517536660590667;B
20241030;110101;585.59;25;2016517536660590668;B
20241030;110102;585.6;1;2016517536660590669;S
20241030;110124;585.62;5;2016517536660590670;S
20241030;110129;585.66;1;2016517536660590671;B
20241030;110129;585.67;1;2016517536660590672;B
20241030;110129;585.67;1;2016517536660590673;B
20241030;110136;585.67;1;2016517536660590674;B
20241030;110136;585.67;2;2016517536660590675;B
20241030;110157;585.59;17;2016517536660590676;S
20241030;110213;585.62;4;2016517536660590677;B
20241030;110213;585.62;1;2016517536660590678;B
20241030;110230;585.63;2;2016517536660590679;S
20241030;110245;585.63;4;2016517536660590680;S
20241030;110248;585.63;3;2016517536660590681;S
20241030;110447;585.73;2;2016517536660590682;S
20241030;110447;585.73;3;2016517536660590683;S
20241030;110447;585.76;1;2016517536660590684;B
20241030;110524;585.77;25;2016517536660590685;S
20241030;110524;585.76;25;2016517536660590686;S
20241030;110524;585.76;1;2016517536660590687;S
20241030;110524;585.75;25;2016517536660590688;S
20241030;110527;585.74;1;2016517536660590689;S
20241030;110527;585.72;10;2016517536660590690;S
20241030;110542;585.67;1;2016517536660590691;S
20241030;110543;585.77;2;2016517536660590692;B
20241030;110553;585.64;2;2016517536660590693;S
20241030;110604;585.63;2;2016517536660590694;S
20241030;110604;585.63;2;2016517536660590695;S
20241030;110604;585.63;1;2016517536660590696;S
20241030;110604;585.62;1;2016517536660590697;S
20241030;110647;585.63;4;2016517536660590698;S
20241030;110701;585.63;1;2016517536660590699;S
20241030;110701;585.63;2;2016517536660590704;B
20241030;110701;585.63;1;2016517536660590705;B
20241030;110701;585.63;2;2016517536660590706;B
20241030;110703;585.62;4;2016517536660590707;S
20241030;110703;585.62;2;2016517536660590708;S
20241030;110703;585.6;2;2016517536660590713;S
20241030;110703;585.6;1;2016517536660590718;S
20241030;110703;585.6;50;2016517536660590723;S
20241030;110703;585.59;1;2016517536660590724;S
20241030;110703;585.59;1;2016517536660590729;S
20241030;110707;585.58;2;2016517536660590735;S
20241030;110707;585.58;2;2016517536660590740;S
20241030;110709;585.5;5;2016517536660590745;S
20241030;110716;585.58;2;2016517536660590746;B
20241030;110716;585.58;1;2016517536660590747;B
20241030;110800;585.56;1;2016517536660590748;B
20241030;110800;585.57;2;2016517536660590749;B
20241030;110800;585.58;2;2016517536660590750;B
20241030;110804;585.58;1;2016517536660590751;S
20241030;110815;585.53;1;2016517536660590752;B
20241030;110844;585.55;2;2016517536660590753;S
20241030;110855;585.57;2;2016517536660590756;B
20241030;110855;585.57;1;2016517536660590761;B
20241030;110900;585.56;2;2016517536660590765;S
20241030;110900;585.56;1;2016517536660590770;S
20241030;110900;585.56;1;2016517536660590775;S
20241030;110900;585.56;1;2016517536660590784;B
20241030;110902;585.55;1;2016517536660590785;S
20241030;110918;585.48;1;2016517536660590790;S
20241030;110919;585.46;1;2016517536660590795;S
20241030;110924;585.44;1;2016517536660590800;S
20241030;110924;585.44;1;2016517536660590805;S
20241030;110924;585.43;1;2016517536660590810;S
20241030;110924;585.42;1;2016517536660590815;S
20241030;110924;585.42;1;2016517536660590816;S
20241030;110927;585.41;1;2016517536660590817;S
20241030;110927;585.41;2;2016517536660590818;S
20241030;110938;585.41;1;2016517536660590823;S
20241030;110938;585.4;2;2016517536660590828;S
20241030;110958;585.4;2;2016517536660590829;S
20241030;110958;585.4;2;2016517536660590830;S
20241030;110958;585.4;4;2016517536660590835;S
20241030;110959;585.34;2;2016517536660590836;S
20241030;111007;585.35;1;2016517536660590839;S
20241030;111007;585.34;18;2016517536660590840;S
20241030;111007;585.34;2;2016517536660590841;S
20241030;111009;585.32;4;2016517536660590842;B
20241030;111020;585.24;1;2016517536660590843;S
20241030;111020;585.24;4;2016517536660590848;S
20241030;111140;585.28;1;2016517536660590849;B
20241030;111147;585.28;8;2016517536660590850;B
20241030;111204;585.23;2;2016517536660590851;S
20241030;111204;585.23;1;2016517536660590852;S
20241030;111204;585.28;2;2016517536660590853;B
20241030;111204;585.31;1;2016517536660590854;B
20241030;111205;585.39;25;2016517536660590859;B
20241030;111220;585.48;2;2016517536660590860;B
20241030;111220;585.48;2;2016517536660590861;B
20241030;111220;585.49;2;2016517536660590862;B
20241030;111233;585.54;25;2016517536660590863;B
20241030;111244;585.6;1;2016517536660590864;S
20241030;111325;585.52;2;2016517536660590865;B
20241030;111325;585.52;2;2016517536660590866;B
20241030;111339;585.43;1;2016517536660590867;B
20241030;111344;585.47;1;2016517536660590868;B
20241030;111344;585.47;1;2016517536660590869;B
20241030;111344;585.47;1;2016517536660590870;B
20241030;111514;585.49;2;2016517536660590871;S
20241030;111623;585.54;8;2016517536660590872;B
20241030;111639;585.54;2;2016517536660590873;B
20241030;111727;585.54;1;2016517536660590874;B
20241030;111728;585.7;1;2016517536660590875;B
20241030;111731;585.71;2;2016517536660590876;B
20241030;111731;585.71;6;2016517536660590877;B
20241030;111731;585.71;17;2016517536660590878;B
20241030;111752;585.74;2;2016517536660590879;B
20241030;111752;585.74;3;2016517536660590880;B
20241030;111755;585.7;1;2016517536660590881;S
20241030;111801;585.75;1;2016517536660590882;B
20241030;111853;585.69;17;2016517536660590883;B
20241030;111859;585.67;1;2016517536660590884;B
20241030;111903;585.59;1;2016517536660590885;S
20241030;111903;585.59;2;2016517536660590886;S
20241030;111903;585.58;2;2016517536660590887;S
20241030;111955;585.69;2;2016517536660590889;B
20241030;111955;585.69;2;2016517536660590890;B
20241030;111955;585.69;4;2016517536660590891;B
20241030;111955;585.69;4;2016517536660590892;B
20241030;112112;585.71;2;2016517536660590893;B
20241030;112152;585.72;1;2016517536660590894;B
20241030;112203;585.77;1;2016517536660590895;B
20241030;112203;585.81;1;2016517536660590896;B
20241030;112203;585.82;2;2016517536660590897;B
20241030;112207;585.8;20;2016517536660590898;B
20241030;112212;585.71;1;2016517536660590899;S
20241030;112220;585.82;3;2016517536660590900;B
20241030;112220;585.82;1;2016517536660590901;B
20241030;112232;585.85;1;2016517536660590903;B
20241030;112232;585.86;9;2016517536660590908;B
20241030;112244;585.9;1;2016517536660590913;B
20241030;112244;585.9;4;2016517536660590914;B
20241030;112244;585.91;15;2016517536660590915;B
20241030;112244;585.91;4;2016517536660590916;B
20241030;112252;585.88;5;2016517536660590918;B
20241030;112301;585.86;1;2016517536660590923;S
20241030;112307;585.8;1;2016517536660590924;S
20241030;112310;585.8;2;2016517536660590931;B
20241030;112310;585.8;1;2016517536660590936;B
20241030;112310;585.8;1;2016517536660590941;B
20241030;112310;585.8;1;2016517536660590946;B
20241030;112310;585.8;2;2016517536660590951;B
20241030;112310;585.8;3;2016517536660590956;B
20241030;112313;585.8;3;2016517536660590960;B
20241030;112355;585.8;3;2016517536660590963;B
20241030;112355;585.8;1;2016517536660590968;B
20241030;112423;585.8;1;2016517536660590972;S
20241030;112536;585.84;1;2016517536660590977;B
20241030;112536;585.9;1;2016517536660590978;B
20241030;112536;585.92;22;2016517536660590979;B
20241030;112601;585.91;1;2016517536660590980;B
20241030;112606;585.91;2;2016517536660590981;S
20241030;112644;585.8;1;2016517536660590982;S
20241030;112700;585.8;3;2016517536660590987;S
20241030;112700;585.8;1;2016517536660590992;S
20241030;112700;585.78;1;2016517536660590993;S
20241030;112900;585.79;1;2016517536660590998;B
20241030;112927;585.91;22;2016517536660590999;B
20241030;112939;585.79;1;2016517536660591000;S
20241030;113001;585.9;1;2016517536660591001;B
20241030;113001;585.79;1;2016517536660591002;S
20241030;113112;585.84;1;2016517536660591003;S
20241030;113152;585.89;2;2016517536660591004;B
20241030;113152;585.89;1;2016517536660591005;B
20241030;113152;585.89;25;2016517536660591006;B
20241030;113152;585.89;2;2016517536660591007;B
20241030;113152;585.9;1;2016517536660591008;B
20241030;113152;585.9;2;2016517536660591009;B
20241030;113152;585.9;1;2016517536660591010;B
20241030;113152;585.9;25;2016517536660591011;B
20241030;113320;585.87;25;2016517536660591013;B
20241030;113320;585.87;2;2016517536660591014;B
20241030;113320;585.88;25;2016517536660591015;B
20241030;113320;585.88;7;2016517536660591016;B
20241030;113352;585.76;1;2016517536660591017;S
20241030;113352;585.76;2;2016517536660591018;S
20241030;113352;585.71;1;2016517536660591023;S
20241030;113352;585.69;1;2016517536660591028;S
20241030;113437;585.8;1;2016517536660591033;B
20241030;113446;585.69;1;2016517536660591034;S
20241030;113517;585.79;1;2016517536660591037;S
20241030;113517;585.87;2;2016517536660591041;B
20241030;113517;585.9;1;2016517536660591042;B
20241030;113517;585.92;1;2016517536660591043;B
20241030;113601;585.93;1;2016517536660591046;B
20241030;113622;585.87;1;2016517536660591047;S
20241030;113837;585.85;3;2016517536660591048;B
20241030;113837;585.88;1;2016517536660591049;B
20241030;113837;585.89;1;2016517536660591050;B
20241030;113838;585.89;1;2016517536660591051;B
20241030;113838;585.92;4;2016517536660591056;B
20241030;113838;585.86;1;2016517536660591058;S
20241030;113839;585.84;1;2016517536660591063;B
20241030;113906;585.74;1;2016517536660591064;S
20241030;113906;585.74;1;2016517536660591069;S
20241030;113906;585.73;1;2016517536660591074;S
20241030;113906;585.71;2;2016517536660591079;S
20241030;113937;585.8;2;2016517536660591081;B
20241030;113937;585.8;3;2016517536660591082;B
20241030;113955;585.78;2;2016517536660591083;B
20241030;113955;585.78;3;2016517536660591084;B
20241030;114011;585.75;5;2016517536660591085;B
20241030;114028;585.69;1;2016517536660591086;S
20241030;114046;585.61;3;2016517536660591091;S
20241030;114056;585.63;1;2016517536660591092;B
20241030;114125;585.53;1;2016517536660591093;B
20241030;114125;585.53;1;2016517536660591094;B
20241030;114135;585.5;1;2016517536660591095;S
20241030;114135;585.5;4;2016517536660591096;S
20241030;114135;585.48;2;2016517536660591097;S
20241030;114135;585.47;2;2016517536660591098;S
20241030;114135;585.47;1;2016517536660591099;S
20241030;114151;585.48;2;2016517536660591100;S
20241030;114151;585.48;3;2016517536660591101;S
20241030;114154;585.51;1;2016517536660591102;B
20241030;114205;585.5;3;2016517536660591103;S
20241030;114210;585.53;1;2016517536660591104;S
20241030;114210;585.53;19;2016517536660591105;S
20241030;114210;585.53;4;2016517536660591106;S
20241030;114244;585.56;2;2016517536660591107;B
20241030;114244;585.56;2;2016517536660591108;B
20241030;114256;585.52;10;2016517536660591109;S
20241030;114256;585.52;1;2016517536660591110;S
20241030;114256;585.51;5;2016517536660591111;S
20241030;114318;585.55;4;2016517536660591112;B
20241030;114444;585.53;2;2016517536660591113;B
20241030;114444;585.53;2;2016517536660591114;B
20241030;114444;585.53;1;2016517536660591115;B
20241030;114507;585.62;1;2016517536660591116;B
20241030;114507;585.6;1;2016517536660591117;B
20241030;114535;585.55;4;2016517536660591119;B
20241030;114535;585.55;1;2016517536660591124;B
20241030;114535;585.55;1;2016517536660591129;B
20241030;114535;585.55;2;2016517536660591134;B
20241030;114536;585.53;2;2016517536660591138;S
20241030;114545;585.48;2;2016517536660591139;S
20241030;114639;585.42;4;2016517536660591140;S
20241030;114732;585.31;1;2016517536660591141;S
20241030;114732;585.31;1;2016517536660591146;S
20241030;114755;585.39;2;2016517536660591147;S
20241030;114757;585.45;6;2016517536660591148;B
20241030;114816;585.49;1;2016517536660591149;B
20241030;114840;585.35;2;2016517536660591150;S
20241030;114840;585.35;2;2016517536660591151;S
20241030;114840;585.35;1;2016517536660591152;S
20241030;114840;585.34;1;2016517536660591153;S
20241030;114840;585.34;2;2016517536660591154;S
20241030;114840;585.34;2;2016517536660591155;S
20241030;114840;585.34;1;2016517536660591156;S
20241030;114840;585.34;2;2016517536660591157;S
20241030;114840;585.33;2;2016517536660591158;S
20241030;114840;585.33;2;2016517536660591159;S
20241030;114840;585.33;1;2016517536660591160;S
20241030;114840;585.33;1;2016517536660591161;S
20241030;114840;585.33;21;2016517536660591162;S
20241030;114929;585.37;1;2016517536660591166;S
20241030;115005;585.42;1;2016517536660591167;S
20241030;115018;585.44;1;2016517536660591169;S
20241030;115115;585.47;1;2016517536660591173;S
20241030;115159;585.52;1;2016517536660591174;S
20241030;115159;585.52;1;2016517536660591175;S
20241030;115225;585.6;1;2016517536660591176;B
20241030;115303;585.63;1;2016517536660591182;S
20241030;115348;585.58;2;2016517536660591186;S
20241030;115348;585.57;2;2016517536660591187;S
20241030;115417;585.57;2;2016517536660591188;S
20241030;115417;585.57;2;2016517536660591189;S
20241030;115458;585.48;10;2016517536660591190;B
20241030;115459;585.48;10;2016517536660591191;B
20241030;115500;585.48;10;2016517536660591192;B
20241030;115519;585.41;2;2016517536660591193;B
20241030;115555;585.37;1;2016517536660591194;S
20241030;115641;585.47;1;2016517536660591199;B
20241030;115650;585.38;10;2016517536660591200;B
20241030;115650;585.38;10;2016517536660591201;B
20241030;115653;585.4;1;2016517536660591202;B
20241030;115656;585.49;2;2016517536660591203;B
20241030;115656;585.49;1;2016517536660591204;B
20241030;115656;585.5;1;2016517536660591205;B
20241030;120000;585.38;1;2016517536660591206;S
20241030;120003;585.32;7;2016517536660591211;S
20241030;120003;585.31;3;2016517536660591212;S
20241030;120003;585.31;1;2016517536660591213;S
20241030;120003;585.3;1;2016517536660591218;S
20241030;120003;585.3;1;2016517536660591223;S
20241030;120003;585.3;5;2016517536660591228;S
20241030;120003;585.3;1;2016517536660591233;S
20241030;120032;585.25;10;2016517536660591238;B
20241030;120034;585.24;1;2016517536660591240;S
20241030;120056;585.21;2;2016517536660591244;S
20241030;120056;585.21;18;2016517536660591245;B
20241030;120057;585.21;2;2016517536660591246;S
20241030;120057;585.21;1;2016517536660591247;S
20241030;120207;585.32;1;2016517536660591257;S
20241030;120207;585.32;2;2016517536660591258;S
20241030;120207;585.32;7;2016517536660591259;S
20241030;120208;585.32;18;2016517536660591260;S
20241030;120208;585.32;2;2016517536660591261;S
20241030;120209;585.32;5;2016517536660591262;S
20241030;120209;585.32;3;2016517536660591263;S
20241030;120209;585.32;1;2016517536660591264;S
20241030;120209;585.32;1;2016517536660591265;S
20241030;120216;585.32;1;2016517536660591266;S
20241030;120216;585.32;1;2016517536660591267;S
20241030;120216;585.32;2;2016517536660591268;S
20241030;120343;585.3;1;2016517536660591270;B
20241030;120343;585.3;2;2016517536660591275;B
20241030;120343;585.3;2;2016517536660591280;B
20241030;120349;585.23;4;2016517536660591284;S
20241030;120355;585.2;1;2016517536660591285;S
20241030;120407;585.15;4;2016517536660591286;S
20241030;120407;585.13;1;2016517536660591287;S
20241030;120414;585.15;5;2016517536660591288;B
20241030;120418;585.16;1;2016517536660591289;S
20241030;120418;585.16;1;2016517536660591290;S
20241030;120419;585.19;10;2016517536660591291;B
20241030;120425;585.22;2;2016517536660591292;B
20241030;120442;585.17;1;2016517536660591293;S
20241030;120448;585.2;10;2016517536660591294;B
20241030;120448;585.2;17;2016517536660591295;B
20241030;120453;585.28;1;2016517536660591296;S
20241030;120453;585.28;1;2016517536660591297;S
20241030;120459;585.24;1;2016517536660591298;B
20241030;120502;585.25;1;2016517536660591299;B
20241030;120502;585.25;1;2016517536660591300;B
20241030;120503;585.25;4;2016517536660591301;B
20241030;120530;585.24;1;2016517536660591302;S
20241030;120550;585.21;14;2016517536660591303;B
20241030;120550;585.21;4;2016517536660591304;B
20241030;120554;585.21;2;2016517536660591305;B
20241030;120632;585.25;1;2016517536660591307;S
20241030;120651;585.27;1;2016517536660591311;S
20241030;120651;585.3;2;2016517536660591312;B
20241030;120706;585.39;1;2016517536660591318;B
20241030;120715;585.42;1;2016517536660591319;S
20241030;120716;585.45;1;2016517536660591320;B
20241030;120716;585.45;1;2016517536660591321;B
20241030;120721;585.46;5;2016517536660591322;B
20241030;120807;585.5;1;2016517536660591323;B
20241030;120807;585.5;2;2016517536660591324;B
20241030;120807;585.5;7;2016517536660591325;B
20241030;120807;585.5;1;2016517536660591330;B
20241030;120807;585.5;2;2016517536660591335;B
20241030;120808;585.51;20;2016517536660591340;S
20241030;120808;585.5;3;2016517536660591341;S
20241030;120808;585.5;4;2016517536660591342;S
20241030;120813;585.49;1;2016517536660591343;S
20241030;120813;585.4;2;2016517536660591344;S
20241030;120814;585.4;1;2016517536660591345;B
20241030;120814;585.4;1;2016517536660591346;B
20241030;120905;585.39;1;2016517536660591347;S
20241030;120905;585.39;1;2016517536660591348;S
20241030;120905;585.35;1;2016517536660591349;S
20241030;120917;585.4;1;2016517536660591350;B
20241030;120922;585.38;1;2016517536660591351;S
20241030;120922;585.38;2;2016517536660591352;S
20241030;120922;585.38;1;2016517536660591353;S
20241030;121003;585.36;1;2016517536660591354;S
20241030;121003;585.36;1;2016517536660591355;S
20241030;121110;585.4;1;2016517536660591356;B
20241030;121114;585.4;1;2016517536660591357;B
20241030;121121;585.4;15;2016517536660591358;B
20241030;121121;585.4;2;2016517536660591359;B
20241030;121244;585.44;1;2016517536660591360;B
20241030;121251;585.58;1;2016517536660591361;B
20241030;121255;585.51;1;2016517536660591362;S
20241030;121301;585.56;1;2016517536660591363;S
20241030;121307;585.53;1;2016517536660591365;S
20241030;121337;585.44;1;2016517536660591369;S
20241030;121459;585.52;10;2016517536660591370;B
20241030;121459;585.52;10;2016517536660591371;B
20241030;121459;585.52;10;2016517536660591372;B
20241030;121459;585.52;10;2016517536660591373;B
20241030;121459;585.52;10;2016517536660591374;B
20241030;121605;585.6;2;2016517536660591375;S
20241030;121611;585.6;1;2016517536660591376;S
20241030;121611;585.6;24;2016517536660591377;S
20241030;121659;585.61;1;2016517536660591378;B
20241030;121731;585.58;1;2016517536660591379;S
20241030;121815;585.49;1;2016517536660591380;S
20241030;121815;585.49;2;2016517536660591381;S
20241030;121815;585.48;2;2016517536660591382;S
20241030;121908;585.57;1;2016517536660591383;S
20241030;121924;585.57;1;2016517536660591384;S
20241030;121924;585.57;1;2016517536660591385;S
20241030;121946;585.58;1;2016517536660591386;B
20241030;122211;585.57;3;2016517536660591387;S
20241030;122234;585.57;3;2016517536660591388;S
20241030;122244;585.59;2;2016517536660591389;B
20241030;122258;585.57;3;2016517536660591390;S
20241030;122311;585.57;3;2016517536660591391;S
20241030;122332;585.57;3;2016517536660591392;S
20241030;122340;585.57;10;2016517536660591394;S
20241030;122403;585.59;3;2016517536660591398;S
20241030;122407;585.6;1;2016517536660591399;B
20241030;122407;585.61;1;2016517536660591400;B
20241030;122412;585.64;2;2016517536660591405;S
20241030;122412;585.64;1;2016517536660591406;S
20241030;122414;585.65;1;2016517536660591407;B
20241030;122424;585.63;1;2016517536660591408;S
20241030;122424;585.63;2;2016517536660591409;S
20241030;122424;585.64;1;2016517536660591410;S
20241030;122437;585.65;1;2016517536660591411;S
20241030;122437;585.65;1;2016517536660591412;S
20241030;122453;585.64;1;2016517536660591413;S
20241030;122453;585.64;2;2016517536660591414;S
20241030;122553;585.65;1;2016517536660591415;S
20241030;122553;585.65;2;2016517536660591416;S
20241030;122637;585.67;1;2016517536660591417;B
20241030;122637;585.67;2;2016517536660591422;B
20241030;122637;585.67;1;2016517536660591427;B
20241030;122707;585.66;1;2016517536660591432;B
20241030;122720;585.65;1;2016517536660591433;S
20241030;122720;585.63;1;2016517536660591434;S
20241030;122720;585.62;1;2016517536660591435;S
20241030;122720;585.62;1;2016517536660591436;S
20241030;122720;585.61;1;2016517536660591437;S
20241030;122751;585.66;1;2016517536660591438;B
20241030;122906;585.61;1;2016517536660591439;S
20241030;123002;585.66;1;2016517536660591440;B
20241030;123037;585.66;1;2016517536660591441;B
20241030;123107;585.67;1;2016517536660591442;B
20241030;123115;585.67;3;2016517536660591447;B
20241030;123115;585.67;1;2016517536660591452;B
20241030;123115;585.67;1;2016517536660591457;B
20241030;123115;585.67;5;2016517536660591462;B
20241030;123115;585.67;2;2016517536660591463;B
20241030;123126;585.69;1;2016517536660591468;B
20241030;123142;585.68;2;2016517536660591469;S
20241030;123142;585.68;1;2016517536660591470;S
20241030;123201;585.68;3;2016517536660591471;S
20241030;123239;585.69;1;2016517536660591472;B
20241030;123239;585.7;1;2016517536660591473;B
20241030;123239;585.71;1;2016517536660591478;B
20241030;123247;585.72;2;2016517536660591483;S
20241030;123316;585.7;1;2016517536660591485;S
20241030;123316;585.73;1;2016517536660591489;B
20241030;123329;585.73;1;2016517536660591494;S
20241030;123331;585.73;1;2016517536660591495;B
20241030;123358;585.72;1;2016517536660591496;B
20241030;123423;585.71;2;2016517536660591497;S
20241030;123424;585.72;1;2016517536660591498;B
20241030;123424;585.79;2;2016517536660591499;B
20241030;123424;585.8;4;2016517536660591500;B
20241030;123424;585.8;5;2016517536660591501;B
20241030;123424;585.83;2;2016517536660591502;B
20241030;123424;585.84;2;2016517536660591503;B
20241030;123424;585.85;2;2016517536660591504;B
20241030;123424;585.85;1;2016517536660591505;B
20241030;123437;585.74;2;2016517536660591506;S
20241030;123449;585.82;1;2016517536660591507;B
20241030;123637;585.7;20;2016517536660591510;S
20241030;123637;585.69;2;2016517536660591515;S
20241030;123637;585.69;1;2016517536660591520;S
20241030;123637;585.68;2;2016517536660591525;S
20241030;123637;585.68;2;2016517536660591530;S
20241030;123637;585.67;3;2016517536660591535;S
20241030;123637;585.67;2;2016517536660591540;S
20241030;123637;585.67;67;2016517536660591545;S
20241030;123637;585.79;2;2016517536660591549;B
20241030;123637;585.79;1;2016517536660591550;B
20241030;123637;585.79;2;2016517536660591551;B
20241030;123730;585.67;1;2016517536660591553;S
20241030;123730;585.67;19;2016517536660591558;S
20241030;123749;585.67;2;2016517536660591562;S
20241030;123749;585.67;1;2016517536660591563;S
20241030;123814;585.68;2;2016517536660591564;S
20241030;123823;585.68;1;2016517536660591565;S
20241030;123920;585.69;1;2016517536660591566;S
20241030;123928;585.69;1;2016517536660591567;S
20241030;123928;585.67;2;2016517536660591568;S
20241030;123928;585.65;2;2016517536660591569;S
20241030;123930;585.71;2;2016517536660591570;B
20241030;123930;585.72;5;2016517536660591571;B
20241030;123941;585.65;1;2016517536660591572;S
20241030;123955;585.72;2;2016517536660591573;B
20241030;123955;585.72;6;2016517536660591574;B
20241030;124031;585.58;5;2016517536660591575;S
20241030;124032;585.58;1;2016517536660591576;S
20241030;124032;585.53;2;2016517536660591577;S
20241030;124032;585.52;2;2016517536660591578;S
20241030;124107;585.51;2;2016517536660591579;S
20241030;124107;585.51;2;2016517536660591580;S
20241030;124107;585.51;25;2016517536660591581;S
20241030;124107;585.51;2;2016517536660591582;S
20241030;124107;585.51;2;2016517536660591583;S
20241030;124107;585.5;2;2016517536660591584;S
20241030;124107;585.5;2;2016517536660591585;S
20241030;124107;585.5;12;2016517536660591586;S
20241030;124153;585.64;2;2016517536660591587;B
20241030;124153;585.65;1;2016517536660591588;B
20241030;124153;585.65;2;2016517536660591589;B
20241030;124153;585.65;1;2016517536660591590;B
20241030;124211;585.58;2;2016517536660591591;S
20241030;124226;585.58;2;2016517536660591592;S
20241030;124227;585.57;1;2016517536660591593;S
20241030;124234;585.57;1;2016517536660591594;S
20241030;124242;585.57;1;2016517536660591595;S
20241030;124245;585.57;6;2016517536660591596;S
20241030;124249;585.57;1;2016517536660591597;S
20241030;124303;585.57;3;2016517536660591598;S
20241030;124314;585.57;2;2016517536660591599;S
20241030;124601;585.52;50;2016517536660591601;S
20241030;124601;585.52;150;2016517536660591602;S
20241030;124601;585.52;100;2016517536660591603;S
20241030;124648;585.34;1;2016517536660591604;S
20241030;124706;585.35;4;2016517536660591605;S
20241030;124749;585.42;1;2016517536660591606;B
20241030;124754;585.5;2;2016517536660591607;B
20241030;124754;585.51;2;2016517536660591608;B
20241030;124754;585.51;2;2016517536660591609;B
20241030;124754;585.52;1;2016517536660591610;B
20241030;125107;585.5;2;2016517536660591611;S
20241030;125122;585.5;2;2016517536660591612;S
20241030;125129;585.54;2;2016517536660591613;S
20241030;125133;585.55;1;2016517536660591614;S
20241030;125133;585.55;2;2016517536660591615;S
20241030;125133;585.55;2;2016517536660591616;S
20241030;125228;585.54;2;2016517536660591617;S
20241030;125240;585.51;1;2016517536660591618;S
20241030;125250;585.54;1;2016517536660591619;S
20241030;125250;585.53;1;2016517536660591620;S
20241030;125314;585.48;2;2016517536660591621;S
20241030;125321;585.45;1;2016517536660591622;S
20241030;125326;585.45;1;2016517536660591623;S
20241030;125355;585.46;5;2016517536660591624;S
20241030;125406;585.46;1;2016517536660591625;S
20241030;125448;585.45;2;2016517536660591626;S
20241030;125512;585.5;1;2016517536660591627;S
20241030;125512;585.49;1;2016517536660591628;S
20241030;125554;585.45;1;2016517536660591629;S
20241030;125602;585.49;2;2016517536660591630;B
20241030;125625;585.49;1;2016517536660591631;B
20241030;125630;585.54;2;2016517536660591632;B
20241030;125646;585.52;1;2016517536660591633;S
20241030;125647;585.49;1;2016517536660591634;S
20241030;125648;585.49;1;2016517536660591635;S
20241030;125648;585.49;1;2016517536660591636;S
20241030;125649;585.48;1;2016517536660591637;S
20241030;125730;585.54;2;2016517536660591638;B
20241030;125730;585.55;1;2016517536660591639;B
20241030;125730;585.55;2;2016517536660591640;B
20241030;125751;585.52;2;2016517536660591641;S
20241030;125806;585.53;2;2016517536660591642;S
20241030;125831;585.53;1;2016517536660591643;B
20241030;125848;585.51;2;2016517536660591644;S
20241030;130051;585.48;2;2016517536660591645;S
20241030;130129;585.46;1;2016517536660591646;S
20241030;130147;585.47;2;2016517536660591647;S
20241030;130147;585.47;19;2016517536660591648;S
20241030;130158;585.48;1;2016517536660591649;S
20241030;130234;585.51;1;2016517536660591650;B
20241030;130253;585.47;1;2016517536660591651;S
20241030;130253;585.47;13;2016517536660591652;S
20241030;130329;585.47;1;2016517536660591653;S
20241030;130336;585.49;7;2016517536660591654;S
20241030;130336;585.49;2;2016517536660591655;S
20241030;130347;585.49;20;2016517536660591656;S
20241030;130347;585.49;2;2016517536660591657;S
20241030;130425;585.49;1;2016517536660591658;B
20241030;130524;585.44;1;2016517536660591659;S
20241030;130536;585.49;1;2016517536660591660;B
20241030;130536;585.49;4;2016517536660591661;B
20241030;130536;585.52;1;2016517536660591662;B
20241030;130536;585.53;2;2016517536660591663;B
20241030;130536;585.54;2;2016517536660591664;B
20241030;130536;585.55;4;2016517536660591665;B
20241030;130536;585.55;2;2016517536660591666;B
20241030;130536;585.56;2;2016517536660591667;B
20241030;130536;585.56;2;2016517536660591668;B
20241030;130536;585.57;2;2016517536660591669;B
20241030;130650;585.48;1;2016517536660591670;B
20241030;130650;585.48;1;2016517536660591671;B
20241030;130650;585.48;2;2016517536660591672;B
20241030;130650;585.48;2;2016517536660591673;B
20241030;130650;585.48;4;2016517536660591674;B
20241030;130650;585.49;1;2016517536660591675;B
20241030;130650;585.49;2;2016517536660591676;B
20241030;130650;585.49;2;2016517536660591677;B
20241030;130650;585.49;15;2016517536660591678;B
20241030;130749;585.47;1;2016517536660591679;S
20241030;130836;585.3;1;2016517536660591680;S
20241030;130855;585.3;1;2016517536660591685;S
20241030;130855;585.3;2;2016517536660591686;S
20241030;130855;585.29;2;2016517536660591687;S
20241030;130908;585.37;1;2016517536660591688;B
20241030;130939;585.34;1;2016517536660591689;B
20241030;130939;585.34;1;2016517536660591690;B
20241030;130939;585.34;1;2016517536660591691;B
20241030;130939;585.34;1;2016517536660591692;B
20241030;131016;585.34;25;2016517536660591693;S
20241030;131016;585.34;2;2016517536660591694;S
20241030;131016;585.34;2;2016517536660591695;S
20241030;131016;585.34;1;2016517536660591696;S
20241030;131016;585.34;1;2016517536660591697;S
20241030;131016;585.34;2;2016517536660591698;S
20241030;131016;585.34;2;2016517536660591699;S
20241030;131016;585.33;15;2016517536660591700;S
20241030;131157;585.28;4;2016517536660591701;S
20241030;131245;585.28;21;2016517536660591702;S
20241030;131245;585.28;2;2016517536660591703;S
20241030;131245;585.27;25;2016517536660591704;S
20241030;131245;585.27;2;2016517536660591705;S
20241030;131245;585.27;2;2016517536660591706;S
20241030;131245;585.27;1;2016517536660591707;S
20241030;131245;585.27;1;2016517536660591708;S
20241030;131245;585.26;5;2016517536660591709;S
20241030;131302;585.26;20;2016517536660591710;S
20241030;131302;585.26;2;2016517536660591711;S
20241030;131302;585.26;2;2016517536660591712;S
20241030;131302;585.26;1;2016517536660591713;S
20241030;131302;585.25;25;2016517536660591714;S
20241030;131312;585.32;1;2016517536660591715;B
20241030;131312;585.32;2;2016517536660591716;B
20241030;131315;585.33;2;2016517536660591717;B
20241030;131315;585.33;1;2016517536660591718;B
20241030;131315;585.33;2;2016517536660591719;B
20241030;131315;585.33;2;2016517536660591720;B
20241030;131315;585.33;1;2016517536660591721;B
20241030;131315;585.33;7;2016517536660591722;B
20241030;131458;585.5;1;2016517536660591724;S
20241030;131508;585.45;25;2016517536660591725;S
20241030;131508;585.45;2;2016517536660591726;S
20241030;131508;585.45;1;2016517536660591727;S
20241030;131508;585.44;22;2016517536660591728;S
20241030;131655;585.48;1;2016517536660591729;S
20241030;131655;585.48;1;2016517536660591734;S
20241030;131655;585.48;1;2016517536660591739;S
20241030;131655;585.48;1;2016517536660591744;S
20241030;131754;585.55;1;2016517536660591749;B
20241030;131909;585.49;1;2016517536660591750;S
20241030;131909;585.49;1;2016517536660591751;S
20241030;131909;585.49;2;2016517536660591752;S
20241030;131909;585.48;1;2016517536660591753;S
20241030;131909;585.48;2;2016517536660591754;S
20241030;131909;585.48;2;2016517536660591755;S
20241030;131909;585.47;2;2016517536660591756;S
20241030;131909;585.47;1;2016517536660591757;S
20241030;131909;585.47;2;2016517536660591758;S
20241030;131909;585.46;2;2016517536660591759;S
20241030;131909;585.46;2;2016517536660591760;S
20241030;131909;585.46;1;2016517536660591761;S
20241030;131909;585.46;1;2016517536660591762;S
20241030;131909;585.45;2;2016517536660591763;S
20241030;131909;585.45;2;2016517536660591764;S
20241030;131909;585.45;1;2016517536660591765;S
20241030;131909;585.45;1;2016517536660591766;S
20241030;131909;585.44;2;2016517536660591767;S
20241030;131909;585.44;1;2016517536660591768;S
20241030;131909;585.44;2;2016517536660591769;S
20241030;131909;585.44;1;2016517536660591770;S
20241030;131909;585.44;2;2016517536660591771;S
20241030;131909;585.43;2;2016517536660591772;S
20241030;131909;585.43;1;2016517536660591773;S
20241030;131909;585.43;2;2016517536660591774;S
20241030;131909;585.43;1;2016517536660591775;S
20241030;131909;585.43;10;2016517536660591776;S
20241030;131909;585.42;2;2016517536660591777;S
20241030;131909;585.42;2;2016517536660591778;S
20241030;131909;585.42;1;2016517536660591779;S
20241030;131909;585.42;1;2016517536660591780;S
20241030;131909;585.42;25;2016517536660591781;S
20241030;131909;585.41;2;2016517536660591782;S
20241030;131909;585.41;1;2016517536660591783;S
20241030;131909;585.41;2;2016517536660591784;S
20241030;131909;585.41;1;2016517536660591785;S
20241030;131909;585.41;13;2016517536660591786;S
20241030;132020;585.54;2;2016517536660591787;B
20241030;132020;585.54;2;2016517536660591788;B
20241030;132020;585.54;1;2016517536660591789;B
20241030;132041;585.54;1;2016517536660591790;S
20241030;132212;585.55;1;2016517536660591791;B
20241030;132212;585.56;1;2016517536660591792;B
20241030;132214;585.56;1;2016517536660591793;B
20241030;132306;585.54;1;2016517536660591794;S
20241030;132400;585.53;3;2016517536660591795;S
20241030;132412;585.57;1;2016517536660591796;B
20241030;132422;585.53;3;2016517536660591797;S
20241030;132446;585.45;1;2016517536660591798;S
20241030;132631;585.45;3;2016517536660591799;S
20241030;132715;585.53;2;2016517536660591800;B
20241030;132716;585.54;2;2016517536660591801;B
20241030;132716;585.54;1;2016517536660591802;B
20241030;132717;585.54;1;2016517536660591803;B
20241030;132717;585.54;1;2016517536660591804;B
20241030;132717;585.54;1;2016517536660591805;B
20241030;132721;585.57;1;2016517536660591806;B
20241030;132721;585.57;1;2016517536660591807;B
20241030;132721;585.57;1;2016517536660591808;B
20241030;132726;585.57;1;2016517536660591809;B
20241030;132726;585.57;1;2016517536660591810;B
20241030;132726;585.57;1;2016517536660591811;B
20241030;132727;585.57;1;2016517536660591812;B
20241030;132727;585.57;2;2016517536660591813;B
20241030;132728;585.57;1;2016517536660591814;B
20241030;132728;585.57;2;2016517536660591815;B
20241030;132729;585.57;2;2016517536660591816;B
20241030;132729;585.57;1;2016517536660591817;B
20241030;132740;585.54;1;2016517536660591818;S
20241030;132745;585.58;1;2016517536660591819;B
20241030;132745;585.58;1;2016517536660591820;B
20241030;132745;585.58;2;2016517536660591821;B
20241030;132745;585.59;6;2016517536660591822;B
20241030;132745;585.59;1;2016517536660591827;B
20241030;132745;585.59;1;2016517536660591832;B
20241030;132745;585.59;1;2016517536660591837;B
20241030;132745;585.59;1;2016517536660591842;B
20241030;132745;585.59;2;2016517536660591847;B
20241030;132745;585.6;5;2016517536660591848;B
20241030;132745;585.6;8;2016517536660591853;B
20241030;132745;585.6;1;2016517536660591854;B
20241030;132745;585.6;2;2016517536660591855;B
20241030;132745;585.6;1;2016517536660591856;B
20241030;132745;585.61;2;2016517536660591857;B
20241030;132745;585.61;1;2016517536660591858;B
20241030;132745;585.62;2;2016517536660591859;B
20241030;132745;585.62;1;2016517536660591860;B
20241030;132745;585.62;2;2016517536660591861;B
20241030;132745;585.63;1;2016517536660591862;B
20241030;132745;585.63;2;2016517536660591863;B
20241030;132745;585.63;2;2016517536660591864;B
20241030;132745;585.64;2;2016517536660591865;B
20241030;132745;585.64;2;2016517536660591866;B
20241030;132745;585.64;1;2016517536660591867;B
20241030;132745;585.65;20;2016517536660591868;B
20241030;132745;585.65;1;2016517536660591869;B
20241030;132745;585.65;2;2016517536660591870;B
20241030;132745;585.65;2;2016517536660591871;B
20241030;132745;585.65;1;2016517536660591872;B
20241030;132745;585.64;1;2016517536660591873;B
20241030;132745;585.64;2;2016517536660591874;B
20241030;132745;585.65;2;2016517536660591875;B
20241030;132746;585.58;1;2016517536660591876;S
20241030;133013;585.65;1;2016517536660591877;S
20241030;133024;585.57;8;2016517536660591878;S
20241030;133024;585.53;1;2016517536660591879;S
20241030;133049;585.5;2;2016517536660591880;S
20241030;133049;585.47;1;2016517536660591881;S
20241030;133049;585.45;2;2016517536660591882;S
20241030;133059;585.52;2;2016517536660591883;B
20241030;133059;585.52;1;2016517536660591884;B
20241030;133059;585.53;2;2016517536660591885;B
20241030;133059;585.53;2;2016517536660591886;B
20241030;133059;585.53;1;2016517536660591887;B
20241030;133059;585.54;2;2016517536660591888;B
20241030;133059;585.54;1;2016517536660591889;B
20241030;133059;585.55;1;2016517536660591890;B
20241030;133059;585.55;2;2016517536660591891;B
20241030;133059;585.55;6;2016517536660591892;B
20241030;133203;585.48;2;2016517536660591893;B
20241030;133203;585.48;1;2016517536660591894;B
20241030;133203;585.48;1;2016517536660591895;B
20241030;133203;585.48;16;2016517536660591896;B
20241030;133206;585.45;17;2016517536660591897;S
20241030;133206;585.45;4;2016517536660591898;S
20241030;133206;585.4;1;2016517536660591899;S
20241030;133308;585.26;4;2016517536660591900;S
20241030;133336;585.12;1;2016517536660591901;S
20241030;133337;585.12;1;2016517536660591902;S
20241030;133354;585.15;1;2016517536660591903;S
20241030;133413;585.11;4;2016517536660591904;S
20241030;133413;585.11;1;2016517536660591905;S
20241030;133417;585.1;4;2016517536660591906;S
20241030;133417;585.08;4;2016517536660591907;S
20241030;133435;585.04;2;2016517536660591908;S
20241030;133435;585.04;1;2016517536660591909;S
20241030;133435;585.05;2;2016517536660591910;S
20241030;133435;585.05;1;2016517536660591911;S
20241030;133440;585.06;4;2016517536660591912;B
20241030;133459;585.1;1;2016517536660591913;B
20241030;133502;585.15;1;2016517536660591914;S
20241030;133504;585.18;19;2016517536660591915;B
20241030;133507;585.18;1;2016517536660591916;B
20241030;133507;585.19;1;2016517536660591917;B
20241030;133515;585.17;1;2016517536660591918;B
20241030;133515;585.18;5;2016517536660591919;B
20241030;133529;585.18;5;2016517536660591920;B
20241030;133543;585.18;1;2016517536660591921;S
20241030;133550;585.19;4;2016517536660591922;B
20241030;133550;585.19;4;2016517536660591923;B
20241030;133550;585.2;1;2016517536660591924;B
20241030;133608;585.16;2;2016517536660591926;S
20241030;133608;585.16;2;2016517536660591931;S
20241030;133909;585.14;1;2016517536660591935;S
20241030;133909;585.11;2;2016517536660591936;S
20241030;133909;585.1;10;2016517536660591937;S
20241030;133909;585.1;2;2016517536660591938;S
20241030;133909;585.1;2;2016517536660591939;S
20241030;133909;585.09;2;2016517536660591940;S
20241030;133909;585.09;2;2016517536660591941;S
20241030;133909;585.09;1;2016517536660591942;S
20241030;133945;585.19;1;2016517536660591943;S
20241030;133945;585.19;2;2016517536660591944;S
20241030;134121;585.24;1;2016517536660591947;B
20241030;134202;585.22;1;2016517536660591949;B
20241030;134210;585.24;1;2016517536660591950;S
20241030;134210;585.16;5;2016517536660591951;S
20241030;134210;585.16;2;2016517536660591952;S
20241030;134210;585.15;2;2016517536660591953;S
20241030;134210;585.14;2;2016517536660591954;S
20241030;134210;585.13;2;2016517536660591955;S
20241030;134210;585.12;2;2016517536660591956;S
20241030;134210;585.11;2;2016517536660591957;S
20241030;134210;585.11;2;2016517536660591958;S
20241030;134210;585.1;2;2016517536660591959;S
20241030;134210;585.1;2;2016517536660591960;S
20241030;134210;585.1;2;2016517536660591961;S
20241030;134210;585.09;2;2016517536660591962;S
20241030;134210;585.09;2;2016517536660591963;S
20241030;134210;585.09;120;2016517536660591964;S
20241030;134511;585.08;3;2016517536660591966;S
20241030;134511;585.08;17;2016517536660591967;S
20241030;134511;585.08;8;2016517536660591968;S
20241030;134511;585.03;1;2016517536660591969;S
20241030;134511;585.03;1;2016517536660591970;S
20241030;134511;585.02;1;2016517536660591971;S
20241030;134511;585.02;4;2016517536660591972;S
20241030;134511;585.01;1;2016517536660591973;S
20241030;134511;585;1;2016517536660591974;S
20241030;134512;584.99;2;2016517536660591977;S
20241030;134512;584.96;2;2016517536660591978;S
20241030;134513;584.99;2;2016517536660591979;B
20241030;134513;584.99;1;2016517536660591980;B
20241030;134513;584.99;2;2016517536660591981;B
20241030;134513;584.94;4;2016517536660591982;S
20241030;134513;584.95;2;2016517536660591983;B
20241030;134513;584.95;1;2016517536660591984;B
20241030;134513;584.95;20;2016517536660591985;B
20241030;134513;584.95;2;2016517536660591986;B
20241030;134513;584.94;1;2016517536660591987;B
20241030;134516;584.91;1;2016517536660591988;S
20241030;134525;584.92;2;2016517536660591989;B
20241030;134525;584.92;1;2016517536660591990;B
20241030;134525;584.92;1;2016517536660591991;B
20241030;134525;584.9;1;2016517536660591992;S
20241030;134525;584.9;3;2016517536660591993;S
20241030;134527;584.91;2;2016517536660591994;B
20241030;134527;584.91;1;2016517536660591995;B
20241030;134527;584.91;1;2016517536660591996;B
20241030;134532;584.88;1;2016517536660591997;B
20241030;134532;584.88;1;2016517536660591998;B
20241030;134539;584.84;1;2016517536660591999;S
20241030;134539;584.82;2;2016517536660592000;S
20241030;134539;584.82;2;2016517536660592001;S
20241030;134539;584.82;1;2016517536660592002;S
20241030;134556;584.82;1;2016517536660592003;B
20241030;134556;584.82;2;2016517536660592004;B
20241030;134556;584.82;2;2016517536660592005;B
20241030;134602;584.81;2;2016517536660592006;B
20241030;134608;584.8;3;2016517536660592007;S
20241030;134608;584.79;3;2016517536660592008;S
20241030;134609;584.72;4;2016517536660592009;S
20241030;134609;584.71;3;2016517536660592010;S
20241030;134609;584.7;1;2016517536660592011;S
20241030;134609;584.7;1;2016517536660592012;B
20241030;134609;584.69;3;2016517536660592013;S
20241030;134609;584.68;3;2016517536660592014;S
20241030;134609;584.66;1;2016517536660592015;S
20241030;134610;584.64;2;2016517536660592016;S
20241030;134610;584.62;1;2016517536660592017;S
20241030;134610;584.58;1;2016517536660592018;S
20241030;134610;584.58;4;2016517536660592019;S
20241030;134610;584.56;1;2016517536660592020;S
20241030;134610;584.55;1;2016517536660592021;S
20241030;134610;584.53;1;2016517536660592022;S
20241030;134610;584.53;2;2016517536660592023;S
20241030;134610;584.52;8;2016517536660592024;S
20241030;134610;584.51;5;2016517536660592025;S
20241030;134610;584.5;1;2016517536660592026;S
20241030;134610;584.49;2;2016517536660592027;S
20241030;134610;584.48;17;2016517536660592028;S
20241030;134610;584.45;2;2016517536660592029;S
20241030;134610;584.44;2;2016517536660592030;S
20241030;134610;584.44;2;2016517536660592031;S
20241030;134610;584.43;2;2016517536660592032;S
20241030;134610;584.48;1;2016517536660592033;S
20241030;134610;584.48;1;2016517536660592034;S
20241030;134610;584.48;1;2016517536660592035;S
20241030;134610;584.48;1;2016517536660592036;S
20241030;134610;584.5;1;2016517536660592037;S
20241030;134611;584.5;1;2016517536660592038;S
20241030;134622;584.55;2;2016517536660592039;B
20241030;134622;584.55;1;2016517536660592040;B
20241030;134622;584.56;1;2016517536660592041;B
20241030;134625;584.56;19;2016517536660592042;B
20241030;134625;584.58;2;2016517536660592043;B
20241030;134625;584.59;2;2016517536660592044;B
20241030;134625;584.6;2;2016517536660592045;B
20241030;134625;584.6;2;2016517536660592046;B
20241030;134710;584.63;2;2016517536660592047;B
20241030;134710;584.63;2;2016517536660592048;B
20241030;134710;584.63;1;2016517536660592049;B
20241030;134710;584.63;20;2016517536660592050;B
20241030;134710;584.63;6;2016517536660592051;B
20241030;134710;584.64;2;2016517536660592052;B
20241030;134730;584.6;8;2016517536660592053;S
20241030;134816;584.61;1;2016517536660592054;B
20241030;134846;584.6;1;2016517536660592055;B
20241030;134847;584.57;1;2016517536660592056;S
20241030;134911;584.6;5;2016517536660592057;B
20241030;134913;584.62;1;2016517536660592058;B
20241030;134915;584.75;2;2016517536660592059;B
20241030;134915;584.75;1;2016517536660592060;B
20241030;134915;584.75;2;2016517536660592061;B
20241030;134915;584.76;1;2016517536660592062;B
20241030;134915;584.76;2;2016517536660592063;B
20241030;134915;584.76;1;2016517536660592064;B
20241030;134915;584.76;2;2016517536660592065;B
20241030;134915;584.76;14;2016517536660592066;B
20241030;134917;584.79;2;2016517536660592067;B
20241030;134917;584.79;1;2016517536660592068;B
20241030;134917;584.79;1;2016517536660592069;B
20241030;134917;584.8;20;2016517536660592070;B
20241030;134917;584.8;1;2016517536660592071;B
20241030;134920;584.81;1;2016517536660592072;B
20241030;134920;584.81;2;2016517536660592073;B
20241030;134920;584.82;2;2016517536660592074;B
20241030;134920;584.82;20;2016517536660592075;B
20241030;134923;584.78;1;2016517536660592076;B
20241030;134923;584.79;2;2016517536660592077;B
20241030;134923;584.79;1;2016517536660592078;B
20241030;134923;584.8;2;2016517536660592079;B
20241030;134923;584.8;1;2016517536660592080;B
20241030;134923;584.8;48;2016517536660592081;B
20241030;134925;584.79;2;2016517536660592082;B
20241030;134925;584.8;2;2016517536660592083;B
20241030;134925;584.8;50;2016517536660592084;B
20241030;134925;584.8;1;2016517536660592085;S
20241030;134934;584.77;1;2016517536660592086;B
20241030;134937;584.83;2;2016517536660592087;B
20241030;134937;584.83;50;2016517536660592088;B
20241030;134937;584.83;3;2016517536660592089;S
20241030;134943;584.83;33;2016517536660592090;B
20241030;134944;584.75;1;2016517536660592091;S
20241030;134944;584.75;16;2016517536660592092;B
20241030;134944;584.74;2;2016517536660592093;S
20241030;134944;584.74;1;2016517536660592094;S
20241030;134944;584.74;1;2016517536660592095;S
20241030;134944;584.74;28;2016517536660592096;B
20241030;135044;584.76;10;2016517536660592097;B
20241030;135051;584.74;2;2016517536660592098;B
20241030;135051;584.75;1;2016517536660592099;B
20241030;135059;584.75;1;2016517536660592100;B
20241030;135123;584.72;20;2016517536660592101;B
20241030;135154;584.64;1;2016517536660592102;S
20241030;135305;584.67;1;2016517536660592104;B
20241030;135344;584.73;1;2016517536660592105;B
20241030;135611;584.81;1;2016517536660592107;S
20241030;135633;584.85;1;2016517536660592108;B
20241030;135743;584.8;1;2016517536660592109;B
20241030;135803;584.76;2;2016517536660592110;S
20241030;135803;584.76;1;2016517536660592111;S
20241030;135803;584.76;1;2016517536660592112;S
20241030;135803;584.75;1;2016517536660592113;S
20241030;135803;584.75;2;2016517536660592114;S
20241030;135803;584.74;2;2016517536660592115;S
20241030;135803;584.74;1;2016517536660592116;S
20241030;135803;584.73;2;2016517536660592117;S
20241030;135803;584.73;1;2016517536660592118;S
20241030;135803;584.73;2;2016517536660592119;S
20241030;135803;584.72;2;2016517536660592120;S
20241030;135803;584.72;1;2016517536660592121;S
20241030;135803;584.72;2;2016517536660592122;S
20241030;135803;584.72;1;2016517536660592123;S
20241030;135803;584.71;2;2016517536660592124;S
20241030;135803;584.71;1;2016517536660592125;S
20241030;135803;584.71;1;2016517536660592126;S
20241030;135803;584.71;2;2016517536660592127;S
20241030;135803;584.7;2;2016517536660592128;S
20241030;135803;584.7;1;2016517536660592129;S
20241030;135803;584.7;2;2016517536660592130;S
20241030;135803;584.7;1;2016517536660592131;S
20241030;135803;584.7;2;2016517536660592132;S
20241030;135803;584.69;2;2016517536660592133;S
20241030;135803;584.69;1;2016517536660592134;S
20241030;135803;584.69;1;2016517536660592135;S
20241030;135803;584.69;2;2016517536660592136;S
20241030;135803;584.69;2;2016517536660592137;S
20241030;135803;584.69;2;2016517536660592138;S
20241030;135803;584.69;62;2016517536660592139;S
20241030;135828;584.69;2;2016517536660592140;S
20241030;135828;584.69;2;2016517536660592141;S
20241030;135828;584.69;1;2016517536660592142;S
20241030;135828;584.68;2;2016517536660592143;S
20241030;135828;584.68;2;2016517536660592144;S
20241030;135828;584.68;1;2016517536660592145;S
20241030;135828;584.68;2;2016517536660592146;S
20241030;135828;584.67;4;2016517536660592147;S
20241030;135828;584.67;2;2016517536660592148;S
20241030;135828;584.67;2;2016517536660592149;S
20241030;135828;584.67;2;2016517536660592150;S
20241030;135828;584.67;1;2016517536660592151;S
20241030;135828;584.66;2;2016517536660592152;S
20241030;135828;584.66;2;2016517536660592153;S
20241030;135828;584.66;2;2016517536660592154;S
20241030;135828;584.66;1;2016517536660592155;S
20241030;135828;584.66;1;2016517536660592156;S
20241030;135828;584.65;1;2016517536660592157;S
20241030;135828;584.65;3;2016517536660592158;S
20241030;135912;584.66;2;2016517536660592159;S
20241030;135912;584.65;8;2016517536660592160;S
20241030;135912;584.65;2;2016517536660592161;S
20241030;135912;584.65;2;2016517536660592162;S
20241030;135912;584.64;2;2016517536660592163;S
20241030;135912;584.64;2;2016517536660592164;S
20241030;135912;584.63;2;2016517536660592165;S
20241030;135912;584.63;5;2016517536660592166;S
20241030;135912;584.62;2;2016517536660592167;S
20241030;135912;584.62;2;2016517536660592168;S
20241030;135912;584.61;2;2016517536660592169;S
20241030;135912;584.61;2;2016517536660592170;S
20241030;135912;584.6;11;2016517536660592171;S
20241030;135912;584.6;2;2016517536660592172;S
20241030;135912;584.6;2;2016517536660592173;S
20241030;135912;584.6;1;2016517536660592174;S
20241030;135919;584.58;2;2016517536660592175;S
20241030;135926;584.59;1;2016517536660592176;B
20241030;135926;584.59;2;2016517536660592177;B
20241030;135940;584.59;1;2016517536660592178;B
20241030;135941;584.58;2;2016517536660592179;S
20241030;135941;584.58;4;2016517536660592180;S
20241030;135941;584.58;3;2016517536660592181;S
20241030;135941;584.57;1;2016517536660592182;S
20241030;135941;584.57;2;2016517536660592183;S
20241030;135941;584.56;3;2016517536660592184;S
20241030;135941;584.56;2;2016517536660592185;S
20241030;135941;584.55;2;2016517536660592186;S
20241030;135941;584.54;2;2016517536660592187;S
20241030;135941;584.53;3;2016517536660592188;S
20241030;135941;584.53;2;2016517536660592189;S
20241030;135941;584.53;1;2016517536660592190;S
20241030;135941;584.52;2;2016517536660592191;S
20241030;135941;584.52;1;2016517536660592192;S
20241030;135941;584.52;1;2016517536660592193;S
20241030;135941;584.51;2;2016517536660592194;S
20241030;135941;584.51;1;2016517536660592195;S
20241030;135941;584.51;1;2016517536660592196;S
20241030;135941;584.5;3;2016517536660592197;S
20241030;135941;584.5;5;2016517536660592198;S
20241030;135941;584.5;2;2016517536660592199;S
20241030;135941;584.5;1;2016517536660592200;S
20241030;135941;584.5;10;2016517536660592201;S
20241030;135941;584.49;2;2016517536660592202;S
20241030;135941;584.49;1;2016517536660592203;S
20241030;135959;584.57;1;2016517536660592204;S
20241030;140601;584.59;1;2016517536660592205;S
20241030;140601;584.59;2;2016517536660592206;S
20241030;140635;584.6;1;2016517536660592208;B
20241030;140635;584.6;1;2016517536660592209;B
20241030;140654;584.62;1;2016517536660592210;S
20241030;140715;584.59;1;2016517536660592211;S
20241030;140741;584.57;10;2016517536660592212;B
20241030;140741;584.57;10;2016517536660592213;B
20241030;140741;584.57;10;2016517536660592214;B
20241030;140741;584.57;1;2016517536660592215;B
20241030;140741;584.58;10;2016517536660592216;B
20241030;140741;584.58;2;2016517536660592217;B
20241030;140741;584.58;1;2016517536660592218;B
20241030;140802;584.59;1;2016517536660592219;S
20241030;140802;584.59;1;2016517536660592220;S
20241030;140802;584.59;3;2016517536660592221;S
20241030;140808;584.64;1;2016517536660592223;B
20241030;140808;584.64;1;2016517536660592228;B
20241030;140844;584.65;5;2016517536660592232;B
20241030;140912;584.65;14;2016517536660592233;B
20241030;140914;584.65;13;2016517536660592234;B
20241030;140916;584.77;1;2016517536660592236;B
20241030;141123;584.82;1;2016517536660592240;S
20241030;141228;584.94;1;2016517536660592241;S
20241030;141228;584.93;1;2016517536660592242;S
20241030;141228;584.92;3;2016517536660592243;S
20241030;141228;584.96;4;2016517536660592244;B
20241030;141234;584.96;1;2016517536660592245;B
20241030;141246;585.03;2;2016517536660592246;B
20241030;141247;585.03;1;2016517536660592247;B
20241030;141249;585.03;1;2016517536660592248;B
20241030;141320;584.91;1;2016517536660592249;S
20241030;141320;584.89;1;2016517536660592250;S
20241030;141320;584.88;1;2016517536660592251;S
20241030;141320;584.87;1;2016517536660592252;S
20241030;141320;584.86;1;2016517536660592253;S
20241030;141320;584.85;1;2016517536660592254;S
20241030;141320;584.85;1;2016517536660592255;S
20241030;141320;584.84;1;2016517536660592256;S
20241030;141320;584.84;1;2016517536660592257;S
20241030;141320;584.84;2;2016517536660592258;S
20241030;141320;584.83;1;2016517536660592259;S
20241030;141320;584.83;2;2016517536660592260;S
20241030;141320;584.83;1;2016517536660592261;S
20241030;141320;584.83;10;2016517536660592262;S
20241030;141320;584.83;5;2016517536660592263;S
20241030;141414;585;1;2016517536660592264;B
20241030;141415;585;1;2016517536660592265;B
20241030;141443;585.07;1;2016517536660592266;B
20241030;141443;585.07;1;2016517536660592267;B
20241030;141443;585.07;2;2016517536660592268;B
20241030;141443;585.07;2;2016517536660592269;B
20241030;141617;585;1;2016517536660592270;B
20241030;141623;584.96;1;2016517536660592271;S
20241030;141738;584.99;1;2016517536660592272;S
20241030;141944;585.05;1;2016517536660592273;B
20241030;141944;585.07;2;2016517536660592274;B
20241030;141944;585.07;2;2016517536660592279;B
20241030;142255;585.06;1;2016517536660592282;S
20241030;142255;584.94;1;2016517536660592283;S
20241030;142439;585.03;1;2016517536660592284;B
20241030;142454;585.03;1;2016517536660592285;B
20241030;142654;584.97;7;2016517536660592286;B
20241030;142713;584.97;1;2016517536660592291;B
20241030;142804;584.92;1;2016517536660592296;S
20241030;142804;584.85;1;2016517536660592297;S
20241030;142804;584.85;1;2016517536660592298;S
20241030;142804;584.83;1;2016517536660592299;S
20241030;142804;584.83;1;2016517536660592300;S
20241030;142804;584.83;2;2016517536660592301;S
20241030;142823;584.89;2;2016517536660592302;B
20241030;142841;584.78;1;2016517536660592304;S
20241030;142911;584.75;1;2016517536660592308;S
20241030;142946;584.75;1;2016517536660592309;S
20241030;143003;584.74;5;2016517536660592310;S
20241030;143030;584.74;7;2016517536660592311;S
20241030;143106;584.76;2;2016517536660592312;S
20241030;143150;584.79;1;2016517536660592313;B
20241030;143151;584.78;2;2016517536660592314;S
20241030;143151;584.78;20;2016517536660592315;S
20241030;143151;584.78;3;2016517536660592316;S
20241030;143215;584.78;10;2016517536660592317;B
20241030;143323;584.76;1;2016517536660592318;S
20241030;143323;584.74;3;2016517536660592319;S
20241030;143323;584.72;2;2016517536660592320;S
20241030;143323;584.72;1;2016517536660592321;S
20241030;143339;584.79;1;2016517536660592322;B
