<DATE>;<TIME>;<LAST>;<VOL>;<ID>;<OPER>
20241031;095938;852;2;2016799015932266056;S
20241031;095938;852;2;2016799015932266057;S
20241031;100001;852;1;2016799015932266058;S
20241031;100001;852;9;2016799015932266059;S
20241031;100001;852;3;2016799015932266060;S
20241031;100001;852;7;2016799015932266061;S
20241031;100001;852;2;2016799015932266062;S
20241031;100002;852;1;2016799015932266063;S
20241031;100002;852;1;2016799015932266064;S
20241031;100003;852;9;2016799015932266065;S
20241031;100003;852;1;2016799015932266066;S
20241031;100004;852;1;2016799015932266067;S
20241031;100005;852;1;2016799015932266068;S
20241031;100005;852;4;2016799015932266069;S
20241031;100007;852;4;2016799015932266070;S
20241031;100007;851.5;1;2016799015932266071;S
20241031;100007;851.5;2;2016799015932266072;S
20241031;100007;851.5;1;2016799015932266073;S
20241031;100007;851.5;1;2016799015932266074;S
20241031;100007;851.5;1;2016799015932266075;S
20241031;100007;851.5;1;2016799015932266076;S
20241031;100007;851.5;1;2016799015932266077;S
20241031;100007;851.5;1;2016799015932266078;S
20241031;100007;851.5;1;2016799015932266079;S
20241031;100007;851.5;1;2016799015932266080;S
20241031;100007;851;2;2016799015932266081;S
20241031;100007;851;1;2016799015932266082;S
20241031;100007;851;1;2016799015932266083;S
20241031;100007;851;3;2016799015932266084;S
20241031;100007;851;78;2016799015932266085;S
20241031;100007;850.5;1;2016799015932266086;S
20241031;100007;850.5;1;2016799015932266087;S
20241031;100007;853;3;2016799015932266088;B
20241031;100007;850.5;1;2016799015932266089;S
20241031;100008;850.5;1;2016799015932266090;S
20241031;100008;850.5;1;2016799015932266095;S
20241031;100008;850.5;1;2016799015932266096;S
20241031;100008;850.5;1;2016799015932266097;S
20241031;100008;851;1;2016799015932266098;B
20241031;100008;851;1;2016799015932266099;B
20241031;100010;851;1;2016799015932266100;S
20241031;100010;853;1;2016799015932266101;B
20241031;100010;853;1;2016799015932266102;B
20241031;100010;853;1;2016799015932266103;B
20241031;100011;853;2;2016799015932266104;B
20241031;100012;853;1;2016799015932266105;B
20241031;100012;853;3;2016799015932266106;B
20241031;100012;853;4;2016799015932266107;B
20241031;100012;853;6;2016799015932266108;B
20241031;100013;853;5;2016799015932266109;B
20241031;100013;853;10;2016799015932266110;B
20241031;100013;853;11;2016799015932266111;B
20241031;100013;853;5;2016799015932266112;B
20241031;100013;851;1;2016799015932266113;S
20241031;100013;853;6;2016799015932266114;B
20241031;100014;853;21;2016799015932266115;B
20241031;100014;853;22;2016799015932266116;B
20241031;100015;851;2;2016799015932266117;S
20241031;100015;853;8;2016799015932266118;B
20241031;100017;853;7;2016799015932266119;B
20241031;100019;852;2;2016799015932266120;B
20241031;100026;851;1;2016799015932266121;S
20241031;100034;851;1;2016799015932266122;S
20241031;100035;850.5;1;2016799015932266127;S
20241031;100035;850.5;1;2016799015932266128;S
20241031;100040;851;9;2016799015932266129;B
20241031;100040;851;46;2016799015932266130;B
20241031;100048;850.5;1;2016799015932266131;S
20241031;100049;850.5;4;2016799015932266132;S
20241031;100058;850.5;1;2016799015932266133;S
20241031;100059;851;3;2016799015932266134;B
20241031;100100;851;3;2016799015932266135;B
20241031;100100;851.5;1;2016799015932266136;B
20241031;100107;852;13;2016799015932266137;B
20241031;100107;851.5;24;2016799015932266138;S
20241031;100118;852;2;2016799015932266139;B
20241031;100118;852;4;2016799015932266140;B
20241031;100118;852;2;2016799015932266141;B
20241031;100118;852;1;2016799015932266142;B
20241031;100118;852;2;2016799015932266143;B
20241031;100119;852;8;2016799015932266144;B
20241031;100123;852.5;1;2016799015932266145;B
20241031;100123;852.5;1;2016799015932266146;B
20241031;100123;852.5;1;2016799015932266147;B
20241031;100123;852.5;1;2016799015932266148;B
20241031;100123;852.5;1;2016799015932266149;B
20241031;100123;852.5;1;2016799015932266150;B
20241031;100123;852.5;1;2016799015932266151;B
20241031;100124;853;4;2016799015932266152;B
20241031;100124;853;3;2016799015932266153;B
20241031;100124;853;3;2016799015932266154;B
20241031;100124;853;2;2016799015932266155;B
20241031;100124;853;1;2016799015932266156;B
20241031;100124;853;1;2016799015932266157;B
20241031;100124;853;1;2016799015932266158;B
20241031;100124;853;1;2016799015932266159;B
20241031;100124;853;10;2016799015932266160;B
20241031;100127;853;4;2016799015932266161;B
20241031;100127;853;3;2016799015932266162;B
20241031;100128;853;7;2016799015932266163;B
20241031;100128;852.5;3;2016799015932266164;B
20241031;100132;852.5;1;2016799015932266165;S
20241031;100134;852.5;1;2016799015932266166;S
20241031;100136;852.5;42;2016799015932266167;S
20241031;100136;852.5;8;2016799015932266168;S
20241031;100146;853;3;2016799015932266169;B
20241031;100146;853;3;2016799015932266170;B
20241031;100147;853;3;2016799015932266171;B
20241031;100147;853.5;3;2016799015932266172;B
20241031;100147;853.5;1;2016799015932266173;B
20241031;100147;853.5;5;2016799015932266174;B
20241031;100147;853.5;9;2016799015932266175;B
20241031;100148;853.5;6;2016799015932266176;B
20241031;100148;853.5;1;2016799015932266177;B
20241031;100148;853.5;1;2016799015932266178;B
20241031;100148;853.5;1;2016799015932266179;B
20241031;100148;853.5;1;2016799015932266180;B
20241031;100148;853.5;1;2016799015932266181;B
20241031;100148;853.5;1;2016799015932266182;B
20241031;100148;853.5;1;2016799015932266183;B
20241031;100150;853.5;3;2016799015932266184;S
20241031;100150;853.5;1;2016799015932266185;S
20241031;100157;853;3;2016799015932266186;B
20241031;100158;853;2;2016799015932266187;B
20241031;100159;852.5;4;2016799015932266188;S
20241031;100159;852.5;1;2016799015932266189;S
20241031;100211;853;1;2016799015932266190;S
20241031;100211;853;2;2016799015932266191;S
20241031;100212;852.5;3;2016799015932266192;S
20241031;100213;852.5;1;2016799015932266193;S
20241031;100217;852.5;8;2016799015932266194;S
20241031;100218;853;2;2016799015932266195;B
20241031;100218;852.5;1;2016799015932266196;S
20241031;100219;852.5;1;2016799015932266197;S
20241031;100221;852.5;1;2016799015932266198;S
20241031;100223;852.5;1;2016799015932266199;S
20241031;100225;852.5;1;2016799015932266200;S
20241031;100228;852.5;1;2016799015932266201;S
20241031;100230;852;1;2016799015932266202;S
20241031;100232;852;1;2016799015932266203;S
20241031;100234;852;1;2016799015932266204;S
20241031;100236;852;3;2016799015932266205;S
20241031;100236;852;1;2016799015932266206;S
20241031;100238;852;1;2016799015932266207;S
20241031;100240;852;1;2016799015932266208;S
20241031;100242;852;1;2016799015932266209;S
20241031;100243;852.5;29;2016799015932266210;S
20241031;100247;852;5;2016799015932266211;S
20241031;100247;852;4;2016799015932266212;S
20241031;100247;852;1;2016799015932266213;S
20241031;100247;852;1;2016799015932266214;S
20241031;100247;852;1;2016799015932266215;S
20241031;100247;852;1;2016799015932266216;S
20241031;100247;852;1;2016799015932266217;S
20241031;100247;852;1;2016799015932266218;S
20241031;100247;852;1;2016799015932266219;S
20241031;100247;852;1;2016799015932266220;S
20241031;100247;852;1;2016799015932266221;S
20241031;100252;851.5;4;2016799015932266226;S
20241031;100300;851.5;1;2016799015932266227;S
20241031;100304;851.5;8;2016799015932266228;S
20241031;100304;851.5;1;2016799015932266229;S
20241031;100304;851.5;1;2016799015932266230;S
20241031;100306;851;1;2016799015932266231;S
20241031;100313;851.5;5;2016799015932266232;B
20241031;100314;851;1;2016799015932266233;S
20241031;100314;851;1;2016799015932266234;S
20241031;100321;851;1;2016799015932266235;B
20241031;100323;851;1;2016799015932266236;B
20241031;100325;851;1;2016799015932266237;B
20241031;100325;851;1;2016799015932266238;B
20241031;100326;851;1;2016799015932266239;B
20241031;100328;851;1;2016799015932266240;B
20241031;100330;851;1;2016799015932266241;B
20241031;100331;851;1;2016799015932266242;B
20241031;100333;851;1;2016799015932266243;B
20241031;100334;851;1;2016799015932266244;B
20241031;100335;850.5;6;2016799015932266245;S
20241031;100336;851;1;2016799015932266246;B
20241031;100336;850.5;3;2016799015932266247;S
20241031;100336;850.5;1;2016799015932266248;S
20241031;100336;850.5;1;2016799015932266249;S
20241031;100336;850.5;1;2016799015932266250;S
20241031;100336;850.5;1;2016799015932266251;S
20241031;100336;850.5;1;2016799015932266252;S
20241031;100336;850.5;1;2016799015932266253;S
20241031;100336;850.5;1;2016799015932266254;S
20241031;100336;850.5;1;2016799015932266255;S
20241031;100337;850;2;2016799015932266256;S
20241031;100337;850;1;2016799015932266257;S
20241031;100337;850;1;2016799015932266258;S
20241031;100337;850;1;2016799015932266259;S
20241031;100337;850;1;2016799015932266260;S
20241031;100337;850;1;2016799015932266261;S
20241031;100337;850;1;2016799015932266262;S
20241031;100337;850;5;2016799015932266263;S
20241031;100337;850;27;2016799015932266264;S
20241031;100337;849.5;1;2016799015932266265;S
20241031;100337;849.5;1;2016799015932266266;S
20241031;100337;850;1;2016799015932266267;S
20241031;100337;850;1;2016799015932266268;S
20241031;100337;849.5;1;2016799015932266269;S
20241031;100337;849.5;1;2016799015932266270;S
20241031;100337;849.5;7;2016799015932266271;S
20241031;100337;849.5;3;2016799015932266272;S
20241031;100337;850;1;2016799015932266273;B
20241031;100337;850;1;2016799015932266274;B
20241031;100338;849.5;1;2016799015932266275;S
20241031;100338;849.5;10;2016799015932266276;S
20241031;100338;849.5;10;2016799015932266277;S
20241031;100338;849.5;10;2016799015932266278;S
20241031;100338;849.5;10;2016799015932266279;S
20241031;100338;850;1;2016799015932266280;B
20241031;100338;849.5;10;2016799015932266281;S
20241031;100339;850;1;2016799015932266282;B
20241031;100340;850;1;2016799015932266283;B
20241031;100340;850;1;2016799015932266284;B
20241031;100342;850;1;2016799015932266285;B
20241031;100356;849.5;3;2016799015932266286;S
20241031;100356;849.5;7;2016799015932266287;S
20241031;100356;849.5;1;2016799015932266288;S
20241031;100401;849;2;2016799015932266289;S
20241031;100401;849;1;2016799015932266290;S
20241031;100401;849;1;2016799015932266291;S
20241031;100401;849;1;2016799015932266292;S
20241031;100401;849;1;2016799015932266293;S
20241031;100401;849;1;2016799015932266294;S
20241031;100401;849;1;2016799015932266295;S
20241031;100401;849;1;2016799015932266296;S
20241031;100401;849;1;2016799015932266297;S
20241031;100401;849;1;2016799015932266298;S
20241031;100401;849;1;2016799015932266299;S
20241031;100401;849;1;2016799015932266300;S
20241031;100402;849;16;2016799015932266301;B
20241031;100415;849;2;2016799015932266302;S
20241031;100417;849;2;2016799015932266303;S
20241031;100425;849;1;2016799015932266305;S
20241031;100426;849;1;2016799015932266310;S
20241031;100429;849;1;2016799015932266314;S
20241031;100429;849;3;2016799015932266315;S
20241031;100432;849;3;2016799015932266316;S
20241031;100432;849;8;2016799015932266317;S
20241031;100432;849;1;2016799015932266318;S
20241031;100432;848.5;1;2016799015932266319;S
20241031;100432;848.5;2;2016799015932266320;S
20241031;100432;848.5;1;2016799015932266321;S
20241031;100432;848.5;4;2016799015932266322;S
20241031;100432;848.5;20;2016799015932266323;S
20241031;100432;848.5;1;2016799015932266324;S
20241031;100432;848.5;3;2016799015932266325;S
20241031;100432;848.5;2;2016799015932266326;S
20241031;100433;848.5;6;2016799015932266327;S
20241031;100434;848.5;2;2016799015932266328;S
20241031;100436;849.5;1;2016799015932266329;B
20241031;100437;848.5;4;2016799015932266330;S
20241031;100440;848.5;3;2016799015932266331;S
20241031;100442;848.5;2;2016799015932266332;S
20241031;100444;849.5;1;2016799015932266333;B
20241031;100446;848.5;2;2016799015932266334;S
20241031;100451;848.5;30;2016799015932266335;S
20241031;100451;849;3;2016799015932266336;B
20241031;100453;849;2;2016799015932266337;B
20241031;100459;848.5;45;2016799015932266338;S
20241031;100459;848.5;1;2016799015932266339;S
20241031;100459;848.5;1;2016799015932266340;S
20241031;100459;848.5;1;2016799015932266341;S
20241031;100459;848.5;1;2016799015932266342;S
20241031;100459;848.5;1;2016799015932266343;B
20241031;100502;848.5;1;2016799015932266344;S
20241031;100509;849.5;1;2016799015932266345;B
20241031;100509;849.5;3;2016799015932266346;B
20241031;100509;849.5;1;2016799015932266347;B
20241031;100509;849.5;1;2016799015932266348;B
20241031;100509;849.5;3;2016799015932266349;B
20241031;100509;849.5;1;2016799015932266350;B
20241031;100509;849.5;1;2016799015932266351;B
20241031;100509;849;1;2016799015932266352;S
20241031;100526;849.5;9;2016799015932266353;B
20241031;100526;849.5;8;2016799015932266354;B
20241031;100526;849.5;1;2016799015932266355;B
20241031;100526;849.5;3;2016799015932266356;B
20241031;100526;849.5;4;2016799015932266357;B
20241031;100526;849.5;5;2016799015932266358;B
20241031;100526;849.5;3;2016799015932266359;B
20241031;100526;849.5;2;2016799015932266360;B
20241031;100527;849.5;1;2016799015932266361;B
20241031;100532;850;1;2016799015932266362;B
20241031;100532;850;1;2016799015932266363;B
20241031;100532;850;1;2016799015932266364;B
20241031;100532;850;1;2016799015932266365;B
20241031;100532;850;1;2016799015932266366;B
20241031;100532;850;1;2016799015932266367;B
20241031;100532;850;1;2016799015932266368;B
20241031;100532;850;1;2016799015932266369;B
20241031;100541;850.5;1;2016799015932266371;B
20241031;100548;851;1;2016799015932266372;B
20241031;100548;851;1;2016799015932266373;B
20241031;100548;851;1;2016799015932266374;B
20241031;100548;851;1;2016799015932266375;B
20241031;100548;851;1;2016799015932266376;B
20241031;100548;851;1;2016799015932266377;B
20241031;100548;851;1;2016799015932266378;B
20241031;100548;851;1;2016799015932266379;B
20241031;100548;851;1;2016799015932266380;B
20241031;100548;851;1;2016799015932266381;B
20241031;100609;851;1;2016799015932266382;B
20241031;100629;851.5;1;2016799015932266383;B
20241031;100629;851.5;3;2016799015932266384;B
20241031;100629;851.5;1;2016799015932266385;B
20241031;100629;851.5;2;2016799015932266386;B
20241031;100629;851.5;3;2016799015932266387;B
20241031;100636;851.5;1;2016799015932266388;B
20241031;100638;851.5;1;2016799015932266389;B
20241031;100647;851.5;8;2016799015932266390;B
20241031;100703;850;22;2016799015932266391;S
20241031;100740;849.5;1;2016799015932266392;S
20241031;100740;849.5;1;2016799015932266393;S
20241031;100751;850;1;2016799015932266394;B
20241031;100751;850;14;2016799015932266395;B
20241031;100756;849.5;1;2016799015932266396;S
20241031;100756;849.5;1;2016799015932266397;S
20241031;100803;849.5;1;2016799015932266398;S
20241031;100805;849.5;1;2016799015932266399;S
20241031;100805;849.5;1;2016799015932266400;S
20241031;100805;849.5;1;2016799015932266401;S
20241031;100805;849.5;1;2016799015932266402;S
20241031;100805;849.5;2;2016799015932266403;S
20241031;100812;849.5;1;2016799015932266404;S
20241031;100812;849;1;2016799015932266405;S
20241031;100812;849;1;2016799015932266406;S
20241031;100812;849;1;2016799015932266407;S
20241031;100812;849;10;2016799015932266408;S
20241031;100813;849.5;10;2016799015932266409;B
20241031;100813;849;1;2016799015932266410;S
20241031;100813;849;1;2016799015932266411;S
20241031;100830;850;1;2016799015932266412;B
20241031;100832;849;1;2016799015932266413;S
20241031;100846;850;1;2016799015932266414;S
20241031;100849;850.5;1;2016799015932266415;B
20241031;100849;850.5;1;2016799015932266416;B
20241031;100849;850.5;1;2016799015932266417;B
20241031;100849;850.5;1;2016799015932266418;B
20241031;100849;850.5;1;2016799015932266419;B
20241031;100849;850.5;1;2016799015932266420;B
20241031;100849;850.5;1;2016799015932266421;B
20241031;100849;851;40;2016799015932266422;B
20241031;100856;850;1;2016799015932266423;S
20241031;100859;851;1;2016799015932266424;B
20241031;100910;851;1;2016799015932266425;B
20241031;100910;850;1;2016799015932266426;S
20241031;100911;851;1;2016799015932266427;B
20241031;100912;850.5;2;2016799015932266428;B
20241031;100917;850.5;1;2016799015932266429;S
20241031;100919;850.5;53;2016799015932266430;S
20241031;100923;850;3;2016799015932266431;S
20241031;100930;850;1;2016799015932266432;S
20241031;100938;850;1;2016799015932266433;S
20241031;100950;850;2;2016799015932266434;S
20241031;101005;850;1;2016799015932266435;S
20241031;101026;851;1;2016799015932266436;B
20241031;101026;851;1;2016799015932266437;B
20241031;101026;851;2;2016799015932266438;B
20241031;101026;851;1;2016799015932266439;B
20241031;101042;851;1;2016799015932266440;S
20241031;101057;851.5;1;2016799015932266441;B
20241031;101057;851.5;1;2016799015932266442;B
20241031;101057;851.5;1;2016799015932266443;B
20241031;101057;851.5;1;2016799015932266444;B
20241031;101057;851.5;1;2016799015932266445;B
20241031;101057;851.5;1;2016799015932266446;B
20241031;101057;851.5;1;2016799015932266447;B
20241031;101057;851.5;1;2016799015932266448;B
20241031;101057;851.5;1;2016799015932266449;B
20241031;101057;851.5;1;2016799015932266450;B
20241031;101106;850.5;1;2016799015932266452;S
20241031;101107;850;5;2016799015932266453;S
20241031;101129;851.5;1;2016799015932266454;B
20241031;101138;850.5;2;2016799015932266455;S
20241031;101148;851.5;1;2016799015932266456;B
20241031;101152;851.5;20;2016799015932266457;S
20241031;101156;851.5;1;2016799015932266458;S
20241031;101203;851.5;1;2016799015932266459;S
20241031;101210;851.5;2;2016799015932266460;B
20241031;101219;852;1;2016799015932266461;B
20241031;101219;852;1;2016799015932266462;B
20241031;101227;852;1;2016799015932266463;B
20241031;101228;851.5;10;2016799015932266464;S
20241031;101233;852;1;2016799015932266465;B
20241031;101244;852;15;2016799015932266466;B
20241031;101244;852;5;2016799015932266467;B
20241031;101244;852;1;2016799015932266468;B
20241031;101244;852;7;2016799015932266469;B
20241031;101244;852;3;2016799015932266470;B
20241031;101246;852;1;2016799015932266471;S
20241031;101251;852;1;2016799015932266472;B
20241031;101251;852;53;2016799015932266473;B
20241031;101310;851.5;1;2016799015932266474;S
20241031;101310;851.5;1;2016799015932266475;S
20241031;101319;851.5;4;2016799015932266476;B
20241031;101319;851.5;6;2016799015932266477;B
20241031;101340;852;1;2016799015932266478;B
20241031;101344;852;17;2016799015932266479;B
20241031;101344;852;12;2016799015932266480;B
20241031;101344;852;1;2016799015932266481;B
20241031;101345;852.5;3;2016799015932266482;B
20241031;101348;852.5;3;2016799015932266483;B
20241031;101420;852.5;1;2016799015932266484;B
20241031;101422;852;1;2016799015932266485;B
20241031;101500;852;1;2016799015932266486;B
20241031;101501;852;1;2016799015932266487;B
20241031;101504;852;1;2016799015932266488;B
20241031;101508;851.5;2;2016799015932266489;S
20241031;101508;851.5;2;2016799015932266490;S
20241031;101508;851.5;2;2016799015932266491;S
20241031;101543;851;1;2016799015932266492;S
20241031;101554;851.5;1;2016799015932266493;B
20241031;101554;851;1;2016799015932266494;S
20241031;101555;852;2;2016799015932266495;B
20241031;101556;852;1;2016799015932266496;B
20241031;101600;852;1;2016799015932266497;B
20241031;101601;852;5;2016799015932266498;B
20241031;101601;852;5;2016799015932266499;B
20241031;101603;851;4;2016799015932266500;S
20241031;101603;851;1;2016799015932266501;S
20241031;101603;851;1;2016799015932266502;S
20241031;101603;851.5;1;2016799015932266503;B
20241031;101604;850.5;15;2016799015932266504;S
20241031;101609;851.5;1;2016799015932266505;B
20241031;101624;851.5;14;2016799015932266506;B
20241031;101627;851.5;2;2016799015932266507;B
20241031;101633;851;1;2016799015932266508;S
20241031;101650;851.5;15;2016799015932266509;B
20241031;101719;852;22;2016799015932266510;B
20241031;101727;852;12;2016799015932266511;B
20241031;101734;852;17;2016799015932266512;B
20241031;101756;851.5;1;2016799015932266513;B
20241031;101758;851;1;2016799015932266514;S
20241031;101758;851;23;2016799015932266515;S
20241031;101808;851.5;1;2016799015932266516;B
20241031;101808;851.5;1;2016799015932266517;B
20241031;101810;851;2;2016799015932266518;S
20241031;101832;851;1;2016799015932266519;S
20241031;101832;852;3;2016799015932266520;B
20241031;101918;852.5;10;2016799015932266521;B
20241031;101922;852;5;2016799015932266522;S
20241031;101922;852;4;2016799015932266523;S
20241031;101922;852;2;2016799015932266524;S
20241031;101922;852;2;2016799015932266525;S
20241031;101922;852;2;2016799015932266526;S
20241031;102000;852;1;2016799015932266527;B
20241031;102049;851.5;1;2016799015932266528;S
20241031;102051;851.5;1;2016799015932266529;B
20241031;102111;851;2;2016799015932266530;S
20241031;102115;851;1;2016799015932266531;S
20241031;102125;851;3;2016799015932266532;S
20241031;102146;850.5;5;2016799015932266533;S
20241031;102212;851;1;2016799015932266534;S
20241031;102218;851;1;2016799015932266535;S
20241031;102234;851;1;2016799015932266536;B
20241031;102320;850.5;1;2016799015932266537;S
20241031;102350;851;1;2016799015932266538;S
20241031;102403;850.5;9;2016799015932266539;S
20241031;102447;850;1;2016799015932266541;S
20241031;102447;850;1;2016799015932266542;S
20241031;102447;850;1;2016799015932266543;S
20241031;102447;850;1;2016799015932266544;S
20241031;102447;850;1;2016799015932266545;S
20241031;102447;850;1;2016799015932266546;S
20241031;102447;850;1;2016799015932266547;S
20241031;102447;850;1;2016799015932266548;S
20241031;102447;850;5;2016799015932266549;S
20241031;102447;850;1;2016799015932266550;S
20241031;102447;850;9;2016799015932266551;S
20241031;102448;849.5;1;2016799015932266552;S
20241031;102459;849.5;10;2016799015932266553;S
20241031;102459;849.5;7;2016799015932266554;S
20241031;102459;849.5;1;2016799015932266555;S
20241031;102459;849.5;1;2016799015932266556;S
20241031;102459;849.5;1;2016799015932266557;S
20241031;102459;849.5;1;2016799015932266562;S
20241031;102459;849.5;1;2016799015932266567;S
20241031;102501;849.5;2;2016799015932266568;B
20241031;102514;849;1;2016799015932266569;S
20241031;102514;849;1;2016799015932266570;S
20241031;102517;849;8;2016799015932266571;S
20241031;102517;849;2;2016799015932266572;S
20241031;102530;848.5;1;2016799015932266573;S
20241031;102530;848.5;1;2016799015932266574;S
20241031;102530;848.5;5;2016799015932266575;S
20241031;102530;848.5;1;2016799015932266576;S
20241031;102530;848.5;1;2016799015932266577;S
20241031;102530;848.5;1;2016799015932266578;S
20241031;102530;848.5;1;2016799015932266579;S
20241031;102530;848.5;1;2016799015932266580;S
20241031;102530;848.5;1;2016799015932266581;S
20241031;102530;848.5;1;2016799015932266582;S
20241031;102537;848.5;2;2016799015932266583;B
20241031;102548;849;1;2016799015932266584;B
20241031;102548;848.5;1;2016799015932266585;S
20241031;102611;848;2;2016799015932266586;S
20241031;102611;848;1;2016799015932266587;S
20241031;102611;848;1;2016799015932266588;S
20241031;102611;848;1;2016799015932266589;S
20241031;102611;848;1;2016799015932266590;S
20241031;102611;848;1;2016799015932266591;S
20241031;102611;848;3;2016799015932266592;S
20241031;102611;848;3;2016799015932266593;S
20241031;102611;848;1;2016799015932266594;S
20241031;102611;848;1;2016799015932266599;S
20241031;102611;847.5;1;2016799015932266600;S
20241031;102611;847.5;1;2016799015932266601;S
20241031;102611;847.5;1;2016799015932266602;S
20241031;102611;847.5;1;2016799015932266603;S
20241031;102611;847.5;2;2016799015932266604;S
20241031;102612;848;3;2016799015932266605;B
20241031;102612;848;1;2016799015932266606;B
20241031;102612;847.5;6;2016799015932266607;S
20241031;102612;847.5;9;2016799015932266608;S
20241031;102612;848;20;2016799015932266609;B
20241031;102615;848;1;2016799015932266610;B
20241031;102621;848;2;2016799015932266611;B
20241031;102621;848;1;2016799015932266612;B
20241031;102621;848;2;2016799015932266613;B
20241031;102621;848;3;2016799015932266614;B
20241031;102622;848.5;1;2016799015932266615;B
20241031;102631;848;3;2016799015932266616;S
20241031;102633;849;1;2016799015932266617;B
20241031;102635;849;10;2016799015932266618;B
20241031;102642;848;10;2016799015932266619;S
20241031;102643;849;1;2016799015932266620;B
20241031;102643;848;1;2016799015932266621;S
20241031;102645;849;2;2016799015932266622;B
20241031;102646;848.5;1;2016799015932266623;S
20241031;102726;848;10;2016799015932266624;S
20241031;102726;848;10;2016799015932266625;S
20241031;102740;847.5;1;2016799015932266626;S
20241031;102742;848;3;2016799015932266627;B
20241031;102745;848;2;2016799015932266628;B
20241031;102747;848;1;2016799015932266629;B
20241031;102750;847.5;1;2016799015932266630;S
20241031;102803;848;1;2016799015932266635;B
20241031;102804;848;50;2016799015932266636;B
20241031;102818;848;1;2016799015932266637;B
20241031;102844;848.5;1;2016799015932266638;B
20241031;102844;849;19;2016799015932266639;B
20241031;102901;849;10;2016799015932266640;B
20241031;102902;849;1;2016799015932266641;B
20241031;102912;849;1;2016799015932266642;B
20241031;102912;849;2;2016799015932266643;B
20241031;102940;849;1;2016799015932266644;S
20241031;102943;848.5;1;2016799015932266645;S
20241031;102947;848;1;2016799015932266646;S
20241031;102947;848;40;2016799015932266647;S
20241031;103002;848.5;1;2016799015932266648;B
20241031;103014;849;1;2016799015932266649;B
20241031;103014;849;17;2016799015932266650;B
20241031;103048;849.5;1;2016799015932266651;B
20241031;103056;849.5;1;2016799015932266652;B
20241031;103056;849.5;1;2016799015932266653;B
20241031;103056;849.5;1;2016799015932266654;B
20241031;103056;849.5;1;2016799015932266655;B
20241031;103056;849.5;1;2016799015932266656;B
20241031;103056;849.5;1;2016799015932266657;B
20241031;103056;849.5;1;2016799015932266658;B
20241031;103056;849.5;1;2016799015932266659;B
20241031;103056;849.5;1;2016799015932266660;B
20241031;103056;849.5;1;2016799015932266661;B
20241031;103124;849.5;1;2016799015932266662;S
20241031;103129;849.5;1;2016799015932266663;B
20241031;103137;848.5;1;2016799015932266664;B
20241031;103143;848;1;2016799015932266665;S
20241031;103143;848;2;2016799015932266666;S
20241031;103143;848;1;2016799015932266667;S
20241031;103143;848;1;2016799015932266668;S
20241031;103143;848;1;2016799015932266669;S
20241031;103143;848;1;2016799015932266670;S
20241031;103143;848;1;2016799015932266671;S
20241031;103143;848;1;2016799015932266672;S
20241031;103143;848;1;2016799015932266673;S
20241031;103143;848;1;2016799015932266674;S
20241031;103143;848;12;2016799015932266675;S
20241031;103143;848;18;2016799015932266676;S
20241031;103230;847.5;1;2016799015932266677;S
20241031;103230;847.5;1;2016799015932266678;S
20241031;103230;847.5;1;2016799015932266683;S
20241031;103230;847.5;1;2016799015932266684;S
20241031;103231;847;1;2016799015932266685;S
20241031;103231;847;1;2016799015932266686;S
20241031;103231;847;1;2016799015932266687;S
20241031;103231;847;1;2016799015932266688;S
20241031;103231;847;2;2016799015932266689;S
20241031;103232;847;1;2016799015932266690;S
20241031;103249;848.5;1;2016799015932266691;B
20241031;103257;848.5;8;2016799015932266692;B
20241031;103258;848.5;1;2016799015932266693;B
20241031;103300;848.5;2;2016799015932266694;B
20241031;103302;848.5;1;2016799015932266695;B
20241031;103315;848;1;2016799015932266696;B
20241031;103319;848;2;2016799015932266697;B
20241031;103334;848;2;2016799015932266698;B
20241031;103359;847;25;2016799015932266699;S
20241031;103359;847;4;2016799015932266700;S
20241031;103412;847.5;1;2016799015932266701;S
20241031;103419;848;2;2016799015932266702;B
20241031;103429;848;15;2016799015932266703;B
20241031;103525;848;1;2016799015932266704;B
20241031;103527;848;1;2016799015932266705;B
20241031;103527;848;1;2016799015932266706;B
20241031;103527;848;1;2016799015932266707;B
20241031;103603;847.5;1;2016799015932266708;S
20241031;103603;847.5;3;2016799015932266709;S
20241031;103611;847;1;2016799015932266710;S
20241031;103617;847;1;2016799015932266711;S
20241031;103617;847;1;2016799015932266712;S
20241031;103617;847;1;2016799015932266713;S
20241031;103617;847;1;2016799015932266714;S
20241031;103617;847;2;2016799015932266715;S
20241031;103617;847;4;2016799015932266716;S
20241031;103617;847;2;2016799015932266717;S
20241031;103621;847;1;2016799015932266718;S
20241031;103641;847.5;1;2016799015932266719;S
20241031;103646;848;1;2016799015932266720;B
20241031;103652;848.5;2;2016799015932266721;B
20241031;103654;848;1;2016799015932266722;S
20241031;103654;848;4;2016799015932266723;S
20241031;103703;848.5;1;2016799015932266724;B
20241031;103704;849;1;2016799015932266725;B
20241031;103720;848;10;2016799015932266726;S
20241031;103743;849;1;2016799015932266727;B
20241031;103803;849;1;2016799015932266728;B
20241031;103803;849;1;2016799015932266729;B
20241031;103803;849;1;2016799015932266730;B
20241031;103803;849;1;2016799015932266731;B
20241031;103803;849;1;2016799015932266732;B
20241031;103803;849;1;2016799015932266733;B
20241031;103803;849;1;2016799015932266734;B
20241031;103803;849;1;2016799015932266735;B
20241031;103803;849;1;2016799015932266736;B
20241031;103803;849;1;2016799015932266737;B
20241031;103803;849;1;2016799015932266742;B
20241031;103821;849.5;1;2016799015932266743;B
20241031;103821;849.5;1;2016799015932266744;B
20241031;103823;850;1;2016799015932266745;B
20241031;103823;850;1;2016799015932266746;B
20241031;103823;850;3;2016799015932266747;B
20241031;103833;850;1;2016799015932266748;B
20241031;103833;850;1;2016799015932266749;B
20241031;103833;850;1;2016799015932266750;B
20241031;103833;850;5;2016799015932266751;B
20241031;103833;850;1;2016799015932266752;B
20241031;103833;850;1;2016799015932266753;B
20241031;103833;850;1;2016799015932266754;B
20241031;103833;850;1;2016799015932266755;B
20241031;103833;850;1;2016799015932266756;B
20241031;103833;850;1;2016799015932266757;B
20241031;103833;850;1;2016799015932266758;B
20241031;103833;850;2;2016799015932266759;B
20241031;103840;850;6;2016799015932266760;B
20241031;103841;849.5;3;2016799015932266761;S
20241031;103848;850;5;2016799015932266762;B
20241031;103848;850;7;2016799015932266763;B
20241031;103855;850.5;1;2016799015932266764;B
20241031;103907;850.5;3;2016799015932266765;B
20241031;103914;850.5;1;2016799015932266766;B
20241031;103950;850;1;2016799015932266767;B
20241031;104002;850;3;2016799015932266768;S
20241031;104012;850.5;5;2016799015932266769;B
20241031;104017;849.5;2;2016799015932266770;S
20241031;104018;849;1;2016799015932266771;S
20241031;104028;849;1;2016799015932266772;S
20241031;104028;849;1;2016799015932266773;S
20241031;104028;849;98;2016799015932266774;S
20241031;104033;849.5;4;2016799015932266775;B
20241031;104033;849.5;2;2016799015932266776;B
20241031;104037;850;12;2016799015932266777;B
20241031;104039;850;1;2016799015932266778;B
20241031;104044;850;2;2016799015932266779;S
20241031;104059;850.5;1;2016799015932266780;B
20241031;104138;850;1;2016799015932266781;S
20241031;104201;850.5;2;2016799015932266782;B
20241031;104218;850;1;2016799015932266783;S
20241031;104311;849.5;3;2016799015932266784;B
20241031;104352;849.5;1;2016799015932266785;B
20241031;104450;849;8;2016799015932266786;S
20241031;104452;849.5;1;2016799015932266787;B
20241031;104506;849.5;2;2016799015932266788;B
20241031;104514;850;1;2016799015932266789;B
20241031;104514;850;1;2016799015932266790;B
20241031;104514;850;1;2016799015932266791;B
20241031;104523;850.5;12;2016799015932266792;B
20241031;104523;850.5;1;2016799015932266793;B
20241031;104523;850.5;1;2016799015932266794;B
20241031;104523;850.5;1;2016799015932266795;B
20241031;104523;850.5;1;2016799015932266796;B
20241031;104523;850.5;1;2016799015932266797;B
20241031;104531;851;3;2016799015932266798;B
20241031;104531;851;1;2016799015932266799;B
20241031;104531;851;1;2016799015932266800;B
20241031;104531;851;1;2016799015932266801;B
20241031;104531;851;1;2016799015932266802;B
20241031;104531;851;1;2016799015932266803;B
20241031;104531;851;1;2016799015932266804;B
20241031;104531;851;1;2016799015932266805;B
20241031;104531;851;1;2016799015932266806;B
20241031;104531;851;1;2016799015932266807;B
20241031;104531;851;1;2016799015932266808;B
20241031;104531;851;1;2016799015932266809;B
20241031;104532;851.5;15;2016799015932266810;B
20241031;104616;851;1;2016799015932266811;B
20241031;104627;850.5;10;2016799015932266812;S
20241031;104627;850.5;3;2016799015932266813;S
20241031;104627;850.5;7;2016799015932266814;S
20241031;104628;850.5;7;2016799015932266815;S
20241031;104628;850.5;1;2016799015932266816;S
20241031;104628;850.5;1;2016799015932266817;S
20241031;104638;850;3;2016799015932266818;S
20241031;104703;850.5;1;2016799015932266819;B
20241031;104709;850.5;1;2016799015932266820;B
20241031;104722;851;1;2016799015932266821;B
20241031;104722;851;1;2016799015932266822;B
20241031;104726;851.5;3;2016799015932266823;B
20241031;104743;851;1;2016799015932266824;S
20241031;104759;851.5;1;2016799015932266825;B
20241031;104759;851.5;1;2016799015932266826;B
20241031;104759;851.5;1;2016799015932266827;B
20241031;104759;851.5;1;2016799015932266828;B
20241031;104759;851.5;26;2016799015932266829;B
20241031;104814;850.5;3;2016799015932266830;S
20241031;104828;850.5;1;2016799015932266831;S
20241031;104835;850;17;2016799015932266832;S
20241031;104835;850;5;2016799015932266833;S
20241031;104836;850;8;2016799015932266834;S
20241031;104852;850.5;10;2016799015932266835;B
20241031;104938;850.5;1;2016799015932266836;S
20241031;105020;850.5;4;2016799015932266837;S
20241031;105020;850.5;10;2016799015932266838;S
20241031;105038;850;1;2016799015932266839;S
20241031;105038;850;1;2016799015932266840;S
20241031;105038;850;5;2016799015932266841;S
20241031;105104;849.5;1;2016799015932266842;S
20241031;105104;849.5;1;2016799015932266843;S
20241031;105104;849.5;1;2016799015932266844;S
20241031;105104;849.5;1;2016799015932266845;S
20241031;105104;849.5;1;2016799015932266846;S
20241031;105104;849.5;1;2016799015932266847;S
20241031;105104;849.5;1;2016799015932266848;S
20241031;105104;849.5;1;2016799015932266849;S
20241031;105104;849.5;1;2016799015932266850;S
20241031;105104;849.5;1;2016799015932266851;S
20241031;105104;849.5;1;2016799015932266852;S
20241031;105158;849;1;2016799015932266853;S
20241031;105202;849;4;2016799015932266854;S
20241031;105202;849;2;2016799015932266855;S
20241031;105202;849;4;2016799015932266856;S
20241031;105216;849.5;1;2016799015932266857;B
20241031;105227;850;1;2016799015932266858;S
20241031;105238;850.5;1;2016799015932266859;B
20241031;105238;850.5;1;2016799015932266860;B
20241031;105238;850.5;1;2016799015932266861;B
20241031;105238;850.5;1;2016799015932266862;B
20241031;105238;850.5;1;2016799015932266863;B
20241031;105238;850.5;1;2016799015932266864;B
20241031;105238;850.5;1;2016799015932266865;B
20241031;105238;850.5;1;2016799015932266866;B
20241031;105252;851;1;2016799015932266867;B
20241031;105300;851;24;2016799015932266868;B
20241031;105301;851.5;2;2016799015932266869;B
20241031;105301;851.5;1;2016799015932266870;B
20241031;105301;851.5;1;2016799015932266871;B
20241031;105301;851.5;1;2016799015932266872;B
20241031;105301;851.5;1;2016799015932266873;B
20241031;105301;851.5;1;2016799015932266874;B
20241031;105301;851.5;1;2016799015932266875;B
20241031;105301;851.5;1;2016799015932266876;B
20241031;105301;851.5;1;2016799015932266877;B
20241031;105301;851.5;1;2016799015932266878;B
20241031;105301;851.5;1;2016799015932266879;B
20241031;105306;852;1;2016799015932266880;B
20241031;105306;852;1;2016799015932266881;B
20241031;105306;852;1;2016799015932266882;B
20241031;105306;852;10;2016799015932266883;B
20241031;105306;852;2;2016799015932266884;B
20241031;105306;852;8;2016799015932266885;B
20241031;105306;852;1;2016799015932266886;B
20241031;105306;852;1;2016799015932266887;B
20241031;105306;852;1;2016799015932266888;B
20241031;105306;852;1;2016799015932266889;B
20241031;105306;852;1;2016799015932266890;B
20241031;105307;852;3;2016799015932266891;B
20241031;105307;852;1;2016799015932266892;B
20241031;105316;851.5;1;2016799015932266893;S
20241031;105452;851;1;2016799015932266894;S
20241031;105453;850.5;2;2016799015932266895;S
20241031;105515;851;5;2016799015932266896;S
20241031;105523;852;1;2016799015932266897;B
20241031;105523;852;1;2016799015932266898;B
20241031;105551;852;1;2016799015932266899;B
20241031;105556;852.5;30;2016799015932266900;B
20241031;105556;852.5;1;2016799015932266901;B
20241031;105557;852.5;5;2016799015932266902;B
20241031;105624;852.5;17;2016799015932266903;B
20241031;105746;852;1;2016799015932266904;S
20241031;105809;851.5;2;2016799015932266905;S
20241031;105830;851.5;1;2016799015932266906;B
20241031;105902;851.5;2;2016799015932266907;B
20241031;105932;851.5;4;2016799015932266908;B
20241031;110058;850.5;5;2016799015932266910;S
20241031;110058;850.5;3;2016799015932266911;S
20241031;110058;850.5;2;2016799015932266912;S
20241031;110058;850.5;1;2016799015932266913;S
20241031;110058;850.5;1;2016799015932266914;S
20241031;110113;850.5;1;2016799015932266915;S
20241031;110123;850.5;2;2016799015932266916;S
20241031;110123;850.5;2;2016799015932266917;S
20241031;110123;850.5;2;2016799015932266918;S
20241031;110143;850;1;2016799015932266919;S
20241031;110143;850;1;2016799015932266920;S
20241031;110143;850;1;2016799015932266921;S
20241031;110143;850;1;2016799015932266922;S
20241031;110143;850;1;2016799015932266923;S
20241031;110143;850;1;2016799015932266924;S
20241031;110143;850;1;2016799015932266925;S
20241031;110144;850;1;2016799015932266926;S
20241031;110144;850;1;2016799015932266927;S
20241031;110152;849.5;1;2016799015932266928;S
20241031;110152;849.5;1;2016799015932266929;S
20241031;110152;849.5;1;2016799015932266930;S
20241031;110154;849;1;2016799015932266931;S
20241031;110154;849;1;2016799015932266932;S
20241031;110209;849;6;2016799015932266933;S
20241031;110222;850;1;2016799015932266934;B
20241031;110242;850;1;2016799015932266935;S
20241031;110242;850;2;2016799015932266936;S
20241031;110244;850;3;2016799015932266937;S
20241031;110244;850;2;2016799015932266938;S
20241031;110351;850;1;2016799015932266939;B
20241031;110351;850;4;2016799015932266940;B
20241031;110400;849;1;2016799015932266941;S
20241031;110400;849;2;2016799015932266942;S
20241031;110401;849;8;2016799015932266943;S
20241031;110401;849;1;2016799015932266944;S
20241031;110405;849.5;1;2016799015932266945;B
20241031;110456;850;1;2016799015932266946;B
20241031;110519;850;1;2016799015932266947;B
20241031;110527;850;3;2016799015932266948;B
20241031;110603;849;1;2016799015932266949;S
20241031;110609;849;2;2016799015932266950;B
20241031;110609;849;4;2016799015932266951;B
20241031;110609;849;2;2016799015932266952;B
20241031;110614;848.5;6;2016799015932266953;S
20241031;110629;849;1;2016799015932266954;S
20241031;110643;849.5;1;2016799015932266955;B
20241031;110645;850;2;2016799015932266956;B
20241031;110645;850;2;2016799015932266957;B
20241031;110653;850;1;2016799015932266958;B
20241031;110714;849.5;1;2016799015932266959;B
20241031;110714;849.5;1;2016799015932266960;B
20241031;110733;849;2;2016799015932266961;S
20241031;110735;849;2;2016799015932266962;S
20241031;110751;849;2;2016799015932266963;S
20241031;110823;849.5;2;2016799015932266964;B
20241031;110911;849;17;2016799015932266965;S
20241031;110959;849;2;2016799015932266966;S
20241031;110959;849;4;2016799015932266967;S
20241031;111006;849;1;2016799015932266968;B
20241031;111008;849;1;2016799015932266969;B
20241031;111016;848.5;1;2016799015932266970;S
20241031;111016;848.5;1;2016799015932266971;S
20241031;111016;848.5;1;2016799015932266972;S
20241031;111016;848.5;1;2016799015932266973;S
20241031;111016;848.5;1;2016799015932266974;S
20241031;111016;848.5;1;2016799015932266975;S
20241031;111016;848.5;1;2016799015932266976;S
20241031;111016;848.5;1;2016799015932266977;S
20241031;111016;848.5;1;2016799015932266978;S
20241031;111016;848.5;2;2016799015932266979;S
20241031;111016;848.5;7;2016799015932266980;S
20241031;111100;849.5;1;2016799015932266981;B
20241031;111100;849.5;1;2016799015932266982;B
20241031;111100;849.5;1;2016799015932266983;B
20241031;111100;849.5;1;2016799015932266984;B
20241031;111100;849.5;1;2016799015932266985;B
20241031;111100;849.5;1;2016799015932266986;B
20241031;111100;849.5;1;2016799015932266987;B
20241031;111100;849.5;2;2016799015932266988;B
20241031;111108;850;2;2016799015932266989;B
20241031;111108;850;2;2016799015932266990;B
20241031;111108;850;1;2016799015932266991;B
20241031;111108;850;2;2016799015932266992;B
20241031;111109;850.5;2;2016799015932266993;B
20241031;111109;850.5;6;2016799015932266994;B
20241031;111109;850.5;4;2016799015932266995;B
20241031;111109;850.5;1;2016799015932266996;B
20241031;111109;850.5;1;2016799015932266997;B
20241031;111109;850.5;2;2016799015932266998;B
20241031;111109;850.5;1;2016799015932266999;B
20241031;111109;850.5;1;2016799015932267000;B
20241031;111109;850.5;1;2016799015932267001;B
20241031;111109;850.5;1;2016799015932267002;B
20241031;111109;850.5;1;2016799015932267003;B
20241031;111109;850.5;1;2016799015932267004;B
20241031;111109;850.5;1;2016799015932267005;B
20241031;111109;850.5;1;2016799015932267006;B
20241031;111140;850.5;5;2016799015932267007;B
20241031;111142;850.5;4;2016799015932267008;B
20241031;111207;850;1;2016799015932267009;S
20241031;111228;850;1;2016799015932267010;B
20241031;111228;850;2;2016799015932267011;B
20241031;111345;851;1;2016799015932267012;B
20241031;111345;851;1;2016799015932267013;B
20241031;111345;851;2;2016799015932267014;B
20241031;111345;851;2;2016799015932267015;B
20241031;111345;851.5;1;2016799015932267016;B
20241031;111345;851.5;1;2016799015932267017;B
20241031;111346;851.5;1;2016799015932267018;B
20241031;111358;851.5;1;2016799015932267019;B
20241031;111358;851.5;1;2016799015932267020;B
20241031;111402;851.5;1;2016799015932267021;B
20241031;111403;851.5;2;2016799015932267022;B
20241031;111403;851.5;1;2016799015932267023;B
20241031;111403;851.5;1;2016799015932267024;B
20241031;111403;851.5;1;2016799015932267025;B
20241031;111403;851.5;1;2016799015932267026;B
20241031;111403;851.5;1;2016799015932267027;B
20241031;111403;851.5;1;2016799015932267028;B
20241031;111403;851.5;1;2016799015932267029;B
20241031;111404;852;1;2016799015932267030;B
20241031;111404;852;2;2016799015932267031;B
20241031;111405;852;1;2016799015932267032;B
20241031;111405;852;2;2016799015932267033;B
20241031;111405;852;2;2016799015932267034;B
20241031;111405;852;2;2016799015932267035;B
20241031;111405;852;3;2016799015932267036;B
20241031;111405;852;5;2016799015932267037;B
20241031;111405;852;1;2016799015932267038;B
20241031;111405;852;1;2016799015932267043;B
20241031;111413;852.5;10;2016799015932267044;B
20241031;111413;852.5;1;2016799015932267045;B
20241031;111413;852.5;1;2016799015932267046;B
20241031;111413;852.5;1;2016799015932267047;B
20241031;111413;852.5;2;2016799015932267048;B
20241031;111413;852.5;2;2016799015932267049;B
20241031;111413;852.5;1;2016799015932267050;B
20241031;111416;852.5;1;2016799015932267051;B
20241031;111421;852;1;2016799015932267052;B
20241031;111428;852;1;2016799015932267053;B
20241031;111444;852.5;1;2016799015932267054;B
20241031;111444;852.5;1;2016799015932267055;B
20241031;111444;852.5;1;2016799015932267056;B
20241031;111444;852.5;1;2016799015932267057;B
20241031;111444;852.5;1;2016799015932267058;B
20241031;111444;852.5;1;2016799015932267059;B
20241031;111444;852.5;1;2016799015932267060;B
20241031;111444;852.5;1;2016799015932267061;B
20241031;111444;852.5;1;2016799015932267062;B
20241031;111444;852.5;1;2016799015932267063;B
20241031;111444;852.5;1;2016799015932267064;B
20241031;111444;852.5;1;2016799015932267065;B
20241031;111503;852;2;2016799015932267066;S
20241031;111516;851.5;4;2016799015932267067;S
20241031;111656;852;1;2016799015932267068;B
20241031;111718;852.5;2;2016799015932267069;B
20241031;111718;852.5;1;2016799015932267070;B
20241031;111727;852;1;2016799015932267071;B
20241031;111737;851.5;1;2016799015932267072;S
20241031;111737;851.5;1;2016799015932267073;S
20241031;111737;851.5;1;2016799015932267074;S
20241031;111737;851.5;1;2016799015932267075;S
20241031;111737;851.5;2;2016799015932267076;S
20241031;111739;851;2;2016799015932267077;S
20241031;111908;852;2;2016799015932267079;B
20241031;111931;852.5;1;2016799015932267080;B
20241031;111931;852.5;2;2016799015932267081;B
20241031;111931;852.5;1;2016799015932267082;B
20241031;111931;852.5;1;2016799015932267083;B
20241031;111937;853;2;2016799015932267084;B
20241031;111937;853;1;2016799015932267085;B
20241031;111937;853;1;2016799015932267086;B
20241031;111937;853;1;2016799015932267087;B
20241031;111937;853;1;2016799015932267088;B
20241031;111937;853;1;2016799015932267089;B
20241031;111937;853;1;2016799015932267090;B
20241031;111937;853;1;2016799015932267091;B
20241031;111937;853;2;2016799015932267092;B
20241031;111937;853;6;2016799015932267093;B
20241031;111937;853;1;2016799015932267094;B
20241031;111937;853;1;2016799015932267095;B
20241031;111937;853;1;2016799015932267096;B
20241031;111937;853;1;2016799015932267097;B
20241031;111937;853.5;3;2016799015932267098;B
20241031;111937;853.5;1;2016799015932267099;B
20241031;111937;853.5;1;2016799015932267100;B
20241031;111937;853.5;6;2016799015932267101;B
20241031;111937;853.5;89;2016799015932267102;B
20241031;111937;853.5;1;2016799015932267103;B
20241031;111937;853.5;2;2016799015932267104;B
20241031;111937;853;2;2016799015932267105;S
20241031;111938;853.5;2;2016799015932267106;B
20241031;111941;853.5;1;2016799015932267107;B
20241031;111941;853.5;1;2016799015932267108;B
20241031;111941;853.5;1;2016799015932267109;B
20241031;111941;853.5;1;2016799015932267110;B
20241031;111942;853.5;2;2016799015932267111;B
20241031;111942;853.5;4;2016799015932267112;B
20241031;112001;853.5;1;2016799015932267113;B
20241031;112040;853;1;2016799015932267114;B
20241031;112040;853;1;2016799015932267115;B
20241031;112045;853;1;2016799015932267116;S
20241031;112050;853.5;5;2016799015932267117;B
20241031;112050;853.5;1;2016799015932267118;B
20241031;112050;853.5;8;2016799015932267119;B
20241031;112050;853.5;1;2016799015932267120;B
20241031;112050;853.5;1;2016799015932267121;B
20241031;112050;853.5;1;2016799015932267122;B
20241031;112050;853.5;1;2016799015932267123;B
20241031;112050;853.5;1;2016799015932267124;B
20241031;112050;853.5;1;2016799015932267125;B
20241031;112050;854;16;2016799015932267126;B
20241031;112050;854;4;2016799015932267127;B
20241031;112050;854;3;2016799015932267128;B
20241031;112050;854;1;2016799015932267129;B
20241031;112050;854;1;2016799015932267130;B
20241031;112050;854;1;2016799015932267131;B
20241031;112050;854;5;2016799015932267132;B
20241031;112050;854;1;2016799015932267133;B
20241031;112051;854;1;2016799015932267134;B
20241031;112051;854;1;2016799015932267135;B
20241031;112051;854;1;2016799015932267136;B
20241031;112051;854;1;2016799015932267137;B
20241031;112051;854;1;2016799015932267138;B
20241031;112051;854;1;2016799015932267139;B
20241031;112051;854;1;2016799015932267140;B
20241031;112051;854.5;2;2016799015932267141;B
20241031;112052;854.5;2;2016799015932267142;B
20241031;112052;854.5;4;2016799015932267143;B
20241031;112106;853.5;5;2016799015932267144;S
20241031;112108;854.5;2;2016799015932267145;B
20241031;112108;854.5;1;2016799015932267146;B
20241031;112108;854.5;17;2016799015932267147;B
20241031;112113;854.5;10;2016799015932267148;B
20241031;112118;854;12;2016799015932267149;S
20241031;112118;854;13;2016799015932267150;S
20241031;112207;853.5;1;2016799015932267151;S
20241031;112221;853.5;1;2016799015932267152;S
20241031;112245;854;1;2016799015932267153;S
20241031;112308;854.5;1;2016799015932267154;B
20241031;112308;854.5;1;2016799015932267155;B
20241031;112308;854.5;1;2016799015932267156;B
20241031;112308;854.5;2;2016799015932267157;B
20241031;112308;854.5;1;2016799015932267158;B
20241031;112308;854.5;4;2016799015932267159;B
20241031;112308;854.5;6;2016799015932267160;B
20241031;112308;854.5;1;2016799015932267161;B
20241031;112308;854.5;1;2016799015932267162;B
20241031;112308;854.5;1;2016799015932267163;B
20241031;112311;854.5;1;2016799015932267164;S
20241031;112320;854.5;5;2016799015932267165;S
20241031;112333;855;1;2016799015932267166;B
20241031;112333;855;1;2016799015932267167;B
20241031;112333;855;2;2016799015932267168;B
20241031;112428;854.5;5;2016799015932267169;S
20241031;112430;855;1;2016799015932267170;B
20241031;112430;855;1;2016799015932267171;B
20241031;112431;855;4;2016799015932267172;B
20241031;112431;855;1;2016799015932267173;B
20241031;112431;855;1;2016799015932267174;B
20241031;112431;855;1;2016799015932267175;B
20241031;112431;855;3;2016799015932267176;B
20241031;112431;855;3;2016799015932267177;B
20241031;112431;855;1;2016799015932267178;B
20241031;112431;855;1;2016799015932267179;B
20241031;112431;855;5;2016799015932267180;B
20241031;112431;855;5;2016799015932267181;B
20241031;112431;855;1;2016799015932267182;B
20241031;112431;855;5;2016799015932267183;B
20241031;112431;855;2;2016799015932267184;B
20241031;112431;855;1;2016799015932267185;B
20241031;112431;855;5;2016799015932267186;B
20241031;112431;855;3;2016799015932267187;B
20241031;112436;855;12;2016799015932267188;B
20241031;112436;855;1;2016799015932267189;B
20241031;112436;855;1;2016799015932267190;B
20241031;112436;855;1;2016799015932267191;B
20241031;112436;855;1;2016799015932267192;B
20241031;112436;855;6;2016799015932267193;B
20241031;112436;855;3;2016799015932267194;B
20241031;112437;855;7;2016799015932267195;B
20241031;112450;854.5;1;2016799015932267196;S
20241031;112452;854.5;8;2016799015932267197;B
20241031;112509;854.5;1;2016799015932267198;B
20241031;112510;854;1;2016799015932267199;S
20241031;112510;854;1;2016799015932267200;S
20241031;112510;854;1;2016799015932267201;S
20241031;112510;854;1;2016799015932267202;S
20241031;112510;854;1;2016799015932267203;S
20241031;112540;853.5;5;2016799015932267204;S
20241031;112544;854;1;2016799015932267205;S
20241031;112551;853.5;2;2016799015932267206;S
20241031;112555;853.5;2;2016799015932267207;S
20241031;112555;853.5;1;2016799015932267208;S
20241031;112555;853.5;1;2016799015932267213;S
20241031;112555;853.5;11;2016799015932267214;S
20241031;112556;853.5;8;2016799015932267215;S
20241031;112601;853.5;20;2016799015932267216;S
20241031;112608;854;1;2016799015932267217;B
20241031;112612;854.5;1;2016799015932267218;B
20241031;112619;854;1;2016799015932267219;B
20241031;112627;854;5;2016799015932267220;S
20241031;112645;853.5;1;2016799015932267221;S
20241031;112645;853.5;1;2016799015932267222;S
20241031;112645;853.5;1;2016799015932267223;S
20241031;112645;853.5;7;2016799015932267224;S
20241031;112717;853.5;1;2016799015932267225;S
20241031;112717;853.5;9;2016799015932267226;S
20241031;112812;853.5;2;2016799015932267227;B
20241031;112834;853.5;3;2016799015932267228;B
20241031;112837;853;1;2016799015932267229;S
20241031;112837;853;1;2016799015932267230;S
20241031;112837;853;1;2016799015932267231;S
20241031;112837;853;5;2016799015932267232;S
20241031;112847;853;5;2016799015932267233;S
20241031;112847;853;2;2016799015932267234;S
20241031;112847;853;10;2016799015932267235;S
20241031;112847;853;1;2016799015932267236;S
20241031;112847;853;1;2016799015932267237;S
20241031;112847;853;1;2016799015932267238;S
20241031;112847;853;1;2016799015932267239;S
20241031;112847;853;1;2016799015932267240;S
20241031;112847;853;1;2016799015932267241;S
20241031;112904;852.5;1;2016799015932267242;S
20241031;113039;853.5;1;2016799015932267243;B
20241031;113045;853.5;1;2016799015932267244;B
20241031;113134;853;7;2016799015932267245;S
20241031;113134;853;4;2016799015932267246;S
20241031;113145;852.5;2;2016799015932267247;S
20241031;113145;852.5;3;2016799015932267248;S
20241031;113145;852.5;4;2016799015932267249;S
20241031;113145;852.5;2;2016799015932267250;S
20241031;113145;852.5;1;2016799015932267251;S
20241031;113145;852.5;1;2016799015932267252;S
20241031;113145;852.5;1;2016799015932267253;S
20241031;113145;852.5;2;2016799015932267254;S
20241031;113146;852.5;1;2016799015932267255;S
20241031;113254;852;2;2016799015932267256;S
20241031;113314;852.5;1;2016799015932267257;B
20241031;113324;852;2;2016799015932267258;S
20241031;113324;852;1;2016799015932267259;S
20241031;113324;852;7;2016799015932267260;S
20241031;113324;852;3;2016799015932267261;S
20241031;113324;852;1;2016799015932267262;S
20241031;113324;852;1;2016799015932267263;S
20241031;113324;852;1;2016799015932267264;S
20241031;113324;852;1;2016799015932267265;S
20241031;113324;852;1;2016799015932267266;S
20241031;113324;852;1;2016799015932267267;S
20241031;113324;852;1;2016799015932267268;S
20241031;113346;852;1;2016799015932267269;S
20241031;113347;852;1;2016799015932267270;S
20241031;113413;852.5;1;2016799015932267271;B
20241031;113413;852.5;9;2016799015932267272;B
20241031;113428;852;1;2016799015932267273;S
20241031;113439;851.5;15;2016799015932267274;S
20241031;113522;852.5;2;2016799015932267275;B
20241031;113523;852.5;10;2016799015932267276;B
20241031;113542;852;1;2016799015932267277;S
20241031;113542;852;124;2016799015932267278;S
20241031;113542;851.5;1;2016799015932267279;S
20241031;113542;851.5;2;2016799015932267280;S
20241031;113542;851.5;1;2016799015932267281;S
20241031;113542;851.5;10;2016799015932267282;S
20241031;113542;851.5;10;2016799015932267283;S
20241031;113542;851.5;1;2016799015932267284;S
20241031;113542;851.5;1;2016799015932267285;S
20241031;113542;851.5;10;2016799015932267286;S
20241031;113542;851;2;2016799015932267287;S
20241031;113542;851.5;10;2016799015932267288;S
20241031;113551;851.5;3;2016799015932267289;S
20241031;113614;851;3;2016799015932267290;S
20241031;113629;851.5;1;2016799015932267291;B
20241031;113639;851;1;2016799015932267292;S
20241031;113742;852;2;2016799015932267293;B
20241031;113742;852;2;2016799015932267294;B
20241031;113742;852;1;2016799015932267295;B
20241031;113819;851.5;1;2016799015932267296;S
20241031;113831;851;1;2016799015932267297;S
20241031;113831;851;1;2016799015932267298;S
20241031;113831;851;5;2016799015932267299;S
20241031;113831;851;5;2016799015932267300;S
20241031;113831;851;1;2016799015932267301;S
20241031;113831;851;1;2016799015932267302;S
20241031;113831;851;1;2016799015932267303;S
20241031;113831;851;1;2016799015932267304;S
20241031;113831;851;1;2016799015932267305;S
20241031;113831;851;1;2016799015932267306;S
20241031;113831;851;1;2016799015932267307;S
20241031;114036;852;1;2016799015932267308;B
20241031;114107;852;1;2016799015932267309;B
20241031;114107;852;1;2016799015932267310;B
20241031;114107;852;1;2016799015932267311;B
20241031;114107;852;1;2016799015932267312;B
20241031;114107;852;1;2016799015932267313;B
20241031;114118;852.5;10;2016799015932267314;B
20241031;114118;852.5;4;2016799015932267315;B
20241031;114118;852.5;6;2016799015932267316;B
20241031;114118;852.5;5;2016799015932267317;B
20241031;114118;852.5;2;2016799015932267318;B
20241031;114118;852.5;1;2016799015932267319;B
20241031;114118;852.5;1;2016799015932267320;B
20241031;114118;852.5;1;2016799015932267321;B
20241031;114119;853;20;2016799015932267322;B
20241031;114137;852;1;2016799015932267323;S
20241031;114211;853;20;2016799015932267324;B
20241031;114500;851;1;2016799015932267325;S
20241031;114500;851;5;2016799015932267326;S
20241031;114500;851;5;2016799015932267327;S
20241031;114501;851;7;2016799015932267328;S
20241031;114501;851;3;2016799015932267329;S
20241031;114501;851;1;2016799015932267330;S
20241031;114501;851;1;2016799015932267335;S
20241031;114501;851;1;2016799015932267336;S
20241031;114501;851;1;2016799015932267337;B
20241031;114534;851.5;1;2016799015932267338;B
20241031;114547;851.5;2;2016799015932267339;B
20241031;114555;851.5;20;2016799015932267340;B
20241031;114603;852;20;2016799015932267341;B
20241031;114629;851.5;1;2016799015932267342;B
20241031;114629;851.5;19;2016799015932267343;B
20241031;114644;851.5;1;2016799015932267344;B
20241031;114747;851.5;1;2016799015932267345;B
20241031;114859;852;1;2016799015932267346;B
20241031;115157;851.5;1;2016799015932267347;B
20241031;115212;851;1;2016799015932267348;S
20241031;115216;850.5;2;2016799015932267349;S
20241031;115216;850.5;1;2016799015932267350;S
20241031;115216;850.5;1;2016799015932267351;S
20241031;115216;850.5;9;2016799015932267352;S
20241031;115216;850.5;1;2016799015932267353;S
20241031;115216;850.5;1;2016799015932267354;S
20241031;115216;850.5;1;2016799015932267355;S
20241031;115216;850.5;1;2016799015932267356;S
20241031;115216;850.5;1;2016799015932267357;S
20241031;115216;850.5;1;2016799015932267358;S
20241031;115216;850.5;1;2016799015932267359;S
20241031;115216;850.5;1;2016799015932267360;S
20241031;115216;850;119;2016799015932267361;S
20241031;115220;850;2;2016799015932267362;S
20241031;115220;850;1;2016799015932267363;S
20241031;115220;850;1;2016799015932267364;S
20241031;115220;850;2;2016799015932267365;S
20241031;115220;850;1;2016799015932267366;S
20241031;115224;850;1;2016799015932267367;B
20241031;115230;849.5;18;2016799015932267368;S
20241031;115231;849.5;6;2016799015932267369;S
20241031;115244;849.5;2;2016799015932267370;S
20241031;115244;849.5;1;2016799015932267371;S
20241031;115244;849.5;1;2016799015932267372;S
20241031;115244;849.5;1;2016799015932267373;S
20241031;115244;849.5;10;2016799015932267374;S
20241031;115244;849.5;1;2016799015932267375;S
20241031;115308;850.5;1;2016799015932267376;B
20241031;115410;850.5;10;2016799015932267377;B
20241031;115410;850.5;2;2016799015932267378;B
20241031;115410;850.5;10;2016799015932267379;B
20241031;115418;850;5;2016799015932267380;S
20241031;115419;850;2;2016799015932267381;S
20241031;115432;850;1;2016799015932267382;S
20241031;115441;850.5;15;2016799015932267383;B
20241031;115521;850;9;2016799015932267384;B
20241031;115542;849.5;1;2016799015932267385;S
20241031;115546;849.5;1;2016799015932267386;S
20241031;115613;849.5;2;2016799015932267387;S
20241031;115636;849.5;7;2016799015932267388;B
20241031;115641;849.5;1;2016799015932267389;S
20241031;115708;850;2;2016799015932267390;S
20241031;115722;849.5;1;2016799015932267391;S
20241031;115756;849;2;2016799015932267392;S
20241031;115756;849;3;2016799015932267393;S
20241031;115756;849;12;2016799015932267394;S
20241031;115756;849;27;2016799015932267395;S
20241031;115756;849;3;2016799015932267396;S
20241031;115756;849;10;2016799015932267397;S
20241031;115756;849;39;2016799015932267398;S
20241031;115756;849;6;2016799015932267399;S
20241031;115756;849;3;2016799015932267400;S
20241031;115756;849;4;2016799015932267401;S
20241031;115756;849;4;2016799015932267402;S
20241031;115756;849;6;2016799015932267403;S
20241031;115756;849;5;2016799015932267404;S
20241031;115756;849;2;2016799015932267405;S
20241031;115756;849;1;2016799015932267406;S
20241031;115756;849;1;2016799015932267407;S
20241031;115756;849;1;2016799015932267408;S
20241031;115756;849;1;2016799015932267409;S
20241031;115756;849;1;2016799015932267410;S
20241031;115756;849;1;2016799015932267411;S
20241031;115756;849;1;2016799015932267412;S
20241031;115756;849;1;2016799015932267413;S
20241031;115756;849;1;2016799015932267414;S
20241031;115756;849;1;2016799015932267415;S
20241031;115756;849;1;2016799015932267416;S
20241031;115756;849;10;2016799015932267417;S
20241031;115756;849;1;2016799015932267418;S
20241031;115756;849;4;2016799015932267419;S
20241031;115756;849;11;2016799015932267420;S
20241031;115756;849;5;2016799015932267421;S
20241031;115756;849;3;2016799015932267422;S
20241031;115756;849;4;2016799015932267423;S
20241031;115756;849;7;2016799015932267424;S
20241031;115756;849;5;2016799015932267425;S
20241031;115756;849;9;2016799015932267426;S
20241031;115756;849;3;2016799015932267427;S
20241031;115756;849;4;2016799015932267428;S
20241031;115756;849;4;2016799015932267429;S
20241031;115756;849;4;2016799015932267430;S
20241031;115756;849;10;2016799015932267431;S
20241031;115756;849;10;2016799015932267432;S
20241031;115756;849;7;2016799015932267433;S
20241031;115756;849;33;2016799015932267434;S
20241031;115756;848.5;2;2016799015932267435;S
20241031;115756;848.5;1;2016799015932267436;S
20241031;115756;849;5;2016799015932267437;S
20241031;115756;849;5;2016799015932267438;S
20241031;115756;849;11;2016799015932267439;S
20241031;115757;849;12;2016799015932267440;S
20241031;115757;849;3;2016799015932267441;S
20241031;115757;849;3;2016799015932267442;S
20241031;115757;849;12;2016799015932267443;S
20241031;115757;849;13;2016799015932267444;S
20241031;115757;849;7;2016799015932267445;S
20241031;115758;848.5;1;2016799015932267446;S
20241031;115840;848.5;1;2016799015932267447;S
20241031;115857;848.5;1;2016799015932267448;S
20241031;115857;848;2;2016799015932267449;S
20241031;115857;848;1;2016799015932267450;S
20241031;115857;848;1;2016799015932267451;S
20241031;115857;848;1;2016799015932267452;S
20241031;120022;848.5;1;2016799015932267453;S
20241031;120024;848.5;1;2016799015932267454;S
20241031;120024;848.5;3;2016799015932267455;S
20241031;120025;848.5;1;2016799015932267456;S
20241031;120030;848.5;1;2016799015932267457;S
20241031;120033;849;2;2016799015932267458;B
20241031;120033;849;2;2016799015932267459;B
20241031;120033;849;1;2016799015932267460;B
20241031;120033;849;2;2016799015932267461;B
20241031;120033;849;1;2016799015932267462;B
20241031;120044;849;1;2016799015932267463;S
20241031;120048;849;1;2016799015932267464;S
20241031;120051;850;10;2016799015932267465;B
20241031;120107;850;6;2016799015932267466;B
20241031;120108;849.5;1;2016799015932267467;S
20241031;120114;850;1;2016799015932267468;B
20241031;120118;849.5;5;2016799015932267469;S
20241031;120155;850;1;2016799015932267470;B
20241031;120155;850;1;2016799015932267471;B
20241031;120155;850;1;2016799015932267472;B
20241031;120155;850;1;2016799015932267473;B
20241031;120155;850;1;2016799015932267474;B
20241031;120155;850;1;2016799015932267475;B
20241031;120206;849;5;2016799015932267476;S
20241031;120248;849;1;2016799015932267477;S
20241031;120248;849;1;2016799015932267478;S
20241031;120325;849;1;2016799015932267479;S
20241031;120354;849.5;1;2016799015932267480;B
20241031;120436;849.5;1;2016799015932267481;B
20241031;120444;849.5;1;2016799015932267482;B
20241031;120451;849.5;1;2016799015932267483;B
20241031;120458;849.5;1;2016799015932267484;S
20241031;120458;850;3;2016799015932267485;B
20241031;120502;849.5;1;2016799015932267486;S
20241031;120505;849.5;1;2016799015932267487;S
20241031;120508;849.5;1;2016799015932267488;S
20241031;120511;849.5;1;2016799015932267489;S
20241031;120535;850;7;2016799015932267490;B
20241031;120535;850;4;2016799015932267491;B
20241031;120535;850;7;2016799015932267492;B
20241031;120535;850;3;2016799015932267493;B
20241031;120535;850;1;2016799015932267494;B
20241031;120535;850;1;2016799015932267495;B
20241031;120536;849.5;1;2016799015932267496;S
20241031;120642;849;5;2016799015932267497;S
20241031;120717;849.5;1;2016799015932267498;B
20241031;120736;849;1;2016799015932267499;S
20241031;120736;849;1;2016799015932267500;S
20241031;120737;848.5;1;2016799015932267501;S
20241031;120737;848.5;1;2016799015932267502;S
20241031;120737;848.5;1;2016799015932267503;S
20241031;120737;848.5;1;2016799015932267504;S
20241031;120737;848.5;1;2016799015932267505;S
20241031;120737;848.5;1;2016799015932267506;S
20241031;120737;848.5;1;2016799015932267507;S
20241031;120737;848.5;10;2016799015932267508;S
20241031;120750;849;1;2016799015932267509;B
20241031;120836;848;1;2016799015932267510;S
20241031;120836;848;2;2016799015932267511;S
20241031;120836;848;1;2016799015932267512;S
20241031;120836;848;3;2016799015932267513;S
20241031;120836;848;1;2016799015932267514;S
20241031;120836;848;1;2016799015932267519;S
20241031;120836;848;1;2016799015932267520;S
20241031;120836;848;1;2016799015932267521;S
20241031;120836;847.5;1;2016799015932267522;S
20241031;120836;847.5;1;2016799015932267523;S
20241031;120836;847.5;3;2016799015932267524;S
20241031;120836;847.5;2;2016799015932267525;S
20241031;120836;847.5;1;2016799015932267526;S
20241031;120836;847.5;1;2016799015932267527;S
20241031;120836;847.5;2;2016799015932267528;S
20241031;120836;847.5;1;2016799015932267529;S
20241031;120836;847.5;1;2016799015932267530;S
20241031;120836;847.5;20;2016799015932267531;S
20241031;120836;847.5;1;2016799015932267532;S
20241031;120837;847.5;1;2016799015932267533;S
20241031;120837;847.5;1;2016799015932267534;S
20241031;120837;847.5;4;2016799015932267535;S
20241031;120849;847.5;1;2016799015932267536;S
20241031;120907;848.5;31;2016799015932267537;S
20241031;120925;848.5;1;2016799015932267538;S
20241031;121004;848.5;1;2016799015932267539;B
20241031;121021;847.5;3;2016799015932267540;S
20241031;121123;848;4;2016799015932267541;S
20241031;121123;848.5;7;2016799015932267542;B
20241031;121137;848;1;2016799015932267543;S
20241031;121137;848;1;2016799015932267544;S
20241031;121152;847.5;1;2016799015932267545;S
20241031;121218;847;2;2016799015932267546;S
20241031;121218;847;1;2016799015932267547;S
20241031;121218;847;1;2016799015932267548;S
20241031;121218;847;2;2016799015932267549;S
20241031;121218;847;1;2016799015932267550;S
20241031;121218;847;1;2016799015932267551;S
20241031;121218;847;4;2016799015932267552;S
20241031;121218;847;1;2016799015932267553;S
20241031;121218;847;2;2016799015932267554;S
20241031;121218;847;1;2016799015932267555;S
20241031;121218;847;3;2016799015932267556;S
20241031;121218;847;5;2016799015932267557;S
20241031;121218;847;17;2016799015932267558;S
20241031;121218;847;1;2016799015932267559;S
20241031;121218;847;6;2016799015932267560;S
20241031;121219;847;3;2016799015932267561;S
20241031;121219;847;6;2016799015932267562;S
20241031;121219;847;35;2016799015932267563;S
20241031;121219;847;1;2016799015932267564;S
20241031;121219;847;1;2016799015932267565;S
20241031;121219;847;1;2016799015932267566;S
20241031;121219;847;1;2016799015932267567;S
20241031;121219;847;1;2016799015932267568;S
20241031;121219;847;1;2016799015932267569;S
20241031;121219;847;1;2016799015932267570;S
20241031;121219;847;1;2016799015932267571;S
20241031;121219;847;1;2016799015932267572;S
20241031;121219;847;1;2016799015932267573;S
20241031;121219;847;1;2016799015932267574;S
20241031;121227;846.5;1;2016799015932267576;S
20241031;121227;846.5;2;2016799015932267577;S
20241031;121227;846.5;1;2016799015932267578;S
20241031;121227;846;2;2016799015932267579;S
20241031;121227;846;3;2016799015932267580;S
20241031;121227;846;1;2016799015932267581;S
20241031;121227;846;6;2016799015932267582;S
20241031;121227;846;1;2016799015932267583;S
20241031;121227;846;1;2016799015932267584;S
20241031;121227;846;1;2016799015932267585;S
20241031;121227;846;1;2016799015932267586;S
20241031;121227;846;1;2016799015932267587;S
20241031;121227;846;1;2016799015932267588;S
20241031;121227;846;2;2016799015932267589;S
20241031;121227;846;45;2016799015932267590;S
20241031;121227;846;1;2016799015932267591;S
20241031;121227;846;1;2016799015932267592;S
20241031;121227;846;2;2016799015932267593;S
20241031;121227;846;6;2016799015932267594;S
20241031;121227;846;7;2016799015932267595;S
20241031;121227;846;10;2016799015932267596;S
20241031;121227;846;8;2016799015932267597;S
20241031;121228;846;6;2016799015932267598;S
20241031;121228;846;15;2016799015932267599;S
20241031;121228;846;6;2016799015932267600;S
20241031;121228;846;1;2016799015932267601;S
20241031;121228;846;2;2016799015932267602;S
20241031;121228;846;10;2016799015932267603;S
20241031;121228;846.5;1;2016799015932267604;B
20241031;121228;846;4;2016799015932267605;S
20241031;121228;846;1;2016799015932267606;S
20241031;121228;845.5;1;2016799015932267607;S
20241031;121228;845.5;2;2016799015932267608;S
20241031;121228;845.5;1;2016799015932267609;S
20241031;121228;845.5;6;2016799015932267610;S
20241031;121228;845.5;1;2016799015932267611;S
20241031;121228;845.5;4;2016799015932267612;S
20241031;121228;845.5;1;2016799015932267613;S
20241031;121228;846;6;2016799015932267614;B
20241031;121228;846;2;2016799015932267615;S
20241031;121228;846;15;2016799015932267616;S
20241031;121228;846;3;2016799015932267617;S
20241031;121228;846;4;2016799015932267618;S
20241031;121228;846;2;2016799015932267619;S
20241031;121228;846;4;2016799015932267620;S
20241031;121228;846;2;2016799015932267621;S
20241031;121228;846;3;2016799015932267622;S
20241031;121228;845.5;4;2016799015932267623;S
20241031;121228;845.5;6;2016799015932267624;S
20241031;121228;845.5;12;2016799015932267625;S
20241031;121228;845.5;4;2016799015932267626;S
20241031;121228;845.5;3;2016799015932267627;S
20241031;121228;845.5;4;2016799015932267628;S
20241031;121228;845.5;3;2016799015932267629;S
20241031;121228;845.5;1;2016799015932267630;S
20241031;121228;845.5;1;2016799015932267631;S
20241031;121228;845.5;2;2016799015932267632;S
20241031;121228;845.5;4;2016799015932267633;S
20241031;121228;845.5;4;2016799015932267634;S
20241031;121228;845.5;3;2016799015932267635;S
20241031;121228;845.5;15;2016799015932267636;S
20241031;121228;845.5;6;2016799015932267637;S
20241031;121228;845.5;50;2016799015932267638;S
20241031;121228;845.5;17;2016799015932267639;S
20241031;121228;845.5;3;2016799015932267640;S
20241031;121228;845.5;3;2016799015932267641;S
20241031;121228;845.5;4;2016799015932267642;S
20241031;121228;845.5;7;2016799015932267643;S
20241031;121228;845.5;2;2016799015932267644;S
20241031;121228;845.5;3;2016799015932267645;S
20241031;121228;845.5;1;2016799015932267646;S
20241031;121228;845.5;1;2016799015932267647;S
20241031;121228;845.5;1;2016799015932267648;S
20241031;121228;845.5;1;2016799015932267649;S
20241031;121228;845.5;1;2016799015932267650;S
20241031;121228;845.5;1;2016799015932267651;S
20241031;121228;845.5;1;2016799015932267652;S
20241031;121228;845.5;1;2016799015932267653;S
20241031;121228;845.5;3;2016799015932267654;S
20241031;121228;845.5;3;2016799015932267655;S
20241031;121228;845.5;13;2016799015932267656;S
20241031;121228;845.5;10;2016799015932267657;S
20241031;121228;845.5;6;2016799015932267658;S
20241031;121228;845.5;9;2016799015932267659;S
20241031;121228;845.5;3;2016799015932267660;S
20241031;121228;845.5;10;2016799015932267661;S
20241031;121228;845.5;3;2016799015932267662;S
20241031;121228;845.5;2;2016799015932267663;S
20241031;121229;845.5;3;2016799015932267664;S
20241031;121229;845.5;3;2016799015932267665;S
20241031;121229;845.5;3;2016799015932267666;S
20241031;121229;845.5;6;2016799015932267667;S
20241031;121229;845.5;4;2016799015932267668;S
20241031;121229;845.5;4;2016799015932267669;S
20241031;121229;845.5;4;2016799015932267670;S
20241031;121229;845.5;3;2016799015932267671;S
20241031;121229;845.5;8;2016799015932267672;S
20241031;121229;845.5;11;2016799015932267673;S
20241031;121229;845.5;2;2016799015932267674;S
20241031;121229;845.5;13;2016799015932267675;S
20241031;121229;845.5;3;2016799015932267676;S
20241031;121229;845.5;4;2016799015932267677;S
20241031;121229;845.5;5;2016799015932267678;S
20241031;121229;845.5;3;2016799015932267679;S
20241031;121229;845.5;7;2016799015932267680;S
20241031;121229;845.5;5;2016799015932267681;S
20241031;121229;845.5;1;2016799015932267682;S
20241031;121229;845.5;6;2016799015932267683;S
20241031;121229;845.5;3;2016799015932267684;S
20241031;121229;845.5;3;2016799015932267685;S
20241031;121229;845.5;3;2016799015932267686;S
20241031;121229;845.5;1;2016799015932267687;S
20241031;121229;845.5;3;2016799015932267688;S
20241031;121229;846.5;2;2016799015932267689;B
20241031;121229;845.5;4;2016799015932267690;S
20241031;121229;845.5;3;2016799015932267691;S
20241031;121229;845.5;3;2016799015932267692;S
20241031;121229;845.5;4;2016799015932267693;S
20241031;121229;845.5;3;2016799015932267694;S
20241031;121229;845.5;5;2016799015932267695;S
20241031;121229;845.5;7;2016799015932267696;S
20241031;121229;845.5;2;2016799015932267697;S
20241031;121229;845.5;3;2016799015932267698;S
20241031;121229;845.5;3;2016799015932267699;S
20241031;121229;845.5;5;2016799015932267700;S
20241031;121229;845.5;4;2016799015932267701;S
20241031;121229;845.5;3;2016799015932267702;S
20241031;121229;845.5;3;2016799015932267703;S
20241031;121229;845.5;2;2016799015932267704;S
20241031;121229;845.5;3;2016799015932267705;S
20241031;121230;845.5;11;2016799015932267706;S
20241031;121230;845.5;9;2016799015932267707;S
20241031;121230;845.5;5;2016799015932267708;S
20241031;121230;845.5;2;2016799015932267709;S
20241031;121237;846.5;5;2016799015932267710;B
20241031;121244;846;2;2016799015932267711;B
20241031;121253;845;2;2016799015932267712;S
20241031;121253;845;2;2016799015932267713;S
20241031;121253;845;1;2016799015932267714;S
20241031;121253;845;2;2016799015932267715;S
20241031;121253;845;2;2016799015932267716;S
20241031;121253;845;1;2016799015932267717;S
20241031;121253;845;1;2016799015932267718;S
20241031;121253;845;1;2016799015932267719;S
20241031;121253;845;1;2016799015932267720;S
20241031;121253;845;1;2016799015932267721;S
20241031;121253;845;5;2016799015932267722;S
20241031;121253;845;1;2016799015932267723;S
20241031;121254;845;4;2016799015932267724;S
20241031;121254;845;1;2016799015932267725;S
20241031;121254;845;1;2016799015932267726;S
20241031;121254;845;1;2016799015932267727;S
20241031;121254;845;1;2016799015932267728;S
20241031;121254;845;1;2016799015932267729;S
20241031;121254;845;1;2016799015932267730;S
20241031;121254;845;7;2016799015932267731;S
20241031;121254;845;1;2016799015932267732;S
20241031;121254;845;1;2016799015932267733;S
20241031;121254;845;1;2016799015932267738;S
20241031;121254;845;1;2016799015932267739;S
20241031;121254;845;7;2016799015932267740;S
20241031;121254;845;1;2016799015932267741;S
20241031;121254;845;1;2016799015932267742;B
20241031;121254;845;2;2016799015932267743;B
20241031;121254;845;1;2016799015932267744;B
20241031;121254;845;1;2016799015932267745;B
20241031;121254;845;1;2016799015932267746;B
20241031;121255;845;2;2016799015932267747;B
20241031;121300;844.5;1;2016799015932267748;S
20241031;121300;844.5;2;2016799015932267749;S
20241031;121300;844.5;1;2016799015932267750;S
20241031;121300;844.5;1;2016799015932267751;S
20241031;121300;844.5;1;2016799015932267752;S
20241031;121301;844;1;2016799015932267753;S
20241031;121303;844.5;1;2016799015932267754;B
20241031;121304;844.5;6;2016799015932267755;B
20241031;121304;844.5;4;2016799015932267756;B
20241031;121310;844;1;2016799015932267757;S
20241031;121310;844;1;2016799015932267758;S
20241031;121310;844;1;2016799015932267759;S
20241031;121316;844;1;2016799015932267760;S
20241031;121319;844;2;2016799015932267761;S
20241031;121319;844;2;2016799015932267762;S
20241031;121319;844;1;2016799015932267763;S
20241031;121319;844;4;2016799015932267764;S
20241031;121323;845;1;2016799015932267765;B
20241031;121324;844;3;2016799015932267766;S
20241031;121348;844.5;1;2016799015932267767;S
20241031;121350;844.5;4;2016799015932267768;S
20241031;121355;845;3;2016799015932267769;B
20241031;121355;845;3;2016799015932267770;B
20241031;121355;845;1;2016799015932267771;B
20241031;121355;845;1;2016799015932267772;B
20241031;121357;845;10;2016799015932267773;S
20241031;121359;844.5;1;2016799015932267774;S
20241031;121406;844.5;1;2016799015932267775;S
20241031;121413;845;1;2016799015932267776;S
20241031;121421;844.5;1;2016799015932267777;S
20241031;121421;844.5;3;2016799015932267778;S
20241031;121421;844.5;1;2016799015932267779;S
20241031;121421;844.5;2;2016799015932267780;S
20241031;121421;844.5;1;2016799015932267781;S
20241031;121421;844.5;2;2016799015932267782;S
20241031;121421;844.5;1;2016799015932267783;S
20241031;121421;844.5;1;2016799015932267784;S
20241031;121421;844.5;1;2016799015932267785;S
20241031;121421;844.5;2;2016799015932267786;S
20241031;121421;844.5;2;2016799015932267787;S
20241031;121421;844.5;1;2016799015932267788;S
20241031;121421;844.5;10;2016799015932267789;S
20241031;121421;844.5;1;2016799015932267790;S
20241031;121421;844.5;1;2016799015932267791;S
20241031;121421;844.5;1;2016799015932267792;S
20241031;121421;844.5;1;2016799015932267793;S
20241031;121421;844.5;1;2016799015932267794;S
20241031;121421;844.5;1;2016799015932267795;S
20241031;121421;844.5;1;2016799015932267796;S
20241031;121421;844.5;1;2016799015932267797;S
20241031;121421;844.5;1;2016799015932267798;S
20241031;121421;844.5;1;2016799015932267799;S
20241031;121421;844.5;1;2016799015932267800;S
20241031;121421;844.5;1;2016799015932267801;S
20241031;121421;844.5;3;2016799015932267802;S
20241031;121421;844.5;2;2016799015932267803;S
20241031;121421;844.5;1;2016799015932267804;S
20241031;121421;844.5;1;2016799015932267805;S
20241031;121421;844.5;1;2016799015932267806;S
20241031;121421;844.5;2;2016799015932267807;S
20241031;121421;844.5;2;2016799015932267808;S
20241031;121421;844.5;1;2016799015932267809;S
20241031;121421;844.5;1;2016799015932267810;S
20241031;121421;844.5;1;2016799015932267811;S
20241031;121421;844.5;1;2016799015932267812;S
20241031;121421;844.5;1;2016799015932267813;S
20241031;121421;844.5;1;2016799015932267814;S
20241031;121421;844.5;2;2016799015932267815;S
20241031;121421;844.5;2;2016799015932267816;S
20241031;121421;844.5;1;2016799015932267817;S
20241031;121421;844.5;1;2016799015932267818;S
20241031;121421;844.5;1;2016799015932267819;S
20241031;121421;844.5;2;2016799015932267820;S
20241031;121421;844.5;2;2016799015932267821;S
20241031;121421;844.5;1;2016799015932267822;S
20241031;121421;844.5;1;2016799015932267823;S
20241031;121421;844.5;1;2016799015932267824;S
20241031;121421;844.5;1;2016799015932267825;S
20241031;121421;844.5;2;2016799015932267826;S
20241031;121421;844.5;1;2016799015932267827;S
20241031;121421;844.5;1;2016799015932267828;S
20241031;121421;844.5;1;2016799015932267829;S
20241031;121421;844.5;3;2016799015932267830;S
20241031;121421;844.5;1;2016799015932267831;S
20241031;121421;844.5;1;2016799015932267832;S
20241031;121425;844.5;1;2016799015932267833;S
20241031;121425;844.5;1;2016799015932267834;S
20241031;121425;844.5;1;2016799015932267835;S
20241031;121425;844.5;1;2016799015932267836;S
20241031;121426;844.5;1;2016799015932267837;S
20241031;121426;844.5;2;2016799015932267838;S
20241031;121426;844.5;1;2016799015932267839;S
20241031;121426;844.5;1;2016799015932267840;S
20241031;121426;844.5;4;2016799015932267841;S
20241031;121426;844.5;1;2016799015932267842;S
20241031;121426;844.5;3;2016799015932267843;S
20241031;121426;844.5;2;2016799015932267844;S
20241031;121426;844.5;2;2016799015932267845;S
20241031;121426;844.5;1;2016799015932267846;S
20241031;121426;844.5;1;2016799015932267847;S
20241031;121426;844.5;1;2016799015932267848;S
20241031;121426;844.5;1;2016799015932267849;S
20241031;121426;844.5;1;2016799015932267850;S
20241031;121426;844.5;3;2016799015932267851;S
20241031;121426;844.5;1;2016799015932267852;S
20241031;121426;844.5;1;2016799015932267853;S
20241031;121426;844.5;1;2016799015932267854;S
20241031;121426;844.5;1;2016799015932267855;S
20241031;121426;844.5;1;2016799015932267856;S
20241031;121426;844.5;2;2016799015932267857;S
20241031;121426;844.5;1;2016799015932267858;S
20241031;121426;844.5;1;2016799015932267859;S
20241031;121426;844.5;1;2016799015932267860;S
20241031;121426;844.5;1;2016799015932267861;S
20241031;121426;844.5;1;2016799015932267862;S
20241031;121426;844.5;1;2016799015932267863;S
20241031;121426;844.5;1;2016799015932267864;S
20241031;121426;844.5;1;2016799015932267865;S
20241031;121426;844.5;1;2016799015932267866;S
20241031;121426;844.5;1;2016799015932267867;S
20241031;121426;844.5;1;2016799015932267868;S
20241031;121426;844.5;1;2016799015932267869;S
20241031;121426;844.5;1;2016799015932267870;S
20241031;121426;844.5;1;2016799015932267871;S
20241031;121426;844.5;1;2016799015932267872;S
20241031;121426;844.5;1;2016799015932267873;S
20241031;121426;844.5;1;2016799015932267874;S
20241031;121426;844.5;1;2016799015932267875;S
20241031;121426;844.5;2;2016799015932267876;S
20241031;121426;844.5;1;2016799015932267877;S
20241031;121426;844.5;1;2016799015932267878;S
20241031;121426;844.5;1;2016799015932267879;S
20241031;121426;844.5;3;2016799015932267880;S
20241031;121426;844.5;1;2016799015932267881;S
20241031;121426;844.5;1;2016799015932267882;S
20241031;121426;844.5;1;2016799015932267883;S
20241031;121426;844.5;2;2016799015932267884;S
20241031;121426;844.5;10;2016799015932267885;S
20241031;121426;844.5;3;2016799015932267886;S
20241031;121426;844.5;3;2016799015932267887;S
20241031;121426;844.5;1;2016799015932267888;S
20241031;121426;844.5;1;2016799015932267889;S
20241031;121426;844.5;1;2016799015932267890;S
20241031;121427;844.5;1;2016799015932267891;S
20241031;121433;844.5;25;2016799015932267892;S
20241031;121434;844.5;1;2016799015932267893;S
20241031;121434;844.5;1;2016799015932267894;S
20241031;121435;844.5;2;2016799015932267895;S
20241031;121435;845;2;2016799015932267896;S
20241031;121435;845;1;2016799015932267897;S
20241031;121439;845;1;2016799015932267898;S
20241031;121442;844.5;5;2016799015932267899;S
20241031;121444;844.5;10;2016799015932267900;S
20241031;121445;844.5;2;2016799015932267901;B
20241031;121454;844;15;2016799015932267902;S
20241031;121454;844;3;2016799015932267903;S
20241031;121454;844;1;2016799015932267904;S
20241031;121454;844;1;2016799015932267905;S
20241031;121454;844;1;2016799015932267906;S
20241031;121454;844;1;2016799015932267907;S
20241031;121454;844;1;2016799015932267908;S
20241031;121454;844;1;2016799015932267909;S
20241031;121454;844;1;2016799015932267910;S
20241031;121454;844;7;2016799015932267911;S
20241031;121454;844;1;2016799015932267912;S
20241031;121454;844;1;2016799015932267913;S
20241031;121454;844;1;2016799015932267914;S
20241031;121454;844;5;2016799015932267915;S
20241031;121454;844;1;2016799015932267916;S
20241031;121454;844;1;2016799015932267917;S
20241031;121454;844;1;2016799015932267918;S
20241031;121454;844;5;2016799015932267919;S
20241031;121454;844;4;2016799015932267920;S
20241031;121454;844;1;2016799015932267921;S
20241031;121455;843.5;1;2016799015932267922;S
20241031;121455;843.5;1;2016799015932267923;S
20241031;121456;843.5;1;2016799015932267924;S
20241031;121459;844;10;2016799015932267925;S
20241031;121459;843.5;1;2016799015932267926;S
20241031;121459;843.5;2;2016799015932267927;S
20241031;121459;844;2;2016799015932267928;S
20241031;121459;843.5;2;2016799015932267929;S
20241031;121500;844;2;2016799015932267930;B
20241031;121500;844;8;2016799015932267931;B
20241031;121500;844;10;2016799015932267932;B
20241031;121501;844;3;2016799015932267933;S
20241031;121501;844;2;2016799015932267934;S
20241031;121501;844;3;2016799015932267935;S
20241031;121506;844.5;1;2016799015932267936;B
20241031;121511;843.5;2;2016799015932267938;S
20241031;121511;843.5;1;2016799015932267939;S
20241031;121511;843.5;5;2016799015932267940;S
20241031;121514;844;1;2016799015932267941;B
20241031;121515;843.5;3;2016799015932267942;S
20241031;121519;844;1;2016799015932267943;B
20241031;121519;844;12;2016799015932267944;B
20241031;121519;844;6;2016799015932267945;B
20241031;121522;844.5;2;2016799015932267946;B
20241031;121524;844;1;2016799015932267947;S
20241031;121525;844;1;2016799015932267948;S
20241031;121525;844.5;2;2016799015932267949;B
20241031;121526;844;1;2016799015932267950;S
20241031;121533;845;1;2016799015932267951;B
20241031;121533;845;1;2016799015932267952;B
20241031;121533;845;1;2016799015932267953;B
20241031;121533;845;1;2016799015932267954;B
20241031;121533;845;1;2016799015932267955;B
20241031;121533;845;1;2016799015932267956;B
20241031;121533;845;1;2016799015932267957;B
20241031;121533;845;1;2016799015932267958;B
20241031;121533;845;1;2016799015932267959;B
20241031;121542;844.5;2;2016799015932267960;S
20241031;121555;844.5;9;2016799015932267961;S
20241031;121559;844.5;4;2016799015932267962;S
20241031;121601;845;1;2016799015932267963;S
20241031;121610;844.5;1;2016799015932267964;S
20241031;121610;845.5;2;2016799015932267965;B
20241031;121616;845.5;1;2016799015932267966;B
20241031;121620;845.5;2;2016799015932267967;B
20241031;121626;845.5;1;2016799015932267968;B
20241031;121631;845;1;2016799015932267969;S
20241031;121655;844.5;10;2016799015932267970;S
20241031;121702;844.5;10;2016799015932267971;S
20241031;121707;845.5;5;2016799015932267972;B
20241031;121729;844.5;1;2016799015932267973;S
20241031;121731;845.5;1;2016799015932267974;B
20241031;121731;844.5;1;2016799015932267975;S
20241031;121737;844.5;1;2016799015932267976;S
20241031;121806;845;1;2016799015932267977;B
20241031;121826;845.5;2;2016799015932267978;B
20241031;121826;845.5;1;2016799015932267979;B
20241031;121826;845.5;1;2016799015932267980;B
20241031;121843;845;1;2016799015932267982;S
20241031;121904;845.5;1;2016799015932267983;S
20241031;121932;846;2;2016799015932267984;B
20241031;121933;846;1;2016799015932267985;B
20241031;121933;846;5;2016799015932267986;B
20241031;121933;846;1;2016799015932267987;B
20241031;121933;846;1;2016799015932267988;B
20241031;121933;846;1;2016799015932267989;B
20241031;121933;846;1;2016799015932267990;B
20241031;121933;846;1;2016799015932267991;B
20241031;121933;846;1;2016799015932267992;B
20241031;121933;846;1;2016799015932267993;B
20241031;121933;846;1;2016799015932267994;B
20241031;121933;846;1;2016799015932267995;B
20241031;121933;846;10;2016799015932267996;B
20241031;121933;846;1;2016799015932267997;B
20241031;121946;846.5;5;2016799015932267998;B
20241031;121959;846;1;2016799015932267999;B
20241031;122003;846;1;2016799015932268000;B
20241031;122006;846;4;2016799015932268001;B
20241031;122012;846;1;2016799015932268002;B
20241031;122015;845.5;1;2016799015932268003;S
20241031;122017;846;1;2016799015932268004;B
20241031;122117;845;1;2016799015932268005;S
20241031;122117;845;5;2016799015932268006;S
20241031;122117;845;2;2016799015932268007;S
20241031;122138;844.5;1;2016799015932268008;S
20241031;122138;844.5;2;2016799015932268009;S
20241031;122138;844.5;1;2016799015932268010;S
20241031;122138;844.5;1;2016799015932268011;S
20241031;122138;844.5;1;2016799015932268012;S
20241031;122138;844.5;1;2016799015932268013;S
20241031;122138;844.5;1;2016799015932268014;S
20241031;122138;844.5;1;2016799015932268015;S
20241031;122138;844.5;1;2016799015932268016;S
20241031;122138;844.5;1;2016799015932268017;S
20241031;122145;844;2;2016799015932268018;S
20241031;122148;845;2;2016799015932268019;B
20241031;122202;844.5;14;2016799015932268020;S
20241031;122205;845;2;2016799015932268021;B
20241031;122209;844.5;3;2016799015932268022;S
20241031;122214;845;5;2016799015932268023;B
20241031;122215;844.5;10;2016799015932268024;S
20241031;122218;844.5;1;2016799015932268026;S
20241031;122243;844.5;1;2016799015932268027;S
20241031;122244;844.5;1;2016799015932268028;S
20241031;122244;844.5;1;2016799015932268029;S
20241031;122244;844.5;2;2016799015932268030;S
20241031;122244;844.5;2;2016799015932268031;S
20241031;122244;844.5;1;2016799015932268032;S
20241031;122244;844.5;1;2016799015932268033;S
20241031;122244;844.5;1;2016799015932268034;S
20241031;122244;844.5;1;2016799015932268035;S
20241031;122244;844.5;1;2016799015932268036;S
20241031;122244;844.5;1;2016799015932268037;S
20241031;122244;844.5;1;2016799015932268038;S
20241031;122244;844.5;1;2016799015932268039;S
20241031;122244;844.5;1;2016799015932268040;S
20241031;122248;845;1;2016799015932268041;B
20241031;122319;845;1;2016799015932268042;B
20241031;122331;845;1;2016799015932268043;B
20241031;122422;844;10;2016799015932268044;S
20241031;122430;844;5;2016799015932268045;S
20241031;122441;844.5;56;2016799015932268046;S
20241031;122449;844;5;2016799015932268047;S
20241031;122521;844;2;2016799015932268048;S
20241031;122521;844;1;2016799015932268049;S
20241031;122521;844;1;2016799015932268050;S
20241031;122521;844;1;2016799015932268051;S
20241031;122526;845;10;2016799015932268052;B
20241031;122531;844;4;2016799015932268053;S
20241031;122559;844.5;2;2016799015932268054;S
20241031;122601;844.5;1;2016799015932268055;S
20241031;122607;844;3;2016799015932268056;S
20241031;122612;844;3;2016799015932268057;S
20241031;122614;844;3;2016799015932268058;S
20241031;122636;844;1;2016799015932268059;S
20241031;122638;844.5;1;2016799015932268060;B
20241031;122709;844.5;1;2016799015932268061;B
20241031;122743;844;60;2016799015932268062;S
20241031;122746;843.5;1;2016799015932268063;S
20241031;122815;844;2;2016799015932268064;S
20241031;122837;844;21;2016799015932268065;S
20241031;122843;845;5;2016799015932268066;B
20241031;122843;845;95;2016799015932268067;B
20241031;122844;844;3;2016799015932268068;S
20241031;122851;845;9;2016799015932268069;B
20241031;122900;843.5;115;2016799015932268070;S
20241031;122900;843.5;2;2016799015932268071;S
20241031;122900;843.5;2;2016799015932268072;S
20241031;122900;843.5;1;2016799015932268073;S
20241031;122900;843.5;1;2016799015932268074;S
20241031;122900;843.5;1;2016799015932268075;S
20241031;122900;843.5;2;2016799015932268076;S
20241031;122900;843.5;8;2016799015932268081;S
20241031;122917;843.5;2;2016799015932268082;S
20241031;122931;843.5;2;2016799015932268083;S
20241031;123001;843;2;2016799015932268084;S
20241031;123001;843;1;2016799015932268085;S
20241031;123001;843;1;2016799015932268086;S
20241031;123001;843;1;2016799015932268087;S
20241031;123001;843;1;2016799015932268088;S
20241031;123001;843;1;2016799015932268089;S
20241031;123001;843;1;2016799015932268090;S
20241031;123001;843;1;2016799015932268091;S
20241031;123001;843;1;2016799015932268092;S
20241031;123001;843;1;2016799015932268093;S
20241031;123001;843;1;2016799015932268094;S
20241031;123001;843;1;2016799015932268095;S
20241031;123001;843;1;2016799015932268096;S
20241031;123001;843;1;2016799015932268097;S
20241031;123001;843;2;2016799015932268098;S
20241031;123002;842.5;1;2016799015932268099;S
20241031;123002;842.5;2;2016799015932268100;S
20241031;123002;842.5;1;2016799015932268101;S
20241031;123002;842.5;1;2016799015932268102;S
20241031;123002;842.5;1;2016799015932268103;S
20241031;123002;842.5;3;2016799015932268104;S
20241031;123002;843;1;2016799015932268105;B
20241031;123002;842.5;3;2016799015932268106;S
20241031;123002;842.5;2;2016799015932268107;S
20241031;123002;842.5;1;2016799015932268108;S
20241031;123003;842.5;5;2016799015932268109;S
20241031;123005;842.5;1;2016799015932268110;S
20241031;123007;842.5;1;2016799015932268111;S
20241031;123018;842.5;1;2016799015932268112;S
20241031;123023;842.5;3;2016799015932268113;S
20241031;123030;843;1;2016799015932268114;B
20241031;123032;842.5;1;2016799015932268115;S
20241031;123032;842.5;1;2016799015932268116;S
20241031;123032;842.5;1;2016799015932268117;S
20241031;123032;842.5;1;2016799015932268118;S
20241031;123033;842.5;1;2016799015932268119;S
20241031;123033;842.5;1;2016799015932268120;S
20241031;123033;842.5;1;2016799015932268121;S
20241031;123033;842.5;1;2016799015932268122;S
20241031;123044;842;1;2016799015932268123;S
20241031;123044;842;2;2016799015932268124;S
20241031;123044;842;2;2016799015932268125;S
20241031;123044;842;1;2016799015932268126;S
20241031;123044;842;1;2016799015932268127;S
20241031;123044;842;3;2016799015932268128;S
20241031;123044;842;3;2016799015932268129;S
20241031;123044;842;2;2016799015932268130;S
20241031;123044;842;1;2016799015932268131;S
20241031;123046;842;2;2016799015932268132;S
20241031;123049;842;1;2016799015932268133;S
20241031;123050;842;1;2016799015932268134;S
20241031;123050;842;2;2016799015932268135;S
20241031;123050;842;2;2016799015932268136;S
20241031;123050;842;1;2016799015932268137;S
20241031;123053;842;2;2016799015932268138;S
20241031;123053;842;1;2016799015932268139;S
20241031;123053;842;17;2016799015932268140;S
20241031;123056;842.5;4;2016799015932268141;B
20241031;123059;842;1;2016799015932268142;S
20241031;123104;841.5;1;2016799015932268143;S
20241031;123105;842.5;1;2016799015932268144;B
20241031;123106;842.5;1;2016799015932268145;B
20241031;123106;842.5;1;2016799015932268146;B
20241031;123107;842;1;2016799015932268147;S
20241031;123109;842;1;2016799015932268148;S
20241031;123112;841.5;1;2016799015932268149;S
20241031;123112;841.5;1;2016799015932268150;S
20241031;123112;841.5;2;2016799015932268151;S
20241031;123124;842.5;5;2016799015932268152;B
20241031;123132;841.5;1;2016799015932268153;S
20241031;123138;841.5;1;2016799015932268154;S
20241031;123151;841.5;2;2016799015932268155;S
20241031;123151;841.5;2;2016799015932268156;S
20241031;123151;841.5;2;2016799015932268157;S
20241031;123151;841.5;1;2016799015932268158;S
20241031;123151;841.5;2;2016799015932268159;S
20241031;123151;841.5;1;2016799015932268160;S
20241031;123151;841.5;1;2016799015932268161;S
20241031;123151;841.5;1;2016799015932268162;S
20241031;123151;841.5;1;2016799015932268163;S
20241031;123151;841.5;1;2016799015932268164;S
20241031;123151;841.5;1;2016799015932268165;S
20241031;123151;841.5;1;2016799015932268166;S
20241031;123151;841.5;1;2016799015932268167;S
20241031;123151;841.5;1;2016799015932268168;S
20241031;123153;841.5;5;2016799015932268169;B
20241031;123157;841;2;2016799015932268170;S
20241031;123157;841;1;2016799015932268171;S
20241031;123157;841;1;2016799015932268172;S
20241031;123157;841;1;2016799015932268173;S
20241031;123157;841;1;2016799015932268174;S
20241031;123157;841;1;2016799015932268175;S
20241031;123157;841;1;2016799015932268176;S
20241031;123158;841.5;5;2016799015932268177;B
20241031;123158;841;2;2016799015932268178;S
20241031;123158;841;1;2016799015932268179;S
20241031;123158;841;1;2016799015932268180;S
20241031;123158;841;15;2016799015932268181;S
20241031;123158;841.5;2;2016799015932268182;B
20241031;123158;841.5;1;2016799015932268183;B
20241031;123200;841.5;100;2016799015932268184;B
20241031;123200;841.5;2;2016799015932268185;B
20241031;123200;841.5;3;2016799015932268186;B
20241031;123207;842;20;2016799015932268187;B
20241031;123210;842;7;2016799015932268188;B
20241031;123210;842;5;2016799015932268189;B
20241031;123210;842;3;2016799015932268190;B
20241031;123210;842;1;2016799015932268191;B
20241031;123215;841.5;30;2016799015932268192;S
20241031;123215;842.5;1;2016799015932268193;B
20241031;123216;842.5;5;2016799015932268194;B
20241031;123234;841.5;1;2016799015932268195;S
20241031;123252;841.5;10;2016799015932268196;B
20241031;123254;841.5;90;2016799015932268197;B
20241031;123317;842;2;2016799015932268198;B
20241031;123317;842;3;2016799015932268199;B
20241031;123333;841.5;5;2016799015932268200;S
20241031;123333;841.5;1;2016799015932268201;S
20241031;123333;841.5;1;2016799015932268202;S
20241031;123401;841.5;1;2016799015932268203;S
20241031;123401;841.5;3;2016799015932268204;S
20241031;123405;841;4;2016799015932268205;S
20241031;123405;841;6;2016799015932268206;S
20241031;123407;841.5;15;2016799015932268207;B
20241031;123407;841.5;35;2016799015932268208;B
20241031;123437;841.5;1;2016799015932268209;B
20241031;123437;841.5;2;2016799015932268210;B
20241031;123437;841.5;8;2016799015932268211;B
20241031;123454;842;1;2016799015932268212;B
20241031;123511;841;1;2016799015932268213;S
20241031;123511;841;1;2016799015932268214;S
20241031;123511;841;2;2016799015932268215;S
20241031;123511;841;1;2016799015932268216;S
20241031;123511;841;2;2016799015932268217;S
20241031;123511;841;2;2016799015932268218;S
20241031;123521;841;2;2016799015932268219;S
20241031;123521;841;1;2016799015932268220;S
20241031;123521;841;1;2016799015932268221;S
20241031;123522;841;1;2016799015932268222;S
20241031;123522;841;1;2016799015932268223;S
20241031;123522;841;2;2016799015932268224;S
20241031;123522;841;2;2016799015932268225;S
20241031;123522;841;2;2016799015932268226;S
20241031;123522;841;1;2016799015932268227;S
20241031;123531;840.5;1;2016799015932268228;S
20241031;123531;840.5;1;2016799015932268229;S
20241031;123531;840.5;1;2016799015932268230;S
20241031;123531;840.5;2;2016799015932268231;S
20241031;123531;840.5;1;2016799015932268232;S
20241031;123531;840;1;2016799015932268233;S
20241031;123531;840;1;2016799015932268234;S
20241031;123531;840;3;2016799015932268235;S
20241031;123531;840;1;2016799015932268236;S
20241031;123531;840.5;1;2016799015932268237;S
20241031;123532;840;2;2016799015932268238;S
20241031;123532;840;1;2016799015932268239;S
20241031;123532;840;3;2016799015932268240;S
20241031;123532;840;1;2016799015932268241;S
20241031;123532;840;1;2016799015932268242;S
20241031;123532;840;1;2016799015932268243;S
20241031;123532;840;1;2016799015932268244;S
20241031;123532;840;3;2016799015932268245;S
20241031;123532;840;10;2016799015932268246;S
20241031;123532;840;1;2016799015932268247;S
20241031;123532;840;10;2016799015932268248;S
20241031;123533;840;1;2016799015932268249;S
20241031;123533;840;1;2016799015932268250;S
20241031;123533;840;1;2016799015932268251;S
20241031;123533;840;1;2016799015932268252;S
20241031;123543;840;4;2016799015932268253;S
20241031;123543;840;1;2016799015932268254;S
20241031;123543;840;2;2016799015932268255;S
20241031;123543;840;7;2016799015932268256;S
20241031;123543;840;5;2016799015932268257;S
20241031;123543;840;6;2016799015932268258;S
20241031;123543;840;1;2016799015932268259;S
20241031;123543;840;1;2016799015932268260;S
20241031;123543;840;1;2016799015932268261;S
20241031;123543;840;1;2016799015932268262;S
20241031;123543;840;1;2016799015932268263;S
20241031;123543;840;1;2016799015932268264;S
20241031;123543;840;1;2016799015932268265;S
20241031;123543;840;1;2016799015932268266;S
20241031;123543;840;1;2016799015932268267;S
20241031;123543;840;1;2016799015932268268;S
20241031;123543;840;1;2016799015932268269;S
20241031;123543;840;2;2016799015932268270;S
20241031;123543;840;2;2016799015932268271;S
20241031;123543;840;3;2016799015932268272;S
20241031;123543;840;25;2016799015932268273;S
20241031;123543;840;5;2016799015932268274;S
20241031;123543;840;1;2016799015932268275;S
20241031;123543;840;1;2016799015932268276;S
20241031;123543;840;2;2016799015932268277;S
20241031;123543;840;1;2016799015932268278;S
20241031;123543;840;1;2016799015932268279;S
20241031;123543;840;9;2016799015932268280;S
20241031;123543;840;1;2016799015932268281;S
20241031;123543;840;19;2016799015932268282;S
20241031;123543;840;1;2016799015932268283;S
20241031;123552;840;2;2016799015932268284;S
20241031;123552;840;1;2016799015932268285;S
20241031;123552;840;1;2016799015932268286;S
20241031;123553;839.5;1;2016799015932268287;S
20241031;123555;840;5;2016799015932268288;B
20241031;123556;840;7;2016799015932268289;B
20241031;123556;840;4;2016799015932268290;B
20241031;123556;840;2;2016799015932268291;B
20241031;123557;840;2;2016799015932268292;S
20241031;123559;840.5;2;2016799015932268293;B
20241031;123604;840;1;2016799015932268294;S
20241031;123604;840;2;2016799015932268295;S
20241031;123619;840.5;1;2016799015932268296;B
20241031;123621;840.5;1;2016799015932268297;B
20241031;123633;840.5;1;2016799015932268298;B
20241031;123652;840.5;1;2016799015932268299;B
20241031;123652;841;2;2016799015932268300;B
20241031;123653;841;1;2016799015932268301;B
20241031;123653;841;1;2016799015932268302;B
20241031;123700;841;1;2016799015932268303;B
