<DATE>;<TIME>;<LAST>;<VOL>;<ID>;<OPER>
20241022;095933;20260;1;2024680285215393914;S
20241022;095933;20260;1;2024680285215393915;S
20241022;095933;20260;1;2024680285215393916;S
20241022;095933;20260;1;2024680285215393917;S
20241022;095933;20260;1;2024680285215393918;S
20241022;095933;20260;1;2024680285215393919;S
20241022;095933;20260;1;2024680285215393920;S
20241022;095933;20260;6;2024680285215393921;S
20241022;095933;20260;1;2024680285215393922;S
20241022;095933;20260;1;2024680285215393923;S
20241022;095933;20260;6;2024680285215393924;S
20241022;100000;20300;25;2024680285215393925;B
20241022;100000;20300;1;2024680285215393926;B
20241022;100000;20263;1;2024680285215393927;S
20241022;100000;20260;4;2024680285215393928;S
20241022;100000;20260;10;2024680285215393929;S
20241022;100000;20256;14;2024680285215393930;S
20241022;100000;20256;10;2024680285215393931;S
20241022;100001;20255;2;2024680285215393932;S
20241022;100001;20255;1;2024680285215393933;S
20241022;100001;20255;1;2024680285215393934;S
20241022;100001;20270;1;2024680285215393935;B
20241022;100002;20255;1;2024680285215393936;S
20241022;100004;20259;1;2024680285215393937;B
20241022;100005;20258;11;2024680285215393938;S
20241022;100005;20258;4;2024680285215393939;S
20241022;100005;20258;4;2024680285215393940;S
20241022;100007;20258;2;2024680285215393941;S
20241022;100007;20258;2;2024680285215393942;S
20241022;100007;20258;2;2024680285215393943;S
20241022;100007;20258;1;2024680285215393944;S
20241022;100014;20259;5;2024680285215393945;B
20241022;100015;20258;1;2024680285215393946;S
20241022;100015;20251;20;2024680285215393947;S
20241022;100015;20251;50;2024680285215393948;S
20241022;100015;20251;10;2024680285215393949;S
20241022;100017;20259;1;2024680285215393951;B
20241022;100019;20258;8;2024680285215393955;S
20241022;100030;20257;10;2024680285215393956;B
20241022;100030;20257;1;2024680285215393957;B
20241022;100030;20257;9;2024680285215393958;B
20241022;100042;20257;1;2024680285215393959;B
20241022;100100;20255;1;2024680285215393960;B
20241022;100109;20255;10;2024680285215393961;B
20241022;100109;20255;35;2024680285215393962;B
20241022;100109;20255;40;2024680285215393963;B
20241022;100109;20256;11;2024680285215393964;B
20241022;100109;20256;23;2024680285215393965;B
20241022;100109;20255;3;2024680285215393966;B
20241022;100110;20252;2;2024680285215393967;S
20241022;100110;20255;8;2024680285215393968;B
20241022;100123;20253;8;2024680285215393971;B
20241022;100123;20253;3;2024680285215393972;B
20241022;100129;20254;2;2024680285215393973;B
20241022;100130;20254;7;2024680285215393974;B
20241022;100130;20254;11;2024680285215393975;B
20241022;100130;20254;1;2024680285215393976;B
20241022;100130;20255;11;2024680285215393977;B
20241022;100133;20256;10;2024680285215393978;B
20241022;100136;20254;30;2024680285215393979;S
20241022;100146;20259;4;2024680285215393981;B
20241022;100148;20259;1;2024680285215393982;B
20241022;100214;20257;8;2024680285215393984;B
20241022;100216;20257;6;2024680285215393985;B
20241022;100216;20258;1;2024680285215393986;B
20241022;100216;20258;5;2024680285215393987;B
20241022;100221;20257;50;2024680285215393988;S
20241022;100221;20256;4;2024680285215393989;S
20241022;100221;20256;3;2024680285215393990;S
20241022;100221;20256;2;2024680285215393991;S
20241022;100221;20256;13;2024680285215393992;S
20241022;100221;20256;5;2024680285215393993;S
20241022;100221;20254;5;2024680285215393994;S
20241022;100221;20254;11;2024680285215393995;S
20241022;100221;20254;1;2024680285215393996;S
20241022;100221;20253;11;2024680285215393997;S
20241022;100221;20252;11;2024680285215393998;S
20241022;100221;20252;1;2024680285215393999;S
20241022;100221;20251;2;2024680285215394000;S
20241022;100221;20251;11;2024680285215394001;S
20241022;100221;20250;1;2024680285215394002;S
20241022;100221;20250;19;2024680285215394003;S
20241022;100235;20252;1;2024680285215394006;B
20241022;100235;20250;31;2024680285215394007;S
20241022;100235;20250;2;2024680285215394008;S
20241022;100235;20250;1;2024680285215394009;S
20241022;100235;20250;8;2024680285215394010;S
20241022;100235;20250;10;2024680285215394011;S
20241022;100235;20250;4;2024680285215394012;S
20241022;100245;20249;1;2024680285215394014;B
20241022;100254;20248;4;2024680285215394015;S
20241022;100254;20248;11;2024680285215394016;S
20241022;100254;20248;2;2024680285215394017;S
20241022;100254;20247;3;2024680285215394018;S
20241022;100254;20249;10;2024680285215394019;B
20241022;100255;20248;11;2024680285215394020;S
20241022;100255;20248;9;2024680285215394021;S
20241022;100303;20249;2;2024680285215394023;B
20241022;100310;20253;5;2024680285215394024;S
20241022;100310;20253;11;2024680285215394025;S
20241022;100310;20252;4;2024680285215394026;S
20241022;100310;20252;11;2024680285215394027;S
20241022;100310;20251;11;2024680285215394028;S
20241022;100310;20250;11;2024680285215394029;S
20241022;100310;20250;21;2024680285215394030;S
20241022;100313;20257;5;2024680285215394031;B
20241022;100316;20251;1;2024680285215394032;S
20241022;100316;20250;11;2024680285215394033;S
20241022;100318;20250;1;2024680285215394034;B
20241022;100322;20250;25;2024680285215394035;B
20241022;100330;20250;1;2024680285215394036;B
20241022;100336;20249;2;2024680285215394037;S
20241022;100336;20249;10;2024680285215394038;S
20241022;100345;20250;1;2024680285215394039;B
20241022;100404;20249;1;2024680285215394040;S
20241022;100410;20249;1;2024680285215394041;S
20241022;100410;20250;1;2024680285215394042;B
20241022;100412;20249;1;2024680285215394043;S
20241022;100412;20249;1;2024680285215394044;S
20241022;100414;20249;2;2024680285215394045;S
20241022;100414;20249;3;2024680285215394046;S
20241022;100414;20249;5;2024680285215394047;S
20241022;100429;20250;50;2024680285215394048;B
20241022;100437;20250;1;2024680285215394049;B
20241022;100456;20250;1;2024680285215394050;B
20241022;100458;20250;200;2024680285215394051;B
20241022;100524;20250;5;2024680285215394052;B
20241022;100524;20249;1;2024680285215394053;S
20241022;100529;20250;1;2024680285215394054;B
20241022;100536;20250;63;2024680285215394055;B
20241022;100541;20250;38;2024680285215394056;B
20241022;100541;20250;5;2024680285215394057;B
20241022;100541;20250;2;2024680285215394058;B
20241022;100541;20250;2;2024680285215394059;B
20241022;100541;20256;2;2024680285215394060;B
20241022;100541;20256;11;2024680285215394065;B
20241022;100541;20257;11;2024680285215394066;B
20241022;100541;20257;2;2024680285215394067;B
20241022;100541;20258;11;2024680285215394068;B
20241022;100541;20259;11;2024680285215394069;B
20241022;100541;20260;5;2024680285215394070;B
20241022;100608;20258;2;2024680285215394071;B
20241022;100608;20260;22;2024680285215394072;B
20241022;100624;20260;5;2024680285215394073;B
20241022;100627;20259;2;2024680285215394074;B
20241022;100627;20260;8;2024680285215394075;B
20241022;100636;20261;2;2024680285215394076;B
20241022;100636;20261;10;2024680285215394077;B
20241022;100723;20259;1;2024680285215394078;B
20241022;100730;20259;10;2024680285215394079;B
20241022;100730;20259;20;2024680285215394080;B
20241022;100731;20259;1;2024680285215394081;B
20241022;100731;20259;11;2024680285215394082;B
20241022;100739;20259;1;2024680285215394083;S
20241022;100749;20262;1;2024680285215394084;B
20241022;100936;20263;2;2024680285215394085;B
20241022;100936;20264;38;2024680285215394086;B
20241022;100956;20265;1;2024680285215394087;B
20241022;101017;20266;1;2024680285215394092;B
20241022;101114;20266;1;2024680285215394096;B
20241022;101114;20269;1;2024680285215394101;B
20241022;101114;20269;1;2024680285215394106;B
20241022;101151;20271;11;2024680285215394111;B
20241022;101151;20272;11;2024680285215394112;B
20241022;101151;20272;50;2024680285215394113;B
20241022;101151;20272;20;2024680285215394114;B
20241022;101151;20273;2;2024680285215394115;B
20241022;101151;20273;50;2024680285215394116;B
20241022;101151;20273;11;2024680285215394117;B
20241022;101151;20274;50;2024680285215394118;B
20241022;101151;20274;11;2024680285215394119;B
20241022;101151;20275;1;2024680285215394120;B
20241022;101151;20275;50;2024680285215394121;B
20241022;101151;20275;11;2024680285215394122;B
20241022;101151;20276;50;2024680285215394123;B
20241022;101151;20276;11;2024680285215394124;B
20241022;101151;20276;1;2024680285215394125;B
20241022;101151;20277;1;2024680285215394126;B
20241022;101151;20277;11;2024680285215394127;B
20241022;101151;20277;3;2024680285215394128;B
20241022;101202;20271;11;2024680285215394129;S
20241022;101202;20271;1;2024680285215394130;S
20241022;101202;20271;5;2024680285215394131;S
20241022;101202;20271;20;2024680285215394132;S
20241022;101312;20271;9;2024680285215394133;B
20241022;101342;20271;1;2024680285215394134;B
20241022;101352;20271;3;2024680285215394135;B
20241022;101402;20274;1;2024680285215394136;B
20241022;101402;20275;4;2024680285215394137;B
20241022;101419;20277;1;2024680285215394141;B
20241022;101419;20277;2;2024680285215394142;B
20241022;101429;20279;3;2024680285215394143;B
20241022;101430;20279;5;2024680285215394144;B
20241022;101430;20280;1;2024680285215394145;B
20241022;101430;20283;1;2024680285215394146;B
20241022;101430;20284;2;2024680285215394147;B
20241022;101430;20288;50;2024680285215394148;B
20241022;101430;20288;11;2024680285215394149;B
20241022;101430;20289;4;2024680285215394150;B
20241022;101504;20286;1;2024680285215394151;S
20241022;101538;20285;1;2024680285215394152;B
20241022;101538;20283;2;2024680285215394153;B
20241022;101550;20279;11;2024680285215394154;S
20241022;101605;20279;8;2024680285215394155;B
20241022;101626;20278;8;2024680285215394156;S
20241022;101626;20278;11;2024680285215394157;S
20241022;101626;20278;2;2024680285215394158;S
20241022;101626;20278;1;2024680285215394159;S
20241022;101626;20277;8;2024680285215394160;S
20241022;101645;20279;3;2024680285215394161;B
20241022;101745;20279;25;2024680285215394162;B
20241022;101841;20279;3;2024680285215394163;B
20241022;101854;20280;2;2024680285215394164;B
20241022;101854;20280;11;2024680285215394165;B
20241022;101854;20280;1;2024680285215394166;B
20241022;101903;20281;11;2024680285215394167;B
20241022;101903;20281;1;2024680285215394168;B
20241022;101903;20281;20;2024680285215394169;B
20241022;101903;20281;18;2024680285215394170;B
20241022;101927;20281;5;2024680285215394171;S
20241022;101941;20282;5;2024680285215394172;B
20241022;101953;20281;1;2024680285215394174;S
20241022;102007;20281;1;2024680285215394175;S
20241022;102009;20282;1;2024680285215394176;B
20241022;102011;20282;6;2024680285215394177;B
20241022;102011;20282;5;2024680285215394178;B
20241022;102011;20282;1;2024680285215394179;B
20241022;102011;20284;2;2024680285215394180;B
20241022;102011;20287;2;2024680285215394181;B
20241022;102011;20287;5;2024680285215394182;B
20241022;102109;20279;1;2024680285215394183;S
20241022;102110;20282;5;2024680285215394184;B
20241022;102142;20279;1;2024680285215394185;S
20241022;102142;20279;1;2024680285215394186;S
20241022;102303;20279;1;2024680285215394187;B
20241022;102355;20279;1;2024680285215394188;S
20241022;102404;20282;1;2024680285215394189;B
20241022;102417;20281;5;2024680285215394190;B
20241022;102451;20280;40;2024680285215394191;B
20241022;102451;20282;17;2024680285215394192;B
20241022;102451;20284;1;2024680285215394193;B
20241022;102451;20284;11;2024680285215394194;B
20241022;102451;20285;11;2024680285215394195;B
20241022;102451;20285;1;2024680285215394196;B
20241022;102451;20286;11;2024680285215394197;B
20241022;102451;20286;1;2024680285215394198;B
20241022;102451;20286;7;2024680285215394199;B
20241022;102535;20282;1;2024680285215394200;S
20241022;102649;20284;1;2024680285215394201;S
20241022;102709;20285;1;2024680285215394202;B
20241022;102734;20285;1;2024680285215394203;B
20241022;102910;20285;4;2024680285215394204;B
20241022;102914;20287;2;2024680285215394205;B
20241022;102916;20288;1;2024680285215394206;B
20241022;102916;20288;4;2024680285215394207;B
20241022;102920;20287;1;2024680285215394209;S
20241022;102944;20287;5;2024680285215394213;B
20241022;103005;20287;4;2024680285215394214;B
20241022;103015;20287;1;2024680285215394215;B
20241022;103118;20284;5;2024680285215394218;S
20241022;103119;20287;1;2024680285215394219;B
20241022;103135;20287;1;2024680285215394220;B
20241022;103159;20286;11;2024680285215394221;B
20241022;103159;20286;2;2024680285215394222;B
20241022;103159;20287;8;2024680285215394223;B
20241022;103159;20287;11;2024680285215394224;B
20241022;103159;20287;1;2024680285215394225;B
20241022;103159;20287;1;2024680285215394226;B
20241022;103159;20288;40;2024680285215394227;B
20241022;103159;20288;11;2024680285215394228;B
20241022;103159;20289;11;2024680285215394229;B
20241022;103159;20289;1;2024680285215394230;B
20241022;103159;20289;3;2024680285215394231;B
20241022;103203;20284;1;2024680285215394232;S
20241022;103203;20284;5;2024680285215394233;S
20241022;103203;20284;5;2024680285215394234;S
20241022;103227;20284;15;2024680285215394235;S
20241022;103227;20284;10;2024680285215394236;S
20241022;103227;20284;6;2024680285215394237;S
20241022;103227;20284;6;2024680285215394238;S
20241022;103228;20279;3;2024680285215394239;S
20241022;103228;20278;4;2024680285215394240;S
20241022;103243;20278;1;2024680285215394242;S
20241022;103243;20278;1;2024680285215394247;S
20241022;103243;20278;1;2024680285215394252;S
20241022;103243;20278;3;2024680285215394257;S
20241022;103353;20278;1;2024680285215394261;S
20241022;103353;20278;1;2024680285215394262;S
20241022;103403;20282;3;2024680285215394263;B
20241022;103506;20287;2;2024680285215394269;B
20241022;103507;20287;2;2024680285215394270;B
20241022;103649;20288;2;2024680285215394271;S
20241022;103652;20287;4;2024680285215394272;S
20241022;103659;20281;1;2024680285215394273;S
20241022;103726;20279;11;2024680285215394274;S
20241022;103726;20279;1;2024680285215394275;S
20241022;103726;20278;11;2024680285215394276;S
20241022;103726;20278;2;2024680285215394277;S
20241022;103726;20278;20;2024680285215394278;S
20241022;103726;20277;11;2024680285215394279;S
20241022;103726;20277;2;2024680285215394280;S
20241022;103726;20276;1;2024680285215394281;S
20241022;103726;20276;50;2024680285215394282;S
20241022;103726;20276;1;2024680285215394283;S
20241022;103726;20276;11;2024680285215394284;S
20241022;103726;20275;50;2024680285215394285;S
20241022;103729;20281;40;2024680285215394286;B
20241022;103729;20281;1;2024680285215394287;B
20241022;103729;20283;1;2024680285215394288;B
20241022;103729;20283;11;2024680285215394289;B
20241022;103729;20283;1;2024680285215394290;B
20241022;103729;20284;3;2024680285215394291;B
20241022;103920;20283;11;2024680285215394292;S
20241022;103920;20282;5;2024680285215394293;S
20241022;103920;20282;11;2024680285215394294;S
20241022;103920;20282;1;2024680285215394295;S
20241022;103920;20281;11;2024680285215394296;S
20241022;103920;20281;1;2024680285215394297;S
20241022;103920;20280;11;2024680285215394298;S
20241022;103920;20280;1;2024680285215394299;S
20241022;103920;20280;2;2024680285215394300;S
20241022;103920;20279;6;2024680285215394301;S
20241022;104001;20284;9;2024680285215394302;B
20241022;104035;20279;1;2024680285215394303;S
20241022;104036;20279;1;2024680285215394304;S
20241022;104107;20280;1;2024680285215394305;S
20241022;104107;20280;2;2024680285215394306;S
20241022;104331;20286;1;2024680285215394307;S
20241022;104342;20287;1;2024680285215394308;B
20241022;104450;20289;9;2024680285215394309;S
20241022;104505;20292;2;2024680285215394310;B
20241022;104735;20289;1;2024680285215394312;B
20241022;104735;20289;1;2024680285215394317;B
20241022;104736;20288;5;2024680285215394321;S
20241022;104757;20287;4;2024680285215394323;S
20241022;104905;20277;11;2024680285215394324;S
20241022;105014;20276;5;2024680285215394325;S
20241022;105017;20276;45;2024680285215394326;S
20241022;105017;20276;5;2024680285215394327;S
20241022;105041;20275;11;2024680285215394328;S
20241022;105041;20275;11;2024680285215394329;S
20241022;105042;20274;1;2024680285215394330;S
20241022;105042;20274;3;2024680285215394331;S
20241022;105056;20272;1;2024680285215394333;B
20241022;105058;20270;11;2024680285215394337;S
20241022;105058;20270;24;2024680285215394338;S
20241022;105106;20270;11;2024680285215394339;S
20241022;105106;20269;20;2024680285215394340;S
20241022;105106;20269;11;2024680285215394341;S
20241022;105106;20268;1;2024680285215394342;S
20241022;105106;20268;11;2024680285215394343;S
20241022;105106;20268;1;2024680285215394344;S
20241022;105106;20268;1;2024680285215394349;S
20241022;105106;20268;1;2024680285215394354;S
20241022;105106;20267;11;2024680285215394359;S
20241022;105106;20266;11;2024680285215394360;S
20241022;105106;20266;50;2024680285215394361;S
20241022;105106;20265;50;2024680285215394362;S
20241022;105106;20265;11;2024680285215394363;S
20241022;105106;20264;2;2024680285215394364;S
20241022;105106;20264;2;2024680285215394365;S
20241022;105106;20264;50;2024680285215394366;S
20241022;105106;20264;6;2024680285215394367;S
20241022;105106;20271;1;2024680285215394368;B
20241022;105323;20267;1;2024680285215394369;S
20241022;105325;20267;1;2024680285215394370;S
20241022;105332;20267;1;2024680285215394372;S
20241022;105529;20267;2;2024680285215394373;B
20241022;105535;20266;1;2024680285215394374;S
20241022;105544;20266;5;2024680285215394375;S
20241022;105630;20264;1;2024680285215394376;S
20241022;105646;20263;5;2024680285215394377;S
20241022;105705;20266;3;2024680285215394379;B
20241022;105751;20265;1;2024680285215394383;S
20241022;105751;20265;1;2024680285215394388;S
20241022;105751;20266;3;2024680285215394397;B
20241022;105751;20266;2;2024680285215394402;B
20241022;105815;20263;2;2024680285215394403;S
20241022;105839;20263;1;2024680285215394404;S
20241022;105858;20263;5;2024680285215394405;S
20241022;105903;20263;5;2024680285215394406;S
20241022;105905;20264;1;2024680285215394407;S
20241022;105910;20264;5;2024680285215394408;S
20241022;105916;20264;5;2024680285215394409;S
20241022;105922;20264;5;2024680285215394410;S
20241022;105932;20264;1;2024680285215394411;S
20241022;110024;20263;1;2024680285215394413;S
20241022;110024;20263;4;2024680285215394414;S
20241022;110030;20262;1;2024680285215394415;S
20241022;110030;20262;1;2024680285215394416;S
20241022;110030;20261;1;2024680285215394417;S
20241022;110030;20261;2;2024680285215394418;S
20241022;110037;20263;5;2024680285215394419;S
20241022;110043;20263;5;2024680285215394421;S
20241022;110044;20265;3;2024680285215394422;B
20241022;110044;20265;10;2024680285215394423;B
20241022;110047;20267;1;2024680285215394424;B
20241022;110047;20267;9;2024680285215394425;B
20241022;110048;20265;5;2024680285215394426;S
20241022;110113;20271;2;2024680285215394428;B
20241022;110151;20270;11;2024680285215394430;S
20241022;110151;20270;9;2024680285215394431;S
20241022;110200;20270;1;2024680285215394433;S
20241022;110247;20270;1;2024680285215394439;B
20241022;110404;20265;2;2024680285215394441;S
20241022;110404;20265;1;2024680285215394442;S
20241022;110412;20264;1;2024680285215394443;B
20241022;110413;20262;1;2024680285215394444;S
20241022;110413;20262;1;2024680285215394445;S
20241022;110413;20262;1;2024680285215394446;S
20241022;110413;20260;2;2024680285215394447;S
20241022;110413;20260;20;2024680285215394448;S
20241022;110413;20260;1;2024680285215394449;S
20241022;110413;20260;4;2024680285215394450;S
20241022;110413;20260;3;2024680285215394451;S
20241022;110444;20260;2;2024680285215394452;S
20241022;110520;20263;2;2024680285215394453;B
20241022;110528;20261;2;2024680285215394454;S
20241022;110607;20264;1;2024680285215394455;S
20241022;110607;20264;4;2024680285215394456;S
20241022;110614;20260;1;2024680285215394457;S
20241022;110614;20259;4;2024680285215394458;S
20241022;110626;20264;11;2024680285215394459;B
20241022;110626;20264;75;2024680285215394460;B
20241022;110626;20265;7;2024680285215394461;B
20241022;110626;20265;7;2024680285215394462;B
20241022;110649;20267;2;2024680285215394463;B
20241022;110749;20263;1;2024680285215394464;S
20241022;110750;20263;2;2024680285215394465;S
20241022;110818;20270;2;2024680285215394466;B
20241022;110824;20264;4;2024680285215394467;S
20241022;110834;20265;1;2024680285215394468;S
20241022;110851;20267;1;2024680285215394469;S
20241022;110858;20269;2;2024680285215394470;S
20241022;110911;20271;2;2024680285215394471;B
20241022;110920;20270;1;2024680285215394472;S
20241022;110927;20270;2;2024680285215394473;S
20241022;110952;20271;2;2024680285215394474;B
20241022;111008;20275;2;2024680285215394475;B
20241022;111026;20274;1;2024680285215394476;S
20241022;111026;20273;1;2024680285215394477;S
20241022;111035;20273;2;2024680285215394478;B
20241022;111041;20272;2;2024680285215394479;S
20241022;111041;20272;2;2024680285215394480;S
20241022;111041;20272;1;2024680285215394481;S
20241022;111051;20271;2;2024680285215394482;S
20241022;111115;20272;1;2024680285215394483;B
20241022;111115;20272;1;2024680285215394484;B
20241022;111139;20271;2;2024680285215394485;S
20241022;111156;20272;2;2024680285215394486;B
20241022;111204;20271;4;2024680285215394487;S
20241022;111204;20271;1;2024680285215394488;S
20241022;111216;20269;2;2024680285215394489;S
20241022;111231;20270;2;2024680285215394490;B
20241022;111238;20270;42;2024680285215394491;B
20241022;111238;20270;8;2024680285215394492;B
20241022;111240;20269;1;2024680285215394493;S
20241022;111243;20269;2;2024680285215394494;S
20241022;111257;20271;2;2024680285215394495;B
20241022;111301;20271;48;2024680285215394497;B
20241022;111301;20271;2;2024680285215394498;B
20241022;111302;20269;3;2024680285215394499;S
20241022;111323;20269;2;2024680285215394500;S
20241022;111335;20269;1;2024680285215394501;S
20241022;111339;20270;4;2024680285215394502;B
20241022;111339;20270;2;2024680285215394503;B
20241022;111342;20277;2;2024680285215394504;B
20241022;111352;20272;4;2024680285215394505;S
20241022;111414;20274;2;2024680285215394506;S
20241022;111437;20277;1;2024680285215394507;B
20241022;111437;20281;1;2024680285215394508;B
20241022;111552;20280;5;2024680285215394509;S
20241022;111607;20279;4;2024680285215394510;S
20241022;111607;20279;1;2024680285215394511;S
20241022;111607;20279;1;2024680285215394512;S
20241022;111607;20279;2;2024680285215394513;S
20241022;111608;20279;3;2024680285215394514;S
20241022;111641;20282;11;2024680285215394515;B
20241022;111641;20282;2;2024680285215394516;B
20241022;111641;20282;20;2024680285215394517;B
20241022;111641;20282;7;2024680285215394518;B
20241022;111714;20279;5;2024680285215394519;S
20241022;111748;20279;1;2024680285215394520;B
20241022;111748;20280;3;2024680285215394521;B
20241022;111748;20282;1;2024680285215394522;B
20241022;111816;20283;2;2024680285215394523;B
20241022;111816;20283;1;2024680285215394524;B
20241022;111821;20283;10;2024680285215394525;B
20241022;111821;20283;20;2024680285215394526;B
20241022;111947;20283;1;2024680285215394527;B
20241022;112013;20279;1;2024680285215394529;S
20241022;112015;20283;1;2024680285215394533;B
20241022;112114;20280;1;2024680285215394534;S
20241022;112114;20280;12;2024680285215394535;S
20241022;112115;20283;1;2024680285215394536;B
20241022;112423;20283;1;2024680285215394538;B
20241022;112732;20283;3;2024680285215394542;B
20241022;112732;20283;2;2024680285215394543;B
20241022;112732;20283;3;2024680285215394544;B
20241022;112813;20283;8;2024680285215394545;B
20241022;112813;20283;1;2024680285215394546;B
20241022;112813;20283;2;2024680285215394547;B
20241022;112816;20282;3;2024680285215394548;S
20241022;112838;20282;1;2024680285215394549;S
20241022;112839;20282;2;2024680285215394550;S
20241022;112839;20282;10;2024680285215394551;S
20241022;112839;20282;5;2024680285215394552;S
20241022;112839;20282;3;2024680285215394553;S
20241022;112839;20282;3;2024680285215394554;S
20241022;112839;20282;40;2024680285215394555;S
20241022;112839;20282;10;2024680285215394556;S
20241022;113041;20272;2;2024680285215394557;S
20241022;113112;20272;3;2024680285215394558;S
20241022;113112;20272;20;2024680285215394559;S
20241022;113112;20271;11;2024680285215394560;S
20241022;113112;20270;11;2024680285215394561;S
20241022;113112;20270;2;2024680285215394562;S
20241022;113112;20269;13;2024680285215394563;S
20241022;113208;20271;3;2024680285215394564;S
20241022;113208;20271;2;2024680285215394565;S
20241022;113208;20270;10;2024680285215394566;S
20241022;113211;20270;7;2024680285215394567;S
20241022;113211;20270;4;2024680285215394568;S
20241022;113211;20270;9;2024680285215394569;S
20241022;113214;20272;5;2024680285215394570;B
20241022;113218;20269;26;2024680285215394571;S
20241022;113218;20269;14;2024680285215394572;S
20241022;113218;20269;13;2024680285215394573;S
20241022;113218;20269;7;2024680285215394574;S
20241022;113218;20269;10;2024680285215394575;S
20241022;113219;20269;2;2024680285215394576;S
20241022;113220;20269;4;2024680285215394577;S
20241022;113222;20266;7;2024680285215394578;S
20241022;113229;20265;1;2024680285215394579;S
20241022;113229;20265;5;2024680285215394580;S
20241022;113233;20264;5;2024680285215394581;B
20241022;113251;20264;5;2024680285215394582;B
20241022;113258;20264;1;2024680285215394583;B
20241022;113258;20264;2;2024680285215394584;B
20241022;113258;20264;2;2024680285215394585;B
20241022;113310;20262;1;2024680285215394586;B
20241022;113310;20262;4;2024680285215394587;B
20241022;113311;20261;1;2024680285215394588;S
20241022;113316;20262;5;2024680285215394589;B
20241022;113320;20261;1;2024680285215394590;S
20241022;113320;20261;5;2024680285215394591;S
20241022;113321;20260;1;2024680285215394592;S
20241022;113321;20260;1;2024680285215394593;S
20241022;113323;20259;5;2024680285215394595;B
20241022;113342;20259;3;2024680285215394596;B
20241022;113346;20259;8;2024680285215394597;B
20241022;113346;20259;2;2024680285215394598;B
20241022;113353;20258;5;2024680285215394599;S
20241022;113357;20256;1;2024680285215394600;S
20241022;113411;20257;5;2024680285215394601;S
20241022;113412;20258;5;2024680285215394602;S
20241022;113415;20256;1;2024680285215394603;S
20241022;113420;20259;25;2024680285215394604;B
20241022;113447;20257;3;2024680285215394605;S
20241022;113455;20261;2;2024680285215394606;B
20241022;113455;20261;8;2024680285215394607;B
20241022;113520;20254;1;2024680285215394608;S
20241022;113520;20254;1;2024680285215394613;S
20241022;113534;20254;3;2024680285215394614;S
20241022;113538;20258;30;2024680285215394615;B
20241022;113611;20261;2;2024680285215394616;B
20241022;113611;20261;8;2024680285215394617;B
20241022;113623;20259;1;2024680285215394618;S
20241022;113623;20259;1;2024680285215394619;S
20241022;113624;20263;1;2024680285215394620;B
20241022;113638;20261;1;2024680285215394621;S
20241022;113638;20260;1;2024680285215394622;S
20241022;113638;20260;7;2024680285215394623;S
20241022;113853;20258;11;2024680285215394627;S
20241022;113853;20258;1;2024680285215394628;S
20241022;113853;20257;2;2024680285215394629;S
20241022;113853;20257;1;2024680285215394630;S
20241022;113853;20257;11;2024680285215394631;S
20241022;113853;20257;20;2024680285215394632;S
20241022;113853;20256;4;2024680285215394633;S
20241022;114018;20259;1;2024680285215394634;S
20241022;114025;20260;1;2024680285215394635;B
20241022;114112;20259;1;2024680285215394642;S
20241022;114112;20257;1;2024680285215394647;S
20241022;114112;20257;1;2024680285215394652;S
20241022;114112;20257;1;2024680285215394657;S
20241022;114112;20257;1;2024680285215394662;S
20241022;114112;20257;7;2024680285215394667;S
20241022;114112;20257;1;2024680285215394671;B
20241022;114112;20257;1;2024680285215394676;B
20241022;114112;20257;9;2024680285215394681;B
20241022;114114;20258;1;2024680285215394686;B
20241022;114115;20258;1;2024680285215394691;B
20241022;114116;20258;1;2024680285215394696;B
20241022;114126;20258;8;2024680285215394701;B
20241022;114126;20258;1;2024680285215394706;B
20241022;114126;20258;2;2024680285215394711;B
20241022;114126;20258;10;2024680285215394716;B
20241022;114201;20259;2;2024680285215394721;B
20241022;114237;20262;2;2024680285215394722;B
20241022;114259;20258;1;2024680285215394723;S
20241022;114259;20257;1;2024680285215394724;S
20241022;114524;20269;1;2024680285215394728;S
20241022;114534;20269;1;2024680285215394730;S
20241022;114534;20269;1;2024680285215394735;S
20241022;114534;20268;2;2024680285215394740;S
20241022;114534;20267;6;2024680285215394745;S
20241022;114551;20265;1;2024680285215394749;S
20241022;114617;20266;1;2024680285215394750;S
20241022;114623;20267;1;2024680285215394751;B
20241022;114648;20265;1;2024680285215394752;S
20241022;114712;20268;10;2024680285215394753;B
20241022;114736;20263;5;2024680285215394754;S
20241022;114749;20270;11;2024680285215394755;B
20241022;114749;20271;11;2024680285215394756;B
20241022;114749;20271;1;2024680285215394757;B
20241022;114837;20263;1;2024680285215394758;S
20241022;114857;20272;1;2024680285215394760;B
20241022;114909;20268;1;2024680285215394764;S
20241022;114911;20268;10;2024680285215394765;S
20241022;114911;20268;23;2024680285215394766;S
20241022;114911;20267;7;2024680285215394767;S
20241022;114935;20267;1;2024680285215394768;S
20241022;114940;20270;1;2024680285215394769;B
20241022;114946;20270;1;2024680285215394770;B
20241022;115036;20270;11;2024680285215394771;B
20241022;115036;20270;2;2024680285215394772;B
20241022;115036;20270;1;2024680285215394773;B
20241022;115045;20271;11;2024680285215394774;B
20241022;115045;20272;11;2024680285215394775;B
20241022;115045;20272;1;2024680285215394776;B
20241022;115152;20271;1;2024680285215394777;B
20241022;115227;20271;10;2024680285215394778;B
20241022;115227;20271;2;2024680285215394779;B
20241022;115227;20272;11;2024680285215394780;B
20241022;115227;20272;1;2024680285215394781;B
20241022;115227;20272;2;2024680285215394782;B
20241022;115227;20272;4;2024680285215394783;B
20241022;115256;20269;1;2024680285215394786;B
20241022;115425;20268;5;2024680285215394787;S
20241022;115430;20268;2;2024680285215394788;S
20241022;115430;20268;3;2024680285215394789;S
20241022;115434;20267;1;2024680285215394790;S
20241022;115550;20263;1;2024680285215394794;B
20241022;115632;20260;1;2024680285215394796;S
20241022;115639;20260;1;2024680285215394800;S
20241022;115639;20260;20;2024680285215394801;S
20241022;115639;20260;2;2024680285215394802;S
20241022;115642;20259;1;2024680285215394803;S
20241022;115642;20259;1;2024680285215394804;S
20241022;115655;20258;1;2024680285215394805;S
20241022;115927;20259;1;2024680285215394806;B
20241022;115934;20256;10;2024680285215394807;S
20241022;115934;20255;1;2024680285215394808;S
20241022;115952;20256;5;2024680285215394809;B
20241022;120000;20254;2;2024680285215394810;S
20241022;120000;20254;1;2024680285215394811;S
20241022;120000;20252;1;2024680285215394812;S
20241022;120000;20250;1;2024680285215394813;S
20241022;120000;20250;4;2024680285215394814;S
20241022;120000;20250;3;2024680285215394815;S
20241022;120000;20250;3;2024680285215394816;S
20241022;120000;20250;1;2024680285215394817;S
20241022;120000;20250;1;2024680285215394818;S
20241022;120008;20249;1;2024680285215394819;S
20241022;120009;20249;1;2024680285215394820;B
20241022;120010;20248;1;2024680285215394822;S
20241022;120010;20248;1;2024680285215394827;S
20241022;120010;20248;1;2024680285215394832;S
20241022;120010;20248;2;2024680285215394837;S
20241022;120027;20248;4;2024680285215394841;S
20241022;120029;20249;10;2024680285215394842;B
20241022;120034;20248;1;2024680285215394843;S
20241022;120047;20249;15;2024680285215394844;B
20241022;120102;20249;3;2024680285215394845;B
20241022;120102;20249;5;2024680285215394846;B
20241022;120102;20249;7;2024680285215394847;B
20241022;120102;20248;10;2024680285215394848;S
20241022;120104;20249;3;2024680285215394849;B
20241022;120104;20249;3;2024680285215394850;B
20241022;120104;20249;1;2024680285215394851;B
20241022;120111;20248;10;2024680285215394852;S
20241022;120116;20249;10;2024680285215394853;B
20241022;120116;20249;1;2024680285215394854;B
20241022;120116;20249;2;2024680285215394855;B
20241022;120121;20249;2;2024680285215394856;S
20241022;120131;20248;5;2024680285215394857;S
20241022;120133;20247;3;2024680285215394858;S
20241022;120134;20246;1;2024680285215394859;S
20241022;120134;20245;1;2024680285215394860;S
20241022;120134;20244;1;2024680285215394861;S
20241022;120134;20241;4;2024680285215394862;S
20241022;120134;20244;11;2024680285215394863;B
20241022;120134;20245;4;2024680285215394864;B
20241022;120134;20245;1;2024680285215394865;B
20241022;120135;20243;1;2024680285215394866;S
20241022;120145;20242;4;2024680285215394867;S
20241022;120147;20243;1;2024680285215394868;B
20241022;120147;20242;1;2024680285215394869;S
20241022;120154;20245;1;2024680285215394870;B
20241022;120201;20241;2;2024680285215394871;S
20241022;120202;20245;1;2024680285215394872;B
20241022;120222;20248;1;2024680285215394873;B
20241022;120222;20245;2;2024680285215394874;S
20241022;120233;20245;2;2024680285215394875;S
20241022;120233;20245;11;2024680285215394876;S
20241022;120233;20241;4;2024680285215394877;S
20241022;120233;20241;5;2024680285215394878;S
20241022;120234;20244;1;2024680285215394879;B
20241022;120243;20241;2;2024680285215394880;S
20241022;120244;20245;1;2024680285215394881;B
20241022;120245;20245;5;2024680285215394882;B
20241022;120254;20243;2;2024680285215394883;S
20241022;120256;20247;1;2024680285215394884;B
20241022;120305;20245;2;2024680285215394885;S
20241022;120334;20250;1;2024680285215394886;B
20241022;120340;20247;10;2024680285215394887;S
20241022;120343;20249;11;2024680285215394888;B
20241022;120343;20249;2;2024680285215394889;B
20241022;120343;20250;7;2024680285215394890;B
20241022;120347;20248;2;2024680285215394891;B
20241022;120347;20248;28;2024680285215394892;B
20241022;120348;20244;1;2024680285215394893;S
20241022;120348;20244;11;2024680285215394894;S
20241022;120348;20243;3;2024680285215394895;S
20241022;120353;20246;1;2024680285215394896;B
20241022;120359;20246;20;2024680285215394897;B
20241022;120443;20245;3;2024680285215394898;B
20241022;120451;20247;40;2024680285215394899;B
20241022;120451;20248;2;2024680285215394900;B
20241022;120451;20248;50;2024680285215394901;B
20241022;120512;20249;15;2024680285215394902;S
20241022;120512;20248;64;2024680285215394903;S
20241022;120527;20249;10;2024680285215394904;B
20241022;120528;20249;1;2024680285215394908;B
20241022;120528;20249;2;2024680285215394909;B
20241022;120529;20249;1;2024680285215394910;B
20241022;120529;20249;1;2024680285215394911;B
20241022;120536;20249;4;2024680285215394912;B
20241022;120536;20249;3;2024680285215394913;B
20241022;120536;20249;10;2024680285215394914;B
20241022;120536;20249;11;2024680285215394915;B
20241022;120656;20250;12;2024680285215394916;B
20241022;120656;20250;50;2024680285215394917;B
20241022;120701;20250;50;2024680285215394918;B
20241022;120821;20253;1;2024680285215394919;B
20241022;120821;20253;2;2024680285215394920;B
20241022;120831;20248;5;2024680285215394921;S
20241022;121006;20249;11;2024680285215394922;B
20241022;121006;20249;11;2024680285215394923;B
20241022;121022;20250;1;2024680285215394924;B
20241022;121050;20250;1;2024680285215394925;S
20241022;121059;20254;5;2024680285215394926;B
20241022;121114;20255;2;2024680285215394927;B
20241022;121121;20252;1;2024680285215394928;S
20241022;121129;20255;4;2024680285215394929;B
20241022;121134;20255;5;2024680285215394930;B
20241022;121212;20255;1;2024680285215394931;B
20241022;121217;20254;1;2024680285215394932;B
20241022;121309;20251;1;2024680285215394933;S
20241022;121309;20251;3;2024680285215394934;S
20241022;121317;20249;10;2024680285215394935;S
20241022;121317;20249;3;2024680285215394936;S
20241022;121318;20248;20;2024680285215394937;S
20241022;121318;20248;20;2024680285215394938;S
20241022;121318;20248;20;2024680285215394939;S
20241022;121318;20248;20;2024680285215394940;S
20241022;121318;20248;20;2024680285215394941;S
20241022;121318;20248;20;2024680285215394942;S
20241022;121318;20248;20;2024680285215394943;S
20241022;121318;20248;20;2024680285215394944;S
20241022;121318;20248;20;2024680285215394945;S
20241022;121318;20248;20;2024680285215394946;S
20241022;121318;20248;20;2024680285215394947;S
20241022;121318;20248;20;2024680285215394948;S
20241022;121318;20248;20;2024680285215394949;S
20241022;121318;20248;20;2024680285215394950;S
20241022;121318;20248;8;2024680285215394951;S
20241022;121318;20248;1;2024680285215394952;S
20241022;121318;20248;1;2024680285215394953;S
20241022;121318;20248;1;2024680285215394954;S
20241022;121326;20247;1;2024680285215394955;B
20241022;121353;20246;11;2024680285215394956;B
20241022;121353;20246;2;2024680285215394957;B
20241022;121353;20246;50;2024680285215394958;B
20241022;121353;20246;20;2024680285215394959;B
20241022;121353;20247;39;2024680285215394960;B
20241022;121353;20247;11;2024680285215394961;B
20241022;121353;20247;50;2024680285215394962;B
20241022;121353;20248;9;2024680285215394963;B
20241022;121353;20248;11;2024680285215394964;B
20241022;121353;20248;3;2024680285215394965;B
20241022;121353;20248;50;2024680285215394966;B
20241022;121353;20248;20;2024680285215394967;S
20241022;121353;20248;20;2024680285215394968;S
20241022;121353;20248;20;2024680285215394969;S
20241022;121353;20248;20;2024680285215394970;S
20241022;121353;20248;20;2024680285215394971;S
20241022;121353;20248;20;2024680285215394972;S
20241022;121353;20248;20;2024680285215394973;S
20241022;121353;20248;4;2024680285215394974;S
20241022;121403;20245;11;2024680285215394975;B
20241022;121403;20246;1;2024680285215394976;B
20241022;121403;20246;11;2024680285215394977;B
20241022;121403;20247;11;2024680285215394978;B
20241022;121403;20247;40;2024680285215394979;B
20241022;121403;20248;16;2024680285215394980;B
20241022;121403;20248;11;2024680285215394981;B
20241022;121403;20248;3;2024680285215394982;B
20241022;121406;20248;40;2024680285215394983;S
20241022;121412;20248;40;2024680285215394984;S
20241022;121422;20248;40;2024680285215394985;S
20241022;121444;20248;40;2024680285215394986;S
20241022;121445;20248;136;2024680285215394987;S
20241022;121445;20246;2;2024680285215394988;S
20241022;121445;20246;20;2024680285215394989;S
20241022;121445;20243;1;2024680285215394990;S
20241022;121445;20243;2;2024680285215394991;S
20241022;121445;20242;5;2024680285215394992;S
20241022;121445;20242;3;2024680285215394993;S
20241022;121445;20242;31;2024680285215394994;S
20241022;121500;20241;11;2024680285215394995;S
20241022;121500;20241;1;2024680285215394996;S
20241022;121504;20241;11;2024680285215394997;S
20241022;121504;20240;1;2024680285215394998;S
20241022;121554;20241;1;2024680285215394999;S
20241022;121609;20241;3;2024680285215395000;S
20241022;121624;20240;6;2024680285215395001;S
20241022;121624;20240;1;2024680285215395002;S
20241022;121628;20239;1;2024680285215395003;S
20241022;121628;20239;1;2024680285215395004;S
20241022;121639;20241;3;2024680285215395005;B
20241022;121653;20240;5;2024680285215395006;S
20241022;121653;20240;1;2024680285215395007;S
20241022;121706;20238;1;2024680285215395008;S
20241022;121706;20238;1;2024680285215395009;S
20241022;121739;20239;5;2024680285215395010;B
20241022;121815;20238;1;2024680285215395011;S
20241022;121818;20239;1;2024680285215395012;B
20241022;121834;20238;1;2024680285215395013;S
20241022;121834;20238;1;2024680285215395014;S
20241022;121841;20238;18;2024680285215395015;S
20241022;121841;20236;1;2024680285215395016;S
20241022;121841;20236;1;2024680285215395017;S
20241022;121841;20236;1;2024680285215395018;S
20241022;121841;20235;10;2024680285215395019;S
20241022;121841;20235;1;2024680285215395020;S
20241022;121841;20235;1;2024680285215395021;S
20241022;121841;20235;1;2024680285215395022;S
20241022;121841;20235;2;2024680285215395023;S
20241022;121841;20234;1;2024680285215395024;S
20241022;121841;20233;1;2024680285215395029;S
20241022;121842;20232;1;2024680285215395030;S
20241022;121842;20231;1;2024680285215395031;S
20241022;121921;20231;1;2024680285215395032;S
20241022;121947;20231;1;2024680285215395033;S
20241022;122011;20235;3;2024680285215395034;B
20241022;122011;20235;1;2024680285215395035;B
20241022;122011;20235;7;2024680285215395036;B
20241022;122011;20231;1;2024680285215395037;S
20241022;122020;20235;5;2024680285215395038;B
20241022;122024;20235;7;2024680285215395039;B
20241022;122032;20234;5;2024680285215395040;B
20241022;122035;20231;1;2024680285215395041;S
20241022;122058;20234;1;2024680285215395042;B
20241022;122059;20231;1;2024680285215395043;S
20241022;122120;20234;1;2024680285215395044;B
20241022;122141;20234;5;2024680285215395045;B
20241022;122250;20235;7;2024680285215395046;B
20241022;122255;20234;4;2024680285215395047;S
20241022;122318;20231;4;2024680285215395048;S
20241022;122318;20231;2;2024680285215395049;S
20241022;122318;20231;1;2024680285215395050;S
20241022;122318;20230;8;2024680285215395051;S
20241022;122318;20230;32;2024680285215395052;S
20241022;122324;20230;40;2024680285215395053;S
20241022;122324;20230;8;2024680285215395054;S
20241022;122324;20230;2;2024680285215395055;S
20241022;122332;20230;18;2024680285215395056;S
20241022;122332;20228;1;2024680285215395057;S
20241022;122333;20227;1;2024680285215395058;B
20241022;122333;20227;1;2024680285215395059;B
20241022;122433;20226;1;2024680285215395060;S
20241022;122449;20226;1;2024680285215395061;S
20241022;122449;20225;1;2024680285215395062;S
20241022;122449;20225;1;2024680285215395063;S
20241022;122453;20225;1;2024680285215395065;S
20241022;122520;20226;5;2024680285215395066;B
20241022;122540;20225;1;2024680285215395068;S
20241022;122540;20225;1;2024680285215395073;S
20241022;122542;20225;1;2024680285215395078;S
20241022;122547;20225;2;2024680285215395082;S
20241022;122547;20225;1;2024680285215395083;S
20241022;122551;20226;6;2024680285215395084;B
20241022;122551;20226;2;2024680285215395085;B
20241022;122551;20226;6;2024680285215395086;B
20241022;122551;20226;5;2024680285215395087;B
20241022;122551;20226;1;2024680285215395088;B
20241022;122551;20223;1;2024680285215395090;S
20241022;122614;20223;1;2024680285215395098;S
20241022;122623;20225;2;2024680285215395102;B
20241022;122623;20225;3;2024680285215395103;B
20241022;122624;20225;3;2024680285215395104;B
20241022;122648;20225;4;2024680285215395105;B
20241022;122648;20225;3;2024680285215395106;B
20241022;122651;20225;6;2024680285215395107;S
20241022;122714;20225;2;2024680285215395109;S
20241022;122714;20225;3;2024680285215395110;S
20241022;122715;20224;1;2024680285215395111;S
20241022;122715;20224;2;2024680285215395112;S
20241022;122724;20226;4;2024680285215395113;B
20241022;122729;20225;35;2024680285215395114;S
20241022;122731;20226;7;2024680285215395115;B
20241022;122731;20226;2;2024680285215395116;B
20241022;122731;20226;20;2024680285215395117;B
20241022;122731;20226;40;2024680285215395118;B
20241022;122731;20226;11;2024680285215395119;S
20241022;122735;20226;20;2024680285215395120;S
20241022;122802;20222;20;2024680285215395121;S
20241022;122802;20222;20;2024680285215395122;S
20241022;122802;20222;10;2024680285215395123;S
20241022;122802;20222;1;2024680285215395124;S
20241022;122802;20221;2;2024680285215395125;S
20241022;122802;20221;7;2024680285215395126;S
20241022;122802;20221;7;2024680285215395127;S
20241022;122802;20220;10;2024680285215395128;S
20241022;122802;20220;1;2024680285215395129;S
20241022;122802;20220;1;2024680285215395130;S
20241022;122802;20220;1;2024680285215395131;S
20241022;122802;20220;1;2024680285215395132;S
20241022;122812;20219;19;2024680285215395133;B
20241022;122812;20219;11;2024680285215395134;B
20241022;122812;20220;11;2024680285215395135;B
20241022;122812;20220;2;2024680285215395136;B
20241022;122812;20221;11;2024680285215395137;B
20241022;122812;20221;2;2024680285215395138;B
20241022;122812;20221;20;2024680285215395139;S
20241022;122812;20221;20;2024680285215395140;S
20241022;122812;20221;4;2024680285215395141;S
20241022;122812;20220;16;2024680285215395142;S
20241022;122812;20220;4;2024680285215395143;S
20241022;122817;20219;1;2024680285215395144;S
20241022;122817;20218;1;2024680285215395145;S
20241022;122817;20218;1;2024680285215395146;S
20241022;122817;20218;1;2024680285215395147;S
20241022;122817;20216;1;2024680285215395152;S
20241022;122817;20215;2;2024680285215395153;S
20241022;122817;20214;1;2024680285215395154;S
20241022;122817;20214;2;2024680285215395155;S
20241022;122817;20214;2;2024680285215395156;S
20241022;122817;20218;1;2024680285215395157;B
20241022;122906;20218;2;2024680285215395158;B
20241022;122916;20218;3;2024680285215395159;B
20241022;122933;20220;5;2024680285215395160;B
20241022;122935;20220;3;2024680285215395161;B
20241022;122937;20220;1;2024680285215395162;B
20241022;122938;20216;5;2024680285215395163;S
20241022;122945;20216;6;2024680285215395164;S
20241022;122945;20216;2;2024680285215395165;S
20241022;122945;20215;1;2024680285215395166;S
20241022;122945;20215;1;2024680285215395167;S
20241022;122947;20216;1;2024680285215395168;S
20241022;122957;20219;2;2024680285215395169;B
20241022;123005;20215;2;2024680285215395170;S
20241022;123005;20215;15;2024680285215395171;S
20241022;123005;20215;1;2024680285215395172;S
20241022;123006;20215;3;2024680285215395173;S
20241022;123014;20215;2;2024680285215395174;S
20241022;123024;20215;1;2024680285215395175;S
20241022;123032;20219;5;2024680285215395176;B
20241022;123032;20220;5;2024680285215395177;B
20241022;123041;20221;1;2024680285215395178;S
20241022;123045;20221;5;2024680285215395179;S
20241022;123045;20226;23;2024680285215395180;B
20241022;123046;20227;2;2024680285215395181;B
20241022;123101;20222;1;2024680285215395182;S
20241022;123101;20222;9;2024680285215395183;S
20241022;123109;20225;2;2024680285215395184;B
20241022;123113;20221;1;2024680285215395185;S
20241022;123118;20220;2;2024680285215395186;B
20241022;123158;20223;1;2024680285215395187;B
20241022;123158;20223;7;2024680285215395188;B
20241022;123207;20223;1;2024680285215395189;B
20241022;123207;20226;1;2024680285215395190;B
20241022;123211;20227;5;2024680285215395191;B
20241022;123225;20227;1;2024680285215395192;S
20241022;123225;20226;1;2024680285215395193;S
20241022;123306;20224;10;2024680285215395194;B
20241022;123307;20220;50;2024680285215395195;S
20241022;123339;20220;1;2024680285215395196;S
20241022;123349;20220;4;2024680285215395197;B
20241022;123352;20225;2;2024680285215395198;B
20241022;123402;20220;5;2024680285215395199;S
20241022;123407;20226;1;2024680285215395200;B
20241022;123407;20226;1;2024680285215395201;B
20241022;123429;20224;5;2024680285215395202;B
20241022;123433;20220;1;2024680285215395203;S
20241022;123437;20224;1;2024680285215395204;B
20241022;123505;20224;1;2024680285215395205;B
20241022;123520;20226;1;2024680285215395206;B
20241022;123521;20226;3;2024680285215395207;B
20241022;123600;20229;2;2024680285215395208;B
20241022;123600;20229;10;2024680285215395209;B
20241022;123600;20231;1;2024680285215395210;B
20241022;123600;20232;1;2024680285215395211;B
20241022;123600;20236;6;2024680285215395212;B
20241022;123601;20236;10;2024680285215395213;B
20241022;123605;20236;10;2024680285215395214;B
20241022;123605;20238;10;2024680285215395215;B
20241022;123609;20237;20;2024680285215395216;B
20241022;123611;20238;5;2024680285215395217;B
20241022;123616;20238;5;2024680285215395218;B
20241022;123617;20238;6;2024680285215395219;B
20241022;123617;20238;40;2024680285215395220;B
20241022;123617;20239;1;2024680285215395221;B
20241022;123617;20239;11;2024680285215395222;B
20241022;123622;20240;5;2024680285215395223;B
20241022;123623;20240;6;2024680285215395224;B
20241022;123623;20240;2;2024680285215395225;B
20241022;123623;20241;11;2024680285215395226;B
20241022;123623;20242;11;2024680285215395227;B
20241022;123623;20242;20;2024680285215395228;B
20241022;123623;20243;11;2024680285215395229;B
20241022;123623;20243;3;2024680285215395230;B
20241022;123623;20244;37;2024680285215395235;B
20241022;123628;20242;5;2024680285215395236;B
20241022;123629;20239;200;2024680285215395237;S
20241022;123634;20240;1;2024680285215395238;B
20241022;123634;20242;4;2024680285215395239;B
20241022;123646;20242;10;2024680285215395240;B
20241022;123651;20242;1;2024680285215395241;B
20241022;123651;20243;9;2024680285215395242;B
20241022;123657;20242;10;2024680285215395243;B
20241022;123717;20242;50;2024680285215395244;B
20241022;123727;20241;1;2024680285215395245;S
20241022;123727;20241;1;2024680285215395246;S
20241022;123742;20242;10;2024680285215395247;B
20241022;123757;20242;30;2024680285215395248;B
20241022;123757;20242;1;2024680285215395249;B
20241022;123757;20243;4;2024680285215395250;B
20241022;123828;20242;10;2024680285215395251;B
20241022;123829;20241;1;2024680285215395252;S
20241022;123857;20242;15;2024680285215395253;B
20241022;124000;20241;1;2024680285215395254;B
20241022;124013;20241;1;2024680285215395255;B
20241022;124014;20241;1;2024680285215395256;B
20241022;124031;20241;1;2024680285215395257;S
20241022;124031;20240;1;2024680285215395258;S
20241022;124031;20239;8;2024680285215395259;S
20241022;124041;20241;1;2024680285215395260;B
20241022;124046;20241;1;2024680285215395261;B
20241022;124101;20240;1;2024680285215395262;S
20241022;124102;20239;20;2024680285215395263;S
20241022;124102;20239;14;2024680285215395264;S
20241022;124121;20229;11;2024680285215395265;S
20241022;124121;20229;7;2024680285215395266;S
20241022;124147;20227;11;2024680285215395267;S
20241022;124147;20227;2;2024680285215395268;S
20241022;124147;20226;2;2024680285215395269;S
20241022;124200;20226;3;2024680285215395270;S
20241022;124332;20232;3;2024680285215395271;B
20241022;124340;20230;2;2024680285215395272;B
20241022;124346;20227;2;2024680285215395274;S
20241022;124351;20231;2;2024680285215395278;B
20241022;124354;20230;11;2024680285215395279;B
20241022;124354;20231;38;2024680285215395280;B
20241022;124354;20231;1;2024680285215395281;B
20241022;124358;20231;2;2024680285215395282;B
20241022;124418;20228;2;2024680285215395283;S
20241022;124426;20227;1;2024680285215395284;S
20241022;124428;20227;1;2024680285215395285;S
20241022;124447;20228;20;2024680285215395286;B
20241022;124449;20227;1;2024680285215395287;S
20241022;124551;20230;1;2024680285215395288;B
20241022;124604;20227;1;2024680285215395289;S
20241022;124613;20229;1;2024680285215395290;B
20241022;124626;20227;20;2024680285215395291;S
20241022;124626;20227;20;2024680285215395292;S
20241022;124626;20227;20;2024680285215395293;S
20241022;124626;20227;11;2024680285215395294;S
20241022;124626;20226;9;2024680285215395295;S
20241022;124626;20226;20;2024680285215395296;S
20241022;124626;20226;18;2024680285215395297;S
20241022;124626;20226;2;2024680285215395298;S
20241022;124626;20226;18;2024680285215395299;S
20241022;124626;20226;1;2024680285215395300;S
20241022;124626;20225;1;2024680285215395301;S
20241022;124626;20225;9;2024680285215395302;S
20241022;124626;20225;2;2024680285215395303;S
20241022;124626;20223;3;2024680285215395304;S
20241022;124632;20223;1;2024680285215395305;B
20241022;124638;20223;5;2024680285215395306;B
20241022;124638;20226;2;2024680285215395307;B
20241022;124638;20227;3;2024680285215395308;B
20241022;124727;20223;1;2024680285215395309;S
20241022;124727;20223;1;2024680285215395310;S
20241022;124727;20222;5;2024680285215395311;S
20241022;124727;20222;3;2024680285215395312;S
20241022;124727;20222;10;2024680285215395313;S
20241022;124731;20220;1;2024680285215395314;S
20241022;124731;20220;2;2024680285215395315;S
20241022;124731;20219;17;2024680285215395316;S
20241022;124731;20223;40;2024680285215395317;B
20241022;124731;20223;1;2024680285215395318;S
20241022;124734;20223;1;2024680285215395319;S
20241022;124741;20223;1;2024680285215395320;S
20241022;124805;20223;20;2024680285215395321;S
20241022;124805;20223;20;2024680285215395322;S
20241022;124805;20223;17;2024680285215395323;S
20241022;124810;20220;1;2024680285215395324;S
20241022;124817;20220;1;2024680285215395325;S
20241022;124817;20220;1;2024680285215395326;S
20241022;124817;20219;40;2024680285215395327;S
20241022;124817;20219;13;2024680285215395328;S
20241022;124818;20219;9;2024680285215395329;S
20241022;124818;20219;20;2024680285215395330;S
20241022;124818;20219;1;2024680285215395331;S
20241022;124818;20217;2;2024680285215395332;S
20241022;124837;20216;15;2024680285215395333;B
20241022;124903;20216;1;2024680285215395334;B
20241022;124909;20216;1;2024680285215395335;B
20241022;124922;20215;1;2024680285215395336;S
20241022;124923;20215;1;2024680285215395337;S
20241022;124937;20215;3;2024680285215395338;S
20241022;124937;20214;1;2024680285215395339;S
20241022;124937;20214;1;2024680285215395340;S
20241022;124943;20214;5;2024680285215395341;S
20241022;124948;20214;5;2024680285215395342;S
20241022;124949;20218;1;2024680285215395343;B
20241022;124954;20214;1;2024680285215395344;S
20241022;124954;20214;4;2024680285215395345;S
20241022;125010;20218;10;2024680285215395346;B
20241022;125010;20219;5;2024680285215395347;B
20241022;125027;20220;10;2024680285215395348;B
20241022;125030;20216;1;2024680285215395349;S
20241022;125030;20216;1;2024680285215395350;S
20241022;125106;20219;2;2024680285215395351;B
20241022;125119;20219;9;2024680285215395352;B
20241022;125119;20219;1;2024680285215395353;B
20241022;125148;20218;2;2024680285215395354;S
20241022;125201;20217;1;2024680285215395355;S
20241022;125201;20217;11;2024680285215395356;S
20241022;125201;20217;2;2024680285215395357;S
20241022;125201;20217;1;2024680285215395358;S
20241022;125201;20217;20;2024680285215395359;S
20241022;125201;20216;11;2024680285215395360;S
20241022;125201;20216;2;2024680285215395361;S
20241022;125201;20215;62;2024680285215395362;S
20241022;125214;20224;1;2024680285215395363;B
20241022;125214;20218;1;2024680285215395368;S
20241022;125221;20220;1;2024680285215395369;S
20241022;125223;20220;2;2024680285215395370;S
20241022;125238;20223;2;2024680285215395371;B
20241022;125238;20223;2;2024680285215395372;B
20241022;125328;20222;45;2024680285215395373;B
20241022;125328;20222;11;2024680285215395374;B
20241022;125328;20222;20;2024680285215395375;B
20241022;125333;20222;20;2024680285215395376;S
20241022;125333;20222;20;2024680285215395377;S
20241022;125333;20222;20;2024680285215395378;S
20241022;125333;20222;20;2024680285215395379;S
20241022;125333;20222;20;2024680285215395380;S
20241022;125333;20222;20;2024680285215395381;S
20241022;125333;20222;20;2024680285215395382;S
20241022;125333;20222;20;2024680285215395383;S
20241022;125333;20222;20;2024680285215395384;S
20241022;125333;20222;4;2024680285215395385;S
20241022;125333;20221;15;2024680285215395386;S
20241022;125346;20216;1;2024680285215395387;S
20241022;125350;20215;1;2024680285215395388;S
20241022;125435;20215;1;2024680285215395389;S
20241022;125516;20215;3;2024680285215395390;S
20241022;125526;20217;2;2024680285215395391;S
20241022;125528;20219;1;2024680285215395392;B
20241022;125542;20219;17;2024680285215395393;B
20241022;125628;20221;1;2024680285215395394;S
20241022;125637;20222;21;2024680285215395395;B
20241022;125718;20222;1;2024680285215395396;B
20241022;125734;20222;1;2024680285215395397;B
20241022;125820;20222;10;2024680285215395398;B
20241022;125903;20223;11;2024680285215395399;B
20241022;125903;20224;3;2024680285215395400;B
20241022;125953;20221;2;2024680285215395405;S
20241022;130004;20221;4;2024680285215395406;S
20241022;130011;20224;1;2024680285215395407;B
20241022;130105;20224;4;2024680285215395412;B
20241022;130112;20224;4;2024680285215395417;B
20241022;130154;20220;1;2024680285215395422;S
20241022;130214;20218;2;2024680285215395423;S
20241022;130214;20218;1;2024680285215395424;S
20241022;130214;20218;1;2024680285215395425;S
20241022;130245;20217;9;2024680285215395426;S
20241022;130245;20217;1;2024680285215395427;S
20241022;130406;20217;14;2024680285215395428;S
20241022;130419;20215;2;2024680285215395429;S
20241022;130419;20215;1;2024680285215395430;S
20241022;130419;20215;2;2024680285215395431;S
20241022;130431;20214;2;2024680285215395432;S
20241022;130431;20214;2;2024680285215395433;S
20241022;130438;20213;10;2024680285215395434;S
20241022;130438;20213;1;2024680285215395435;S
20241022;130438;20212;2;2024680285215395436;S
20241022;130452;20212;11;2024680285215395437;S
20241022;130452;20212;2;2024680285215395438;S
20241022;130452;20212;3;2024680285215395439;S
20241022;130643;20215;1;2024680285215395440;B
20241022;130643;20215;10;2024680285215395441;B
20241022;130644;20214;1;2024680285215395442;S
20241022;130646;20216;1;2024680285215395443;S
20241022;130648;20220;6;2024680285215395444;B
20241022;130708;20223;11;2024680285215395445;B
20241022;130708;20223;1;2024680285215395446;B
20241022;130708;20224;4;2024680285215395447;B
20241022;130721;20223;11;2024680285215395452;B
20241022;130721;20223;22;2024680285215395453;B
20241022;130721;20224;1;2024680285215395454;B
20241022;130721;20224;20;2024680285215395459;B
20241022;130721;20224;11;2024680285215395460;B
20241022;130721;20224;40;2024680285215395461;B
20241022;130721;20225;5;2024680285215395462;B
20241022;130721;20225;27;2024680285215395467;B
20241022;130721;20225;11;2024680285215395472;B
20241022;130721;20225;2;2024680285215395473;B
20241022;130721;20225;2;2024680285215395474;S
20241022;130722;20225;3;2024680285215395475;S
20241022;130734;20225;100;2024680285215395476;S
20241022;130735;20226;2;2024680285215395477;B
20241022;130735;20226;3;2024680285215395478;B
20241022;130740;20226;5;2024680285215395479;B
20241022;130800;20225;45;2024680285215395480;S
20241022;130838;20224;10;2024680285215395482;B
20241022;130842;20224;5;2024680285215395483;B
20241022;130849;20224;34;2024680285215395484;B
20241022;130859;20224;19;2024680285215395485;B
20241022;130859;20224;11;2024680285215395486;B
20241022;130859;20224;21;2024680285215395487;B
20241022;130907;20230;2;2024680285215395488;B
20241022;130907;20230;2;2024680285215395489;B
20241022;130953;20233;3;2024680285215395490;B
20241022;131158;20235;2;2024680285215395498;B
20241022;131200;20233;6;2024680285215395499;S
20241022;131203;20236;2;2024680285215395500;B
20241022;131221;20235;1;2024680285215395503;B
20241022;131223;20235;1;2024680285215395504;B
20241022;131228;20236;2;2024680285215395505;B
20241022;131233;20236;1;2024680285215395506;B
20241022;131253;20237;2;2024680285215395508;B
20241022;131258;20237;2;2024680285215395509;B
20241022;131320;20234;5;2024680285215395510;S
20241022;131422;20239;25;2024680285215395511;B
20241022;131424;20240;16;2024680285215395512;B
20241022;131448;20242;5;2024680285215395513;B
20241022;131448;20242;1;2024680285215395514;B
20241022;131449;20245;1;2024680285215395515;B
20241022;131457;20243;1;2024680285215395518;B
20241022;131457;20245;4;2024680285215395519;B
20241022;131501;20245;5;2024680285215395520;B
20241022;131503;20245;2;2024680285215395521;B
20241022;131508;20243;1;2024680285215395524;B
20241022;131513;20243;1;2024680285215395525;B
20241022;131518;20243;2;2024680285215395526;B
20241022;131543;20244;2;2024680285215395527;B
20241022;131548;20244;1;2024680285215395528;B
20241022;131548;20244;1;2024680285215395529;B
20241022;131550;20244;7;2024680285215395530;B
20241022;131550;20244;3;2024680285215395531;B
20241022;131550;20244;1;2024680285215395532;B
20241022;131604;20245;1;2024680285215395533;B
20241022;131652;20241;1;2024680285215395534;S
20241022;131748;20240;2;2024680285215395535;S
20241022;131748;20241;4;2024680285215395536;B
20241022;131811;20240;1;2024680285215395537;S
20241022;131828;20241;10;2024680285215395538;B
20241022;131851;20240;2;2024680285215395539;S
20241022;131851;20240;1;2024680285215395540;S
20241022;131851;20240;1;2024680285215395541;S
20241022;131854;20241;12;2024680285215395542;B
20241022;131854;20241;10;2024680285215395543;B
20241022;131854;20242;8;2024680285215395544;B
20241022;131938;20243;1;2024680285215395545;B
20241022;131947;20245;3;2024680285215395546;B
20241022;131959;20241;1;2024680285215395547;S
20241022;131959;20245;40;2024680285215395548;B
20241022;131959;20245;11;2024680285215395549;B
20241022;132126;20245;1;2024680285215395550;S
20241022;132152;20249;3;2024680285215395551;B
20241022;132153;20249;1;2024680285215395552;B
20241022;132155;20249;2;2024680285215395553;B
20241022;132157;20248;1;2024680285215395554;S
20241022;132207;20249;9;2024680285215395555;B
20241022;132210;20248;1;2024680285215395556;S
20241022;132216;20249;2;2024680285215395557;B
20241022;132220;20249;9;2024680285215395558;B
20241022;132258;20246;1;2024680285215395559;S
20241022;132552;20246;1;2024680285215395560;S
20241022;132552;20246;2;2024680285215395561;S
20241022;132556;20246;2;2024680285215395562;S
20241022;132620;20245;18;2024680285215395564;S
20241022;132625;20240;1;2024680285215395565;S
20241022;132625;20240;3;2024680285215395566;S
20241022;132625;20240;2;2024680285215395567;S
20241022;132625;20240;2;2024680285215395568;S
20241022;132625;20243;2;2024680285215395569;B
20241022;132625;20243;5;2024680285215395570;B
20241022;132626;20240;1;2024680285215395571;S
20241022;132626;20240;1;2024680285215395572;S
20241022;132626;20239;5;2024680285215395573;S
20241022;132626;20239;14;2024680285215395574;S
20241022;132627;20238;1;2024680285215395575;S
20241022;132628;20239;1;2024680285215395576;B
20241022;132630;20239;5;2024680285215395577;B
20241022;132630;20239;2;2024680285215395578;B
20241022;132635;20239;3;2024680285215395579;B
20241022;132635;20239;2;2024680285215395580;B
20241022;132635;20239;2;2024680285215395581;B
20241022;132635;20239;2;2024680285215395582;B
20241022;132639;20239;2;2024680285215395583;B
20241022;132639;20239;2;2024680285215395584;B
20241022;132639;20239;2;2024680285215395585;B
20241022;132644;20239;5;2024680285215395586;B
20241022;132644;20239;2;2024680285215395587;B
20241022;132644;20239;3;2024680285215395588;B
20241022;132650;20239;3;2024680285215395589;B
20241022;132650;20239;5;2024680285215395590;B
20241022;132650;20239;2;2024680285215395591;B
20241022;132651;20235;1;2024680285215395592;S
20241022;132651;20235;1;2024680285215395593;S
20241022;132655;20239;1;2024680285215395594;B
20241022;132655;20239;5;2024680285215395595;B
20241022;132659;20239;5;2024680285215395596;B
20241022;132659;20239;5;2024680285215395597;B
20241022;132704;20240;3;2024680285215395598;B
20241022;132704;20240;5;2024680285215395599;B
20241022;132708;20240;5;2024680285215395600;B
20241022;132708;20240;5;2024680285215395601;B
20241022;132710;20240;2;2024680285215395602;B
20241022;132731;20237;1;2024680285215395603;S
20241022;132746;20235;12;2024680285215395604;S
20241022;132746;20234;8;2024680285215395605;S
20241022;133015;20240;1;2024680285215395606;B
20241022;133057;20237;2;2024680285215395607;S
20241022;133057;20237;2;2024680285215395608;S
20241022;133057;20237;11;2024680285215395609;S
20241022;133057;20236;5;2024680285215395610;S
20241022;133106;20235;11;2024680285215395611;S
20241022;133106;20235;2;2024680285215395612;S
20241022;133106;20235;1;2024680285215395613;S
20241022;133106;20235;16;2024680285215395614;S
20241022;133115;20235;11;2024680285215395615;S
20241022;133115;20235;2;2024680285215395616;S
20241022;133157;20234;2;2024680285215395617;S
20241022;133157;20234;2;2024680285215395618;S
20241022;133213;20235;37;2024680285215395619;B
20241022;133255;20233;14;2024680285215395620;S
20241022;133255;20233;30;2024680285215395621;S
20241022;133321;20240;10;2024680285215395622;B
20241022;133427;20243;1;2024680285215395624;B
20241022;133500;20238;1;2024680285215395629;B
20241022;133500;20238;1;2024680285215395634;B
20241022;133521;20235;5;2024680285215395638;S
20241022;133726;20236;1;2024680285215395639;B
20241022;133735;20236;1;2024680285215395641;B
20241022;133754;20235;7;2024680285215395645;S
20241022;133754;20235;4;2024680285215395646;S
20241022;133754;20235;2;2024680285215395647;S
20241022;133754;20235;2;2024680285215395648;S
20241022;134016;20234;1;2024680285215395649;B
20241022;134117;20233;1;2024680285215395650;S
20241022;134125;20233;2;2024680285215395651;S
20241022;134205;20234;1;2024680285215395652;B
20241022;134252;20235;1;2024680285215395653;B
20241022;134357;20236;11;2024680285215395654;B
20241022;134357;20236;1;2024680285215395655;B
20241022;134357;20237;40;2024680285215395656;B
20241022;134357;20237;11;2024680285215395657;B
20241022;134357;20237;20;2024680285215395658;B
20241022;134414;20238;11;2024680285215395659;B
20241022;134414;20238;2;2024680285215395660;B
20241022;134414;20238;31;2024680285215395661;B
20241022;134414;20238;20;2024680285215395662;B
20241022;134414;20239;11;2024680285215395663;B
20241022;134445;20239;20;2024680285215395664;S
20241022;134608;20239;100;2024680285215395665;S
20241022;134608;20239;100;2024680285215395666;S
20241022;134608;20239;100;2024680285215395667;S
20241022;134625;20241;1;2024680285215395668;B
20241022;134626;20241;1;2024680285215395669;B
20241022;134627;20241;1;2024680285215395670;B
20241022;134630;20241;2;2024680285215395671;B
20241022;134637;20241;1;2024680285215395672;S
20241022;134659;20241;1;2024680285215395673;B
20241022;134708;20244;1;2024680285215395675;B
20241022;134715;20242;3;2024680285215395679;B
20241022;134718;20242;50;2024680285215395680;B
20241022;134732;20241;11;2024680285215395681;S
20241022;134732;20241;2;2024680285215395682;S
20241022;134732;20241;20;2024680285215395683;S
20241022;134732;20240;11;2024680285215395684;S
20241022;134818;20239;5;2024680285215395686;S
20241022;134818;20239;4;2024680285215395687;S
20241022;134818;20237;91;2024680285215395688;S
20241022;134820;20237;113;2024680285215395689;S
20241022;134821;20237;113;2024680285215395690;S
20241022;135107;20234;3;2024680285215395691;S
20241022;135124;20238;10;2024680285215395692;B
20241022;135155;20237;5;2024680285215395693;B
20241022;135227;20233;3;2024680285215395694;S
20241022;135235;20232;1;2024680285215395695;S
20241022;135235;20232;14;2024680285215395696;S
20241022;135235;20230;14;2024680285215395697;S
20241022;135327;20230;50;2024680285215395698;B
20241022;135330;20229;1;2024680285215395699;S
20241022;135505;20229;1;2024680285215395700;B
20241022;135505;20232;4;2024680285215395701;B
20241022;135513;20227;3;2024680285215395702;S
20241022;135513;20227;11;2024680285215395703;S
20241022;135513;20227;2;2024680285215395704;S
20241022;135513;20226;1;2024680285215395705;S
20241022;135513;20226;11;2024680285215395706;S
20241022;135513;20226;2;2024680285215395707;S
20241022;135513;20225;4;2024680285215395708;S
20241022;135607;20228;10;2024680285215395710;B
20241022;135744;20229;4;2024680285215395714;B
20241022;135744;20229;2;2024680285215395715;B
20241022;135744;20229;2;2024680285215395716;B
20241022;135829;20230;1;2024680285215395717;B
20241022;135931;20228;1;2024680285215395718;S
20241022;135933;20228;1;2024680285215395719;S
20241022;140500;20240;1;2024680285215395720;B
20241022;140500;20240;3;2024680285215395721;B
20241022;140522;20238;2;2024680285215395722;S
20241022;140522;20245;1;2024680285215395723;B
20241022;140522;20246;2;2024680285215395724;B
20241022;140522;20246;4;2024680285215395725;B
20241022;140522;20246;2;2024680285215395726;B
20241022;140535;20245;1;2024680285215395727;S
20241022;140536;20245;1;2024680285215395728;S
20241022;140744;20245;7;2024680285215395729;S
20241022;140756;20245;2;2024680285215395730;S
20241022;140813;20245;1;2024680285215395731;S
20241022;140817;20246;1;2024680285215395732;B
20241022;141022;20245;3;2024680285215395733;S
20241022;141108;20246;1;2024680285215395734;B
20241022;141120;20246;1;2024680285215395735;B
20241022;141143;20245;3;2024680285215395736;S
20241022;141337;20246;1;2024680285215395737;B
20241022;141337;20246;1;2024680285215395738;B
20241022;141401;20245;1;2024680285215395739;S
20241022;141401;20245;11;2024680285215395740;S
20241022;141401;20245;1;2024680285215395741;S
20241022;141401;20244;11;2024680285215395742;S
20241022;141401;20244;1;2024680285215395743;S
20241022;141401;20244;5;2024680285215395744;S
20241022;141401;20244;3;2024680285215395745;S
20241022;141514;20246;1;2024680285215395746;B
20241022;141515;20246;1;2024680285215395747;B
20241022;141544;20246;1;2024680285215395748;B
20241022;141655;20246;1;2024680285215395749;B
20241022;141750;20243;1;2024680285215395750;S
20241022;141757;20243;1;2024680285215395751;S
20241022;141831;20245;2;2024680285215395752;S
20241022;141843;20245;2;2024680285215395753;S
20241022;141920;20246;2;2024680285215395754;B
20241022;142000;20246;1;2024680285215395755;B
20241022;142000;20246;1;2024680285215395756;B
20241022;142104;20247;5;2024680285215395757;S
20241022;142127;20250;1;2024680285215395758;B
20241022;142127;20250;1;2024680285215395759;B
20241022;142127;20250;1;2024680285215395760;B
20241022;142127;20250;1;2024680285215395761;B
20241022;142128;20250;1;2024680285215395762;B
20241022;142137;20251;1;2024680285215395763;B
20241022;142232;20254;1;2024680285215395764;B
20241022;142232;20257;1;2024680285215395765;B
20241022;142232;20260;1;2024680285215395766;B
20241022;142232;20260;11;2024680285215395767;B
20241022;142232;20261;16;2024680285215395768;B
20241022;142232;20261;1;2024680285215395769;B
20241022;142232;20261;20;2024680285215395770;B
20241022;142256;20261;12;2024680285215395771;B
20241022;142321;20261;1;2024680285215395772;B
20241022;142321;20261;1;2024680285215395773;B
20241022;142340;20260;1;2024680285215395774;S
20241022;142409;20261;1;2024680285215395775;S
20241022;142517;20262;1;2024680285215395776;S
20241022;142517;20261;1;2024680285215395777;S
20241022;142530;20263;1;2024680285215395778;B
20241022;142530;20263;4;2024680285215395779;B
20241022;142610;20263;6;2024680285215395780;B
20241022;142610;20263;5;2024680285215395781;B
20241022;142610;20263;1;2024680285215395782;B
20241022;142620;20262;1;2024680285215395783;S
20241022;142646;20262;5;2024680285215395784;S
20241022;142903;20262;2;2024680285215395785;S
20241022;142936;20262;2;2024680285215395787;S
20241022;142936;20262;7;2024680285215395793;S
20241022;142936;20262;2;2024680285215395798;S
20241022;142936;20261;9;2024680285215395803;S
20241022;142936;20261;1;2024680285215395808;S
20241022;142936;20261;11;2024680285215395813;S
20241022;142936;20261;10;2024680285215395818;S
20241022;142936;20261;35;2024680285215395823;S
20241022;142936;20261;5;2024680285215395828;S
20241022;142936;20261;15;2024680285215395833;S
20241022;142959;20262;11;2024680285215395837;S
20241022;142959;20261;11;2024680285215395838;S
20241022;142959;20261;1;2024680285215395839;S
20241022;142959;20260;7;2024680285215395840;S
20241022;143005;20263;2;2024680285215395841;B
20241022;143005;20263;3;2024680285215395842;B
20241022;143005;20263;1;2024680285215395843;B
20241022;143005;20264;1;2024680285215395844;B
20241022;143005;20264;11;2024680285215395845;B
20241022;143005;20265;1;2024680285215395846;B
20241022;143005;20265;1;2024680285215395847;B
20241022;143005;20265;11;2024680285215395848;B
20241022;143005;20266;2;2024680285215395849;B
20241022;143006;20265;1;2024680285215395850;S
20241022;143143;20265;1;2024680285215395851;S
20241022;143144;20265;5;2024680285215395852;S
20241022;143145;20265;62;2024680285215395853;S
20241022;143145;20262;11;2024680285215395854;S
20241022;143145;20262;1;2024680285215395855;S
20241022;143157;20266;2;2024680285215395856;B
20241022;143219;20266;2;2024680285215395857;B
20241022;143248;20263;18;2024680285215395858;S
20241022;143248;20262;11;2024680285215395859;S
20241022;143248;20262;1;2024680285215395860;S
20241022;143308;20265;3;2024680285215395861;B
20241022;143409;20260;1;2024680285215395862;S
20241022;143409;20260;1;2024680285215395863;S
20241022;143457;20263;1;2024680285215395864;B
20241022;143500;20263;1;2024680285215395865;B
20241022;143542;20260;15;2024680285215395866;S
20241022;143827;20259;1;2024680285215395867;B
20241022;143910;20256;12;2024680285215395868;S
20241022;143916;20256;5;2024680285215395869;S
20241022;144353;20256;2;2024680285215395870;S
20241022;144423;20256;1;2024680285215395871;S
20241022;144423;20252;1;2024680285215395872;S
20241022;144423;20252;7;2024680285215395873;S
20241022;144423;20251;50;2024680285215395874;S
20241022;144423;20250;50;2024680285215395875;S
20241022;144423;20249;2;2024680285215395876;S
20241022;144423;20249;50;2024680285215395877;S
20241022;144423;20249;11;2024680285215395878;S
20241022;144423;20248;2;2024680285215395879;S
20241022;144423;20248;50;2024680285215395880;S
20241022;144423;20248;11;2024680285215395881;S
20241022;144423;20247;50;2024680285215395882;S
20241022;144423;20247;11;2024680285215395883;S
20241022;144423;20246;1;2024680285215395884;S
20241022;144423;20246;50;2024680285215395885;S
20241022;144423;20246;11;2024680285215395886;S
20241022;144423;20245;50;2024680285215395887;S
20241022;144423;20245;11;2024680285215395888;S
20241022;144423;20244;50;2024680285215395889;S
20241022;144423;20244;11;2024680285215395890;S
20241022;144423;20244;20;2024680285215395891;S
20241022;144423;20243;1;2024680285215395892;S
20241022;144423;20243;50;2024680285215395893;S
20241022;144423;20243;11;2024680285215395894;S
20241022;144423;20243;51;2024680285215395895;S
20241022;144423;20242;1;2024680285215395896;S
20241022;144423;20242;50;2024680285215395897;S
20241022;144423;20242;11;2024680285215395898;S
20241022;144423;20241;1;2024680285215395899;S
20241022;144423;20241;11;2024680285215395900;S
20241022;144423;20240;1;2024680285215395901;S
20241022;144423;20240;1;2024680285215395902;S
20241022;144423;20240;11;2024680285215395903;S
20241022;144423;20239;2;2024680285215395904;S
20241022;144423;20239;500;2024680285215395905;S
20241022;144423;20238;2;2024680285215395906;S
20241022;144423;20238;1;2024680285215395907;S
20241022;144423;20237;3;2024680285215395908;S
20241022;144423;20235;3;2024680285215395909;S
20241022;144423;20232;1;2024680285215395910;S
20241022;144423;20232;1;2024680285215395911;S
20241022;144423;20232;20;2024680285215395912;S
20241022;144423;20225;1;2024680285215395913;S
20241022;144423;20224;14;2024680285215395914;S
20241022;144423;20224;1;2024680285215395915;S
20241022;144423;20222;10;2024680285215395920;S
20241022;144423;20221;14;2024680285215395921;S
20241022;144423;20220;14;2024680285215395922;S
20241022;144423;20220;6;2024680285215395923;S
20241022;144423;20220;40;2024680285215395924;B
20241022;144423;20220;40;2024680285215395925;B
20241022;144423;20219;95;2024680285215395926;S
20241022;144423;20220;290;2024680285215395927;B
20241022;144423;20219;11;2024680285215395928;S
20241022;144423;20220;40;2024680285215395929;B
20241022;144423;20220;20;2024680285215395930;B
20241022;144423;20219;32;2024680285215395931;S
20241022;144423;20220;40;2024680285215395932;B
20241022;144423;20220;40;2024680285215395933;B
20241022;144423;20220;20;2024680285215395934;B
20241022;144423;20220;20;2024680285215395935;B
20241022;144423;20220;20;2024680285215395936;B
20241022;144423;20220;20;2024680285215395937;B
20241022;144423;20220;20;2024680285215395938;B
20241022;144423;20220;20;2024680285215395939;B
20241022;144423;20220;20;2024680285215395940;B
20241022;144423;20220;20;2024680285215395941;B
20241022;144423;20220;20;2024680285215395942;B
20241022;144423;20220;17;2024680285215395943;B
20241022;144423;20221;3;2024680285215395944;B
20241022;144423;20225;20;2024680285215395945;S
20241022;144423;20225;11;2024680285215395946;S
20241022;144423;20225;1;2024680285215395947;S
20241022;144424;20229;1;2024680285215395948;B
20241022;144424;20229;1;2024680285215395949;B
20241022;144426;20226;1;2024680285215395950;S
20241022;144437;20227;2;2024680285215395951;S
20241022;144438;20225;8;2024680285215395952;S
20241022;144438;20225;8;2024680285215395953;S
20241022;144438;20225;12;2024680285215395954;S
20241022;144438;20225;6;2024680285215395955;S
20241022;144440;20225;14;2024680285215395956;S
20241022;144440;20225;16;2024680285215395957;S
20241022;144440;20224;6;2024680285215395958;S
20241022;144448;20224;44;2024680285215395959;S
20241022;144448;20223;11;2024680285215395960;S
20241022;144515;20225;1;2024680285215395961;B
20241022;144516;20225;1;2024680285215395962;B
20241022;144548;20225;1;2024680285215395963;B
20241022;144600;20224;1;2024680285215395964;B
20241022;144600;20224;78;2024680285215395965;B
20241022;144600;20224;11;2024680285215395966;B
20241022;144600;20224;10;2024680285215395967;B
20241022;144656;20227;11;2024680285215395968;B
20241022;144656;20227;6;2024680285215395969;B
20241022;144735;20227;5;2024680285215395970;B
20241022;144744;20222;7;2024680285215395971;S
20241022;144830;20222;5;2024680285215395972;S
20241022;144938;20222;11;2024680285215395973;B
20241022;144938;20222;1;2024680285215395974;B
20241022;144954;20222;1;2024680285215395975;S
20241022;144954;20222;1;2024680285215395976;S
20241022;145028;20223;2;2024680285215395977;B
20241022;145028;20223;8;2024680285215395978;B
20241022;145036;20224;5;2024680285215395979;B
20241022;145045;20224;1;2024680285215395980;B
20241022;145049;20224;5;2024680285215395981;B
20241022;145057;20222;1;2024680285215395982;S
20241022;145057;20222;1;2024680285215395983;S
20241022;145117;20225;10;2024680285215395984;B
20241022;145128;20225;1;2024680285215395985;B
20241022;145145;20224;5;2024680285215395986;B
20241022;145250;20224;6;2024680285215395988;B
20241022;145250;20224;1;2024680285215395989;B
20241022;145250;20225;1;2024680285215395990;B
20241022;145250;20225;11;2024680285215395991;B
20241022;145250;20225;1;2024680285215395992;B
20241022;145325;20226;1;2024680285215395993;B
20241022;145326;20226;1;2024680285215395994;B
20241022;145343;20227;1;2024680285215395995;B
20241022;145418;20227;1;2024680285215395996;B
20241022;145418;20231;4;2024680285215395997;B
20241022;145436;20231;11;2024680285215395998;B
20241022;145436;20232;7;2024680285215395999;B
20241022;145511;20235;11;2024680285215396000;B
20241022;145511;20235;3;2024680285215396001;B
20241022;145511;20236;6;2024680285215396002;B
20241022;145518;20236;5;2024680285215396003;B
20241022;145518;20237;7;2024680285215396004;B
20241022;145529;20239;2;2024680285215396005;B
20241022;145702;20239;8;2024680285215396006;B
20241022;145818;20233;1;2024680285215396007;S
20241022;145818;20233;2;2024680285215396008;S
20241022;150012;20231;100;2024680285215396009;S
20241022;150022;20233;6;2024680285215396010;B
20241022;150055;20234;2;2024680285215396011;B
20241022;150057;20234;1;2024680285215396012;B
20241022;150112;20234;2;2024680285215396013;B
20241022;150149;20234;1;2024680285215396014;B
20241022;150231;20233;1;2024680285215396015;S
20241022;150231;20233;1;2024680285215396016;S
20241022;150306;20233;31;2024680285215396017;B
20241022;150314;20232;1;2024680285215396018;S
20241022;150326;20233;17;2024680285215396019;B
20241022;150326;20234;22;2024680285215396020;B
20241022;150335;20232;1;2024680285215396021;S
20241022;150533;20239;100;2024680285215396022;B
20241022;150540;20239;100;2024680285215396023;B
20241022;150547;20238;1;2024680285215396024;S
20241022;150553;20238;1;2024680285215396025;S
20241022;150553;20239;10;2024680285215396026;B
20241022;150614;20239;32;2024680285215396027;B
20241022;150614;20239;73;2024680285215396028;B
20241022;150622;20246;1;2024680285215396029;B
20241022;150638;20246;1;2024680285215396030;B
20241022;150638;20246;2;2024680285215396031;B
20241022;150658;20248;1;2024680285215396032;B
20241022;150702;20250;1;2024680285215396037;B
20241022;150702;20250;1;2024680285215396038;B
20241022;150709;20251;1;2024680285215396039;B
20241022;150742;20252;1;2024680285215396040;S
20241022;150844;20252;10;2024680285215396041;S
20241022;151150;20253;1;2024680285215396042;S
20241022;151303;20245;2;2024680285215396043;B
20241022;151317;20245;2;2024680285215396044;S
20241022;151404;20248;5;2024680285215396045;S
20241022;151453;20247;10;2024680285215396046;S
20241022;151507;20250;1;2024680285215396047;B
20241022;151822;20252;2;2024680285215396048;S
20241022;151822;20252;3;2024680285215396049;S
20241022;151842;20253;1;2024680285215396050;B
20241022;151842;20253;11;2024680285215396051;B
20241022;151842;20253;28;2024680285215396052;B
20241022;152041;20256;3;2024680285215396053;B
20241022;152059;20256;1;2024680285215396054;B
20241022;152059;20257;1;2024680285215396055;B
20241022;152135;20253;1;2024680285215396056;B
20241022;152153;20252;2;2024680285215396057;S
20241022;152153;20252;2;2024680285215396058;S
20241022;152157;20251;1;2024680285215396059;S
20241022;152218;20251;1;2024680285215396060;S
20241022;152614;20251;2;2024680285215396061;S
20241022;152620;20251;6;2024680285215396062;S
20241022;152628;20251;3;2024680285215396063;S
20241022;152632;20251;3;2024680285215396064;S
20241022;152632;20251;3;2024680285215396065;S
20241022;152634;20251;2;2024680285215396066;S
20241022;152835;20247;1;2024680285215396067;S
20241022;152835;20247;1;2024680285215396068;S
20241022;153049;20237;5;2024680285215396069;S
20241022;153120;20235;1;2024680285215396070;S
20241022;153122;20235;1;2024680285215396071;S
20241022;153123;20235;1;2024680285215396072;S
20241022;153208;20232;1;2024680285215396073;S
20241022;153217;20231;1;2024680285215396074;S
20241022;153245;20231;1;2024680285215396075;S
20241022;153306;20231;5;2024680285215396076;S
20241022;153417;20230;1;2024680285215396077;S
20241022;153423;20226;1;2024680285215396078;S
20241022;153424;20225;1;2024680285215396079;S
20241022;153424;20225;1;2024680285215396080;S
20241022;153425;20224;6;2024680285215396081;S
20241022;153425;20224;4;2024680285215396082;S
20241022;153425;20224;2;2024680285215396083;S
20241022;153425;20224;2;2024680285215396084;S
20241022;153449;20222;2;2024680285215396085;S
20241022;153523;20222;29;2024680285215396088;S
20241022;153523;20222;1;2024680285215396089;S
20241022;153526;20221;1;2024680285215396090;B
20241022;153527;20221;1;2024680285215396091;B
20241022;153530;20220;1;2024680285215396092;S
20241022;153530;20220;1;2024680285215396093;S
20241022;153530;20220;2;2024680285215396094;S
20241022;153534;20220;1;2024680285215396095;B
20241022;153534;20220;9;2024680285215396096;B
20241022;153536;20219;1;2024680285215396097;S
20241022;153537;20219;1;2024680285215396098;S
20241022;153625;20218;1;2024680285215396101;S
20241022;153626;20218;11;2024680285215396105;B
20241022;153626;20218;32;2024680285215396106;B
20241022;153626;20218;20;2024680285215396107;B
20241022;153626;20219;92;2024680285215396108;B
20241022;153626;20219;11;2024680285215396109;B
20241022;153626;20219;1;2024680285215396110;S
20241022;153626;20219;1;2024680285215396111;S
20241022;153643;20219;1;2024680285215396112;S
20241022;153734;20219;10;2024680285215396113;S
20241022;153802;20220;10;2024680285215396114;B
20241022;153802;20220;3;2024680285215396115;B
20241022;153802;20220;3;2024680285215396116;B
20241022;153821;20220;1;2024680285215396117;B
20241022;153821;20220;1;2024680285215396118;B
20241022;153938;20219;9;2024680285215396119;S
20241022;153938;20219;7;2024680285215396120;S
20241022;153938;20219;4;2024680285215396121;S
20241022;153938;20219;1;2024680285215396122;S
20241022;153938;20219;3;2024680285215396123;S
20241022;153938;20219;2;2024680285215396124;S
20241022;153938;20219;5;2024680285215396125;S
20241022;153938;20217;1;2024680285215396126;S
20241022;153953;20216;1;2024680285215396127;S
20241022;153953;20216;1;2024680285215396128;S
20241022;153953;20216;1;2024680285215396129;S
20241022;153953;20216;1;2024680285215396130;S
20241022;153953;20216;1;2024680285215396131;S
20241022;153959;20215;34;2024680285215396132;S
20241022;154007;20215;1;2024680285215396133;S
20241022;154015;20215;2;2024680285215396134;S
20241022;154112;20216;1;2024680285215396135;B
20241022;154112;20216;1;2024680285215396136;B
20241022;154141;20219;10;2024680285215396138;B
20241022;154201;20218;1;2024680285215396139;B
20241022;154201;20218;1;2024680285215396140;B
20241022;154211;20216;1;2024680285215396142;S
20241022;154219;20223;2;2024680285215396143;B
20241022;154232;20219;67;2024680285215396144;B
20241022;154232;20219;11;2024680285215396145;B
20241022;154232;20220;1;2024680285215396146;B
20241022;154232;20220;11;2024680285215396147;B
20241022;154235;20220;5;2024680285215396148;S
20241022;154235;20220;2;2024680285215396149;S
20241022;154235;20220;2;2024680285215396150;S
20241022;154235;20220;1;2024680285215396151;S
20241022;154325;20216;97;2024680285215396152;S
20241022;154325;20216;13;2024680285215396153;S
20241022;154325;20216;64;2024680285215396154;S
20241022;154325;20216;20;2024680285215396155;S
20241022;154325;20216;3;2024680285215396156;S
20241022;154325;20216;17;2024680285215396157;S
20241022;154325;20216;20;2024680285215396158;S
20241022;154325;20216;20;2024680285215396159;S
20241022;154325;20216;14;2024680285215396160;S
20241022;154325;20216;20;2024680285215396161;S
20241022;154325;20216;9;2024680285215396162;S
20241022;154325;20216;5;2024680285215396163;S
20241022;154325;20215;6;2024680285215396164;S
20241022;154325;20215;20;2024680285215396165;S
20241022;154325;20215;20;2024680285215396166;S
20241022;154325;20215;20;2024680285215396167;S
20241022;154325;20215;20;2024680285215396168;S
20241022;154325;20215;20;2024680285215396169;S
20241022;154325;20215;20;2024680285215396170;S
20241022;154325;20215;20;2024680285215396171;S
20241022;154325;20215;20;2024680285215396172;S
20241022;154325;20215;20;2024680285215396173;S
20241022;154325;20215;20;2024680285215396174;S
20241022;154325;20215;20;2024680285215396175;S
20241022;154325;20215;20;2024680285215396176;S
20241022;154325;20215;17;2024680285215396177;S
20241022;154325;20215;1;2024680285215396178;S
20241022;154325;20214;2;2024680285215396179;S
20241022;154325;20214;1;2024680285215396180;S
20241022;154325;20214;1;2024680285215396181;S
20241022;154325;20213;18;2024680285215396182;S
20241022;154325;20213;20;2024680285215396183;S
20241022;154325;20213;20;2024680285215396184;S
20241022;154325;20213;20;2024680285215396185;S
20241022;154325;20213;16;2024680285215396186;S
20241022;154325;20215;2;2024680285215396187;B
20241022;154415;20213;6;2024680285215396188;S
20241022;154420;20212;1;2024680285215396189;S
20241022;154420;20212;1;2024680285215396190;S
20241022;154421;20212;10;2024680285215396191;S
20241022;154421;20212;2;2024680285215396192;S
20241022;154421;20211;1;2024680285215396193;S
20241022;154421;20211;1;2024680285215396194;S
20241022;154421;20211;1;2024680285215396195;S
20241022;154421;20211;1;2024680285215396196;S
20241022;154421;20211;11;2024680285215396197;S
20241022;154421;20210;10;2024680285215396198;S
20241022;154421;20210;1;2024680285215396199;S
20241022;154421;20210;1;2024680285215396200;S
20241022;154421;20210;1;2024680285215396201;S
20241022;154421;20210;11;2024680285215396202;S
20241022;154421;20209;11;2024680285215396203;S
20241022;154421;20208;2;2024680285215396204;S
20241022;154421;20208;1;2024680285215396205;S
20241022;154421;20208;1;2024680285215396206;S
20241022;154421;20208;11;2024680285215396207;S
20241022;154421;20207;1;2024680285215396208;S
20241022;154421;20207;1;2024680285215396213;S
20241022;154421;20207;11;2024680285215396218;S
20241022;154421;20207;1;2024680285215396219;S
20241022;154421;20206;1;2024680285215396220;S
20241022;154421;20206;8;2024680285215396221;S
20241022;154425;20209;5;2024680285215396222;S
20241022;154505;20210;2;2024680285215396223;S
20241022;154511;20210;38;2024680285215396224;S
20241022;154511;20209;1;2024680285215396225;S
20241022;154511;20209;1;2024680285215396226;S
20241022;154511;20209;40;2024680285215396227;S
20241022;154512;20209;40;2024680285215396228;S
20241022;154514;20209;19;2024680285215396229;S
20241022;154521;20209;1;2024680285215396230;B
20241022;154521;20209;1;2024680285215396231;B
20241022;154533;20209;1;2024680285215396232;B
20241022;154549;20209;48;2024680285215396233;B
20241022;154555;20213;2;2024680285215396234;B
20241022;154600;20210;10;2024680285215396235;S
20241022;154612;20217;5;2024680285215396236;B
20241022;154737;20217;1;2024680285215396237;B
20241022;154738;20215;63;2024680285215396238;S
20241022;154803;20211;11;2024680285215396240;B
20241022;154803;20211;9;2024680285215396245;B
20241022;154806;20211;2;2024680285215396250;B
20241022;154807;20210;1;2024680285215396251;S
20241022;154807;20210;2;2024680285215396252;S
20241022;154807;20210;97;2024680285215396253;S
20241022;154808;20210;3;2024680285215396254;S
20241022;154808;20210;97;2024680285215396255;S
20241022;154809;20210;3;2024680285215396256;S
20241022;154809;20210;97;2024680285215396257;S
20241022;154813;20210;1;2024680285215396258;S
20241022;154813;20210;2;2024680285215396259;S
20241022;154814;20209;20;2024680285215396260;S
20241022;154814;20209;20;2024680285215396261;S
20241022;154814;20209;20;2024680285215396262;S
20241022;154814;20209;20;2024680285215396263;S
20241022;154814;20209;20;2024680285215396264;S
20241022;154814;20209;20;2024680285215396265;S
20241022;154814;20209;20;2024680285215396266;S
20241022;154814;20209;12;2024680285215396267;S
20241022;154814;20209;1;2024680285215396268;S
20241022;154814;20209;7;2024680285215396273;S
20241022;154814;20209;2;2024680285215396278;S
20241022;154814;20208;2;2024680285215396283;S
20241022;154814;20208;9;2024680285215396284;S
20241022;154832;20206;1;2024680285215396289;S
20241022;154832;20206;1;2024680285215396290;S
20241022;154832;20206;1;2024680285215396295;S
20241022;154832;20205;2;2024680285215396300;S
20241022;154832;20205;1;2024680285215396301;S
20241022;154832;20205;1;2024680285215396302;S
20241022;154832;20205;1;2024680285215396303;S
20241022;154832;20205;2;2024680285215396304;S
20241022;154832;20205;1;2024680285215396305;S
20241022;154832;20205;2;2024680285215396306;S
20241022;154832;20205;4;2024680285215396307;S
20241022;154832;20205;2;2024680285215396308;S
20241022;154832;20204;1;2024680285215396313;S
20241022;154832;20204;5;2024680285215396314;S
20241022;154833;20202;1;2024680285215396319;S
20241022;154833;20202;3;2024680285215396320;S
20241022;154833;20202;6;2024680285215396321;S
20241022;154851;20203;5;2024680285215396322;S
20241022;154852;20203;1;2024680285215396323;S
20241022;154854;20208;1;2024680285215396324;B
20241022;154923;20211;2;2024680285215396326;S
20241022;154923;20211;8;2024680285215396331;S
20241022;154937;20210;1;2024680285215396335;S
20241022;155013;20210;26;2024680285215396336;S
20241022;155014;20210;73;2024680285215396337;S
20241022;155032;20210;10;2024680285215396338;B
20241022;155050;20209;4;2024680285215396340;B
20241022;155051;20206;11;2024680285215396341;S
20241022;155051;20206;2;2024680285215396342;S
20241022;155053;20206;11;2024680285215396343;S
20241022;155059;20207;1;2024680285215396344;S
20241022;155059;20207;11;2024680285215396345;S
20241022;155113;20208;44;2024680285215396346;B
20241022;155124;20208;18;2024680285215396347;S
20241022;155143;20207;2;2024680285215396348;S
20241022;155143;20207;3;2024680285215396349;S
20241022;155221;20206;11;2024680285215396350;S
20241022;155221;20206;2;2024680285215396351;S
20241022;155232;20206;1;2024680285215396352;B
20241022;155319;20206;1;2024680285215396353;B
20241022;155322;20205;11;2024680285215396354;S
20241022;155322;20205;9;2024680285215396355;S
20241022;155338;20206;1;2024680285215396356;B
20241022;155418;20205;2;2024680285215396357;S
20241022;155435;20205;1;2024680285215396358;S
20241022;155442;20206;10;2024680285215396359;B
20241022;155449;20205;3;2024680285215396363;S
20241022;155449;20205;5;2024680285215396368;S
20241022;155527;20206;4;2024680285215396372;B
20241022;155527;20206;17;2024680285215396373;B
20241022;155527;20207;9;2024680285215396374;S
20241022;155601;20211;3;2024680285215396375;B
20241022;155614;20211;5;2024680285215396376;B
20241022;155614;20211;35;2024680285215396377;B
20241022;155647;20215;9;2024680285215396378;B
20241022;155654;20215;4;2024680285215396379;B
20241022;155655;20215;28;2024680285215396380;B
20241022;155657;20215;17;2024680285215396381;B
20241022;155658;20215;13;2024680285215396382;B
20241022;155700;20215;8;2024680285215396383;B
20241022;155700;20215;7;2024680285215396384;B
20241022;155700;20215;4;2024680285215396385;B
20241022;155703;20215;2;2024680285215396386;B
20241022;155703;20215;2;2024680285215396387;B
20241022;155704;20215;2;2024680285215396388;B
20241022;155752;20220;5;2024680285215396389;S
20241022;155752;20220;10;2024680285215396390;S
20241022;155752;20220;3;2024680285215396391;S
20241022;155752;20220;2;2024680285215396392;S
20241022;155808;20220;1;2024680285215396393;S
20241022;155808;20220;4;2024680285215396394;S
20241022;155808;20218;2;2024680285215396395;S
20241022;155808;20221;1;2024680285215396396;B
20241022;155837;20220;1;2024680285215396397;B
20241022;155851;20215;11;2024680285215396398;S
20241022;155851;20215;3;2024680285215396399;S
20241022;155851;20215;1;2024680285215396400;S
20241022;155908;20214;11;2024680285215396401;S
20241022;155908;20214;1;2024680285215396402;S
20241022;155908;20214;2;2024680285215396403;S
20241022;155909;20213;1;2024680285215396404;S
20241022;155939;20214;1;2024680285215396405;B
20241022;155945;20225;2;2024680285215396406;B
20241022;160022;20213;20;2024680285215396407;B
20241022;160027;20211;5;2024680285215396408;S
20241022;160050;20213;2;2024680285215396409;B
20241022;160109;20210;4;2024680285215396410;S
20241022;160206;20208;3;2024680285215396411;S
20241022;160206;20208;1;2024680285215396412;S
20241022;160206;20207;3;2024680285215396413;S
20241022;160206;20207;3;2024680285215396414;S
20241022;160210;20208;3;2024680285215396415;S
20241022;160210;20210;2;2024680285215396416;B
20241022;160231;20209;1;2024680285215396417;B
20241022;160441;20208;1;2024680285215396419;S
20241022;160454;20208;4;2024680285215396424;B
20241022;160454;20208;11;2024680285215396425;B
20241022;160454;20208;6;2024680285215396426;B
20241022;160454;20208;20;2024680285215396427;B
20241022;160454;20208;2;2024680285215396428;B
20241022;160458;20208;3;2024680285215396429;S
20241022;160458;20208;2;2024680285215396430;S
20241022;160458;20208;2;2024680285215396431;S
20241022;160514;20207;7;2024680285215396432;S
20241022;160514;20205;10;2024680285215396433;S
20241022;160514;20205;1;2024680285215396434;S
20241022;160514;20203;12;2024680285215396435;S
20241022;160610;20204;1;2024680285215396439;S
20241022;160615;20203;1;2024680285215396441;B
20241022;160619;20205;1;2024680285215396445;B
20241022;160629;20205;2;2024680285215396446;B
20241022;160629;20205;3;2024680285215396447;B
20241022;160630;20205;11;2024680285215396448;B
20241022;160641;20205;2;2024680285215396450;B
20241022;160720;20205;7;2024680285215396451;B
20241022;160724;20205;1;2024680285215396452;B
20241022;160724;20205;1;2024680285215396453;B
20241022;160724;20202;1;2024680285215396454;S
20241022;160736;20202;3;2024680285215396455;S
20241022;160736;20202;1;2024680285215396456;S
20241022;160736;20202;1;2024680285215396457;S
20241022;160736;20202;1;2024680285215396458;S
20241022;160736;20202;1;2024680285215396459;S
20241022;160736;20202;3;2024680285215396460;S
20241022;160736;20202;4;2024680285215396461;S
20241022;160736;20202;20;2024680285215396462;S
20241022;160736;20201;1;2024680285215396463;S
20241022;160736;20201;1;2024680285215396464;S
20241022;160736;20201;4;2024680285215396465;S
20241022;160736;20201;2;2024680285215396466;S
20241022;160736;20201;8;2024680285215396467;S
20241022;160743;20203;1;2024680285215396469;B
20241022;160743;20203;5;2024680285215396474;B
20241022;160743;20203;4;2024680285215396479;B
20241022;160801;20203;10;2024680285215396483;B
20241022;160827;20202;7;2024680285215396484;B
20241022;160838;20201;13;2024680285215396485;S
20241022;160838;20201;8;2024680285215396486;S
20241022;160857;20201;7;2024680285215396487;S
20241022;160858;20201;4;2024680285215396488;S
20241022;160859;20201;4;2024680285215396489;S
20241022;160859;20201;2;2024680285215396490;S
20241022;160900;20201;4;2024680285215396491;S
20241022;160900;20200;1;2024680285215396492;S
20241022;160901;20200;2;2024680285215396493;S
20241022;160901;20201;1;2024680285215396494;B
20241022;160919;20200;8;2024680285215396495;S
20241022;160919;20200;1;2024680285215396496;S
20241022;160919;20200;1;2024680285215396497;S
20241022;160919;20200;8;2024680285215396498;S
20241022;160919;20200;10;2024680285215396499;S
20241022;160919;20200;1;2024680285215396500;S
20241022;160919;20200;1;2024680285215396501;S
20241022;160919;20200;1;2024680285215396502;S
20241022;160919;20200;1;2024680285215396503;S
20241022;160919;20200;1;2024680285215396504;S
20241022;160919;20200;10;2024680285215396505;S
20241022;160919;20200;5;2024680285215396506;S
20241022;160919;20200;2;2024680285215396507;S
20241022;160920;20200;2;2024680285215396508;S
20241022;160920;20200;1;2024680285215396509;S
20241022;160920;20200;1;2024680285215396510;S
20241022;160926;20199;1;2024680285215396511;S
20241022;160927;20199;1;2024680285215396516;B
20241022;160941;20198;2;2024680285215396517;S
20241022;160941;20197;1;2024680285215396518;S
20241022;160947;20198;1;2024680285215396519;S
20241022;160949;20196;1;2024680285215396520;S
20241022;160949;20196;2;2024680285215396521;S
20241022;160949;20195;1;2024680285215396522;S
20241022;160949;20195;2;2024680285215396523;S
20241022;160949;20194;34;2024680285215396524;S
20241022;160949;20194;30;2024680285215396525;S
20241022;160954;20197;1;2024680285215396526;B
20241022;160956;20197;1;2024680285215396527;B
20241022;161013;20198;1;2024680285215396528;B
20241022;161020;20196;5;2024680285215396529;B
20241022;161020;20199;9;2024680285215396530;B
20241022;161020;20200;11;2024680285215396531;B
20241022;161030;20200;4;2024680285215396532;B
20241022;161030;20200;1;2024680285215396533;B
20241022;161030;20204;2;2024680285215396534;B
20241022;161030;20204;14;2024680285215396535;B
20241022;161056;20200;1;2024680285215396536;S
20241022;161109;20200;1;2024680285215396537;S
20241022;161221;20208;11;2024680285215396538;S
20241022;161221;20208;34;2024680285215396539;S
20241022;161222;20214;1;2024680285215396540;B
20241022;161309;20212;10;2024680285215396541;S
20241022;161315;20214;10;2024680285215396542;S
20241022;161317;20214;1;2024680285215396543;S
20241022;161340;20220;1;2024680285215396544;B
20241022;161340;20220;1;2024680285215396545;B
20241022;161341;20220;2;2024680285215396546;B
20241022;161343;20220;5;2024680285215396547;B
20241022;161427;20213;1;2024680285215396548;S
20241022;161444;20215;11;2024680285215396549;S
20241022;161444;20215;14;2024680285215396550;S
20241022;161524;20220;5;2024680285215396551;B
20241022;161818;20219;1;2024680285215396552;B
20241022;162009;20218;1;2024680285215396555;B
20241022;162009;20219;29;2024680285215396556;B
20241022;162110;20220;1;2024680285215396557;B
20241022;162126;20220;1;2024680285215396558;B
20241022;162134;20220;1;2024680285215396559;B
20241022;162138;20218;6;2024680285215396560;S
20241022;162142;20220;7;2024680285215396561;B
20241022;162202;20220;4;2024680285215396562;B
20241022;162202;20221;1;2024680285215396567;B
