<DATE>;<TIME>;<LAST>;<VOL>;<ID>;<OPER>
20241105;095909;573.62;1;2016517553840456005;S
20241105;095909;573.62;1;2016517553840456006;S
20241105;095909;573.62;5;2016517553840456007;S
20241105;095909;573.62;13;2016517553840456008;S
20241105;095909;573.62;5;2016517553840456009;S
20241105;095909;573.62;15;2016517553840456010;S
20241105;095909;573.62;1;2016517553840456011;S
20241105;095909;573.62;16;2016517553840456012;S
20241105;095909;573.62;1;2016517553840456013;S
20241105;095909;573.62;2;2016517553840456014;S
20241105;095909;573.62;7;2016517553840456015;S
20241105;095909;573.74;1;2016517553840456016;S
20241105;100001;573.62;12;2016517553840456021;B
20241105;100002;573.62;4;2016517553840456022;S
20241105;100008;573.63;2;2016517553840456023;B
20241105;100009;573.63;23;2016517553840456024;B
20241105;100009;573.63;17;2016517553840456025;B
20241105;100011;573.63;5;2016517553840456026;B
20241105;100011;573.63;3;2016517553840456027;B
20241105;100011;573.63;25;2016517553840456028;B
20241105;100011;573.63;4;2016517553840456029;B
20241105;100011;573.63;7;2016517553840456030;B
20241105;100013;573.63;18;2016517553840456031;B
20241105;100013;573.63;2;2016517553840456032;B
20241105;100020;573.62;21;2016517553840456033;S
20241105;100020;573.62;4;2016517553840456034;S
20241105;100020;573.62;2;2016517553840456035;S
20241105;100020;573.61;25;2016517553840456036;S
20241105;100020;573.61;30;2016517553840456037;S
20241105;100020;573.6;18;2016517553840456038;S
20241105;100020;573.63;23;2016517553840456039;B
20241105;100027;573.66;1;2016517553840456040;B
20241105;100030;573.66;1;2016517553840456041;B
20241105;100034;573.66;1;2016517553840456042;B
20241105;100052;573.63;16;2016517553840456043;S
20241105;100055;573.63;14;2016517553840456044;B
20241105;100059;573.62;1;2016517553840456045;B
20241105;100101;573.62;4;2016517553840456046;B
20241105;100105;573.6;16;2016517553840456047;S
20241105;100109;573.63;2;2016517553840456048;B
20241105;100109;573.6;150;2016517553840456049;S
20241105;100109;573.6;18;2016517553840456050;S
20241105;100117;573.62;1;2016517553840456051;B
20241105;100128;573.66;1;2016517553840456054;B
20241105;100131;573.66;1;2016517553840456056;B
20241105;100134;573.65;1;2016517553840456057;S
20241105;100134;573.6;2;2016517553840456058;S
20241105;100141;573.66;1;2016517553840456059;B
20241105;100142;573.66;1;2016517553840456060;B
20241105;100153;573.66;6;2016517553840456062;B
20241105;100154;573.6;5;2016517553840456063;S
20241105;100204;573.66;3;2016517553840456065;B
20241105;100214;573.66;4;2016517553840456066;B
20241105;100216;573.66;2;2016517553840456067;B
20241105;100223;573.66;1;2016517553840456068;B
20241105;100232;573.66;2;2016517553840456069;B
20241105;100233;573.66;10;2016517553840456070;S
20241105;100233;573.66;25;2016517553840456071;S
20241105;100239;573.66;5;2016517553840456072;S
20241105;100255;573.67;1;2016517553840456073;B
20241105;100256;573.66;5;2016517553840456074;S
20241105;100324;573.67;2;2016517553840456075;B
20241105;100324;573.66;1;2016517553840456076;S
20241105;100336;573.67;2;2016517553840456077;B
20241105;100337;573.66;30;2016517553840456078;S
20241105;100352;573.67;1;2016517553840456079;B
20241105;100357;573.67;19;2016517553840456080;B
20241105;100357;573.69;2;2016517553840456081;B
20241105;100357;573.71;1;2016517553840456082;B
20241105;100357;573.71;100;2016517553840456083;B
20241105;100357;573.77;2;2016517553840456084;B
20241105;100357;573.79;1;2016517553840456085;B
20241105;100357;573.79;2;2016517553840456086;B
20241105;100357;573.8;1;2016517553840456087;B
20241105;100357;573.83;5;2016517553840456092;B
20241105;100357;573.9;1;2016517553840456093;B
20241105;100357;573.9;10;2016517553840456094;S
20241105;100357;573.9;10;2016517553840456095;S
20241105;100357;573.9;6;2016517553840456096;S
20241105;100357;573.9;4;2016517553840456097;S
20241105;100357;573.85;1;2016517553840456099;S
20241105;100357;573.88;1;2016517553840456103;B
20241105;100411;573.83;1;2016517553840456104;B
20241105;100414;573.78;1;2016517553840456105;S
20241105;100414;573.77;1;2016517553840456106;S
20241105;100414;573.75;1;2016517553840456107;S
20241105;100414;573.75;1;2016517553840456108;S
20241105;100423;573.68;1;2016517553840456109;S
20241105;100423;573.68;25;2016517553840456110;S
20241105;100423;573.67;25;2016517553840456111;S
20241105;100423;573.66;9;2016517553840456112;S
20241105;100424;573.66;4;2016517553840456113;S
20241105;100438;573.67;2;2016517553840456114;S
20241105;100438;573.66;8;2016517553840456115;S
20241105;100440;573.69;1;2016517553840456119;B
20241105;100440;573.69;1;2016517553840456120;B
20241105;100450;573.69;5;2016517553840456121;B
20241105;100456;573.69;18;2016517553840456122;B
20241105;100456;573.76;1;2016517553840456123;B
20241105;100456;573.77;1;2016517553840456124;B
20241105;100456;573.78;1;2016517553840456125;B
20241105;100456;573.79;1;2016517553840456126;B
20241105;100456;573.8;1;2016517553840456127;B
20241105;100456;573.81;1;2016517553840456128;B
20241105;100456;573.82;1;2016517553840456129;B
20241105;100457;573.68;1;2016517553840456130;S
20241105;100457;573.68;1;2016517553840456131;S
20241105;100549;573.67;5;2016517553840456132;S
20241105;100550;573.68;1;2016517553840456133;B
20241105;100608;573.68;2;2016517553840456134;B
20241105;100608;573.68;5;2016517553840456135;B
20241105;100628;573.68;1;2016517553840456136;B
20241105;100630;573.67;18;2016517553840456137;S
20241105;100632;573.67;4;2016517553840456138;S
20241105;100638;573.68;2;2016517553840456139;B
20241105;100642;573.67;3;2016517553840456140;S
20241105;100714;573.67;2;2016517553840456141;B
20241105;100714;573.67;18;2016517553840456142;B
20241105;100728;573.67;1;2016517553840456143;B
20241105;100732;573.67;1;2016517553840456144;B
20241105;100732;573.67;4;2016517553840456145;B
20241105;100742;573.66;3;2016517553840456146;S
20241105;100742;573.66;9;2016517553840456147;S
20241105;100802;573.7;2;2016517553840456148;B
20241105;100808;573.66;5;2016517553840456149;S
20241105;100816;573.7;40;2016517553840456150;B
20241105;100817;573.7;30;2016517553840456151;B
20241105;100820;573.67;1;2016517553840456152;S
20241105;100820;573.66;16;2016517553840456153;S
20241105;100820;573.66;1;2016517553840456154;S
20241105;100821;573.66;1;2016517553840456158;S
20241105;100821;573.68;1;2016517553840456162;B
20241105;100821;573.68;1;2016517553840456163;B
20241105;100828;573.66;6;2016517553840456164;S
20241105;100841;573.67;1;2016517553840456166;S
20241105;100841;573.66;3;2016517553840456167;S
20241105;100900;573.69;2;2016517553840456168;B
20241105;100900;573.69;1;2016517553840456169;B
20241105;100900;573.69;70;2016517553840456170;B
20241105;100903;573.66;13;2016517553840456171;S
20241105;100916;573.66;1;2016517553840456172;S
20241105;100927;573.66;5;2016517553840456173;S
20241105;100927;573.66;1;2016517553840456174;S
20241105;100927;573.66;3;2016517553840456175;S
20241105;100927;573.65;7;2016517553840456176;S
20241105;100927;573.65;1;2016517553840456177;S
20241105;100927;573.65;1;2016517553840456178;S
20241105;100928;573.65;2;2016517553840456179;B
20241105;100928;573.65;12;2016517553840456180;B
20241105;100933;573.62;5;2016517553840456181;S
20241105;100934;573.65;23;2016517553840456182;B
20241105;100934;573.65;20;2016517553840456183;B
20241105;100934;573.65;2;2016517553840456184;B
20241105;100939;573.66;20;2016517553840456185;B
20241105;100943;573.69;5;2016517553840456186;B
20241105;100947;573.7;10;2016517553840456187;B
20241105;100947;573.7;20;2016517553840456188;B
20241105;100949;573.73;2;2016517553840456189;B
20241105;100949;573.73;20;2016517553840456190;B
20241105;100949;573.74;2;2016517553840456191;B
20241105;100949;573.75;5;2016517553840456192;B
20241105;100956;573.75;14;2016517553840456194;B
20241105;101000;573.75;5;2016517553840456195;B
20241105;101020;573.74;2;2016517553840456196;S
20241105;101020;573.74;8;2016517553840456197;S
20241105;101026;573.75;1;2016517553840456199;B
20241105;101026;573.75;1;2016517553840456204;B
20241105;101041;573.75;1;2016517553840456208;B
20241105;101047;573.72;1;2016517553840456209;S
20241105;101047;573.72;1;2016517553840456210;S
20241105;101047;573.72;8;2016517553840456211;S
20241105;101052;573.75;1;2016517553840456212;B
20241105;101052;573.72;1;2016517553840456214;B
20241105;101117;573.68;1;2016517553840456218;S
20241105;101204;573.71;1;2016517553840456219;B
20241105;101215;573.72;2;2016517553840456220;S
20241105;101215;573.72;1;2016517553840456221;S
20241105;101215;573.72;7;2016517553840456222;S
20241105;101223;573.8;2;2016517553840456223;B
20241105;101242;573.75;1;2016517553840456224;S
20241105;101242;573.75;2;2016517553840456225;S
20241105;101242;573.75;2;2016517553840456226;S
20241105;101247;573.83;1;2016517553840456227;B
20241105;101258;573.84;3;2016517553840456228;B
20241105;101322;573.82;2;2016517553840456229;B
20241105;101347;573.83;7;2016517553840456230;B
20241105;101355;573.83;3;2016517553840456231;B
20241105;101409;573.91;2;2016517553840456232;B
20241105;101409;573.91;20;2016517553840456233;B
20241105;101418;573.92;1;2016517553840456234;B
20241105;101426;573.92;1;2016517553840456235;B
20241105;101437;573.92;20;2016517553840456236;B
20241105;101444;573.95;2;2016517553840456237;B
20241105;101444;573.95;3;2016517553840456238;B
20241105;101448;573.94;2;2016517553840456239;B
20241105;101448;573.94;3;2016517553840456240;B
20241105;101450;573.94;1;2016517553840456241;B
20241105;101505;573.93;2;2016517553840456242;B
20241105;101505;573.93;2;2016517553840456243;B
20241105;101505;573.94;2;2016517553840456244;B
20241105;101505;573.94;2;2016517553840456245;B
20241105;101505;573.94;17;2016517553840456246;B
20241105;101541;573.94;1;2016517553840456247;B
20241105;101550;573.94;1;2016517553840456251;B
20241105;101550;573.94;1;2016517553840456255;B
20241105;101554;573.94;5;2016517553840456256;B
20241105;101554;573.94;2;2016517553840456257;B
20241105;101554;573.94;20;2016517553840456258;B
20241105;101554;573.94;1;2016517553840456259;B
20241105;101554;573.94;1;2016517553840456260;B
20241105;101554;573.94;2;2016517553840456261;B
20241105;101554;573.95;1;2016517553840456262;B
20241105;101554;573.95;2;2016517553840456263;B
20241105;101554;573.95;2;2016517553840456264;B
20241105;101554;573.95;1;2016517553840456265;B
20241105;101554;573.96;2;2016517553840456266;B
20241105;101554;573.96;2;2016517553840456267;B
20241105;101554;573.96;1;2016517553840456268;B
20241105;101554;573.97;2;2016517553840456269;B
20241105;101554;573.97;2;2016517553840456270;B
20241105;101554;573.97;1;2016517553840456271;B
20241105;101554;573.98;2;2016517553840456272;B
20241105;101554;573.98;1;2016517553840456273;B
20241105;101600;573.97;2;2016517553840456274;B
20241105;101600;573.97;5;2016517553840456275;B
20241105;101606;573.95;2;2016517553840456276;B
20241105;101606;573.95;2;2016517553840456277;B
20241105;101606;573.95;6;2016517553840456278;B
20241105;101611;573.95;14;2016517553840456279;B
20241105;101611;573.96;2;2016517553840456280;B
20241105;101611;573.97;2;2016517553840456281;B
20241105;101611;573.98;2;2016517553840456282;B
20241105;101611;573.99;2;2016517553840456283;B
20241105;101611;574;2;2016517553840456284;B
20241105;101611;574.01;2;2016517553840456285;B
20241105;101611;574.02;2;2016517553840456286;B
20241105;101611;574.03;2;2016517553840456287;B
20241105;101611;574.03;1;2016517553840456288;B
20241105;101611;574.04;1;2016517553840456289;B
20241105;101611;574.04;1;2016517553840456290;B
20241105;101611;574.04;1;2016517553840456291;B
20241105;101611;574.04;2;2016517553840456292;B
20241105;101611;574.05;1;2016517553840456293;B
20241105;101611;574.05;1;2016517553840456294;B
20241105;101611;574.05;2;2016517553840456295;B
20241105;101611;574.06;1;2016517553840456296;B
20241105;101611;574.06;1;2016517553840456297;B
20241105;101611;574.07;1;2016517553840456298;B
20241105;101611;574.08;1;2016517553840456299;B
20241105;101611;574.08;1;2016517553840456300;B
20241105;101611;574.09;1;2016517553840456301;B
20241105;101611;574.1;1;2016517553840456302;B
20241105;101611;574.11;1;2016517553840456303;B
20241105;101611;574.12;1;2016517553840456304;B
20241105;101611;574.13;1;2016517553840456305;B
20241105;101620;574;2;2016517553840456307;B
20241105;101624;574;18;2016517553840456311;B
20241105;101637;574.01;5;2016517553840456312;B
20241105;101637;574.01;4;2016517553840456313;B
20241105;101701;574.01;2;2016517553840456314;B
20241105;101705;574;2;2016517553840456315;S
20241105;101705;574;1;2016517553840456316;S
20241105;101705;574;1;2016517553840456317;S
20241105;101705;573.99;2;2016517553840456318;S
20241105;101705;573.99;2;2016517553840456319;S
20241105;101715;574.05;2;2016517553840456320;B
20241105;101715;574.05;18;2016517553840456321;B
20241105;101729;574.11;2;2016517553840456325;B
20241105;101729;574.12;20;2016517553840456326;B
20241105;101729;574.12;2;2016517553840456327;B
20241105;101729;574.13;2;2016517553840456328;B
20241105;101729;574.14;2;2016517553840456329;B
20241105;101729;574.14;2;2016517553840456330;B
20241105;101729;574.15;1;2016517553840456331;B
20241105;101729;574.15;2;2016517553840456332;B
20241105;101729;574.15;2;2016517553840456333;B
20241105;101729;574.16;2;2016517553840456334;B
20241105;101729;574.16;2;2016517553840456335;B
20241105;101729;574.16;1;2016517553840456336;B
20241105;101729;574.17;2;2016517553840456337;B
20241105;101729;574.17;2;2016517553840456338;B
20241105;101729;574.17;1;2016517553840456339;B
20241105;101729;574.18;2;2016517553840456340;B
20241105;101729;574.18;1;2016517553840456341;B
20241105;101729;574.18;2;2016517553840456342;B
20241105;101750;574.14;2;2016517553840456343;B
20241105;101754;574.17;4;2016517553840456344;B
20241105;101822;574.15;1;2016517553840456345;B
20241105;101822;574.15;20;2016517553840456346;B
20241105;101822;574.15;23;2016517553840456347;B
20241105;101822;574.15;2;2016517553840456348;B
20241105;101826;574.18;20;2016517553840456349;B
20241105;101830;574.2;20;2016517553840456350;B
20241105;101833;574.22;2;2016517553840456351;B
20241105;101835;574.22;8;2016517553840456352;B
20241105;101835;574.22;20;2016517553840456353;B
20241105;101839;574.23;2;2016517553840456354;B
20241105;101839;574.23;20;2016517553840456355;B
20241105;101844;574.23;20;2016517553840456356;B
20241105;101845;574.24;2;2016517553840456357;B
20241105;101847;574.24;2;2016517553840456358;B
20241105;101847;574.24;5;2016517553840456359;B
20241105;101848;574.24;15;2016517553840456360;B
20241105;101853;574.27;2;2016517553840456361;B
20241105;101855;574.27;4;2016517553840456362;B
20241105;101857;574.27;10;2016517553840456363;B
20241105;101858;574.27;1;2016517553840456364;B
20241105;101858;574.27;3;2016517553840456365;B
20241105;101858;574.27;1;2016517553840456366;B
20241105;101859;574.27;1;2016517553840456367;B
20241105;101859;574.27;2;2016517553840456368;B
20241105;101859;574.28;2;2016517553840456369;B
20241105;101859;574.28;1;2016517553840456370;B
20241105;101859;574.29;2;2016517553840456371;B
20241105;101859;574.3;2;2016517553840456372;B
20241105;101859;574.31;2;2016517553840456373;B
20241105;101859;574.32;2;2016517553840456374;B
20241105;101859;574.33;2;2016517553840456375;B
20241105;101859;574.34;2;2016517553840456376;B
20241105;101859;574.35;2;2016517553840456377;B
20241105;101903;574.32;4;2016517553840456378;B
20241105;101903;574.32;10;2016517553840456379;B
20241105;101903;574.32;6;2016517553840456380;B
20241105;101903;574.32;2;2016517553840456381;B
20241105;101903;574.32;1;2016517553840456382;B
20241105;101903;574.33;2;2016517553840456383;B
20241105;101903;574.34;2;2016517553840456384;B
20241105;101903;574.35;7;2016517553840456385;B
20241105;101904;574.29;2;2016517553840456386;S
20241105;101904;574.29;1;2016517553840456387;S
20241105;101904;574.34;2;2016517553840456388;B
20241105;101904;574.34;3;2016517553840456389;B
20241105;101904;574.34;4;2016517553840456390;B
20241105;101904;574.34;13;2016517553840456391;B
20241105;101904;574.34;1;2016517553840456392;B
20241105;101905;574.34;1;2016517553840456393;B
20241105;101905;574.35;7;2016517553840456394;B
20241105;101905;574.34;2;2016517553840456395;B
20241105;101905;574.35;1;2016517553840456396;B
20241105;101906;574.34;1;2016517553840456397;B
20241105;101906;574.34;1;2016517553840456398;B
20241105;101906;574.35;8;2016517553840456399;B
20241105;101906;574.35;2;2016517553840456400;B
20241105;101906;574.36;1;2016517553840456401;B
20241105;101906;574.36;2;2016517553840456402;B
20241105;101906;574.37;1;2016517553840456403;B
20241105;101906;574.37;2;2016517553840456404;B
20241105;101906;574.38;2;2016517553840456405;B
20241105;101906;574.39;2;2016517553840456406;B
20241105;101906;574.4;2;2016517553840456407;B
20241105;101906;574.41;2;2016517553840456408;B
20241105;101906;574.41;1;2016517553840456409;B
20241105;101906;574.42;2;2016517553840456410;B
20241105;101906;574.42;1;2016517553840456411;B
20241105;101906;574.43;2;2016517553840456412;B
20241105;101906;574.43;1;2016517553840456413;B
20241105;101906;574.46;10;2016517553840456414;B
20241105;101906;574.47;25;2016517553840456415;B
20241105;101906;574.48;25;2016517553840456416;B
20241105;101906;574.49;1;2016517553840456417;B
20241105;101906;574.49;25;2016517553840456418;B
20241105;101906;574.5;22;2016517553840456419;B
20241105;101906;574.34;12;2016517553840456420;B
20241105;101906;574.34;5;2016517553840456421;B
20241105;101906;574.34;8;2016517553840456422;B
20241105;101906;574.34;9;2016517553840456423;B
20241105;101907;574.34;10;2016517553840456424;B
20241105;101908;574.34;1;2016517553840456425;B
20241105;101908;574.34;1;2016517553840456426;B
20241105;101908;574.34;1;2016517553840456427;B
20241105;101908;574.35;1;2016517553840456428;B
20241105;101908;574.35;1;2016517553840456429;B
20241105;101908;574.35;4;2016517553840456430;B
20241105;101908;574.35;3;2016517553840456431;B
20241105;101908;574.35;5;2016517553840456432;B
20241105;101909;574.35;4;2016517553840456433;B
20241105;101909;574.35;6;2016517553840456434;B
20241105;101911;574.35;3;2016517553840456435;B
20241105;101911;574.35;12;2016517553840456436;B
20241105;101912;574.35;2;2016517553840456437;B
20241105;101912;574.35;6;2016517553840456438;B
20241105;101912;574.35;14;2016517553840456439;B
20241105;101913;574.35;3;2016517553840456440;B
20241105;101913;574.35;4;2016517553840456442;B
20241105;101913;574.35;1;2016517553840456443;B
20241105;101914;574.35;1;2016517553840456448;B
20241105;101914;574.35;2;2016517553840456449;B
20241105;101914;574.38;2;2016517553840456450;B
20241105;101914;574.39;2;2016517553840456451;B
20241105;101914;574.4;2;2016517553840456452;B
20241105;101914;574.41;2;2016517553840456453;B
20241105;101914;574.39;7;2016517553840456454;B
20241105;101915;574.39;2;2016517553840456455;B
20241105;101915;574.39;10;2016517553840456456;B
20241105;101915;574.39;1;2016517553840456457;B
20241105;101915;574.42;2;2016517553840456458;B
20241105;101915;574.43;2;2016517553840456459;B
20241105;101916;574.44;2;2016517553840456460;B
20241105;101916;574.44;4;2016517553840456461;B
20241105;101916;574.44;4;2016517553840456462;B
20241105;101917;574.44;3;2016517553840456463;B
20241105;101917;574.44;2;2016517553840456464;B
20241105;101917;574.44;2;2016517553840456465;B
20241105;101918;574.44;2;2016517553840456466;B
20241105;101918;574.44;4;2016517553840456467;B
20241105;101920;574.44;3;2016517553840456468;B
20241105;101920;574.44;2;2016517553840456469;B
20241105;101920;574.44;1;2016517553840456470;B
20241105;101920;574.44;1;2016517553840456471;B
20241105;101920;574.45;3;2016517553840456472;B
20241105;101921;574.44;2;2016517553840456473;B
20241105;101921;574.45;3;2016517553840456474;B
20241105;101921;574.44;2;2016517553840456475;B
20241105;101921;574.45;3;2016517553840456476;B
20241105;101922;574.45;12;2016517553840456477;B
20241105;101922;574.45;4;2016517553840456478;B
20241105;101922;574.45;2;2016517553840456479;B
20241105;101922;574.45;14;2016517553840456480;B
20241105;101922;574.45;6;2016517553840456481;B
20241105;101922;574.45;2;2016517553840456482;B
20241105;101922;574.45;2;2016517553840456483;B
20241105;101923;574.45;2;2016517553840456484;B
20241105;101924;574.45;6;2016517553840456485;B
20241105;101924;574.45;15;2016517553840456486;B
20241105;101924;574.45;10;2016517553840456487;B
20241105;101924;574.45;10;2016517553840456488;B
20241105;101925;574.45;1;2016517553840456489;B
20241105;101925;574.45;2;2016517553840456490;B
20241105;101925;574.45;2;2016517553840456491;B
20241105;101925;574.45;13;2016517553840456492;B
20241105;101925;574.45;5;2016517553840456493;B
20241105;101925;574.45;2;2016517553840456494;B
20241105;101925;574.46;2;2016517553840456495;B
20241105;101925;574.46;2;2016517553840456496;B
20241105;101925;574.47;1;2016517553840456497;B
20241105;101925;574.48;2;2016517553840456498;B
20241105;101925;574.48;1;2016517553840456499;B
20241105;101926;574.48;1;2016517553840456500;B
20241105;101926;574.48;4;2016517553840456501;B
20241105;101926;574.48;10;2016517553840456502;B
20241105;101926;574.48;1;2016517553840456503;B
20241105;101927;574.48;3;2016517553840456504;B
20241105;101927;574.48;2;2016517553840456505;B
20241105;101927;574.48;2;2016517553840456506;B
20241105;101927;574.48;2;2016517553840456507;B
20241105;101927;574.49;1;2016517553840456508;B
20241105;101927;574.49;2;2016517553840456509;B
20241105;101927;574.5;2;2016517553840456510;B
20241105;101927;574.5;1;2016517553840456511;B
20241105;101927;574.5;6;2016517553840456512;B
20241105;101927;574.5;4;2016517553840456513;B
20241105;101929;574.49;2;2016517553840456514;B
20241105;101929;574.49;1;2016517553840456515;B
20241105;101929;574.49;10;2016517553840456516;B
20241105;101929;574.49;2;2016517553840456517;B
20241105;101931;574.49;1;2016517553840456518;B
20241105;101931;574.49;4;2016517553840456519;B
20241105;101931;574.49;2;2016517553840456520;B
20241105;101931;574.49;2;2016517553840456521;B
20241105;101931;574.49;6;2016517553840456522;B
20241105;101931;574.49;4;2016517553840456523;B
20241105;101931;574.5;2;2016517553840456524;B
20241105;101931;574.51;2;2016517553840456525;B
20241105;101931;574.52;2;2016517553840456526;B
20241105;101931;574.51;5;2016517553840456527;B
20241105;101932;574.51;15;2016517553840456528;B
20241105;101932;574.51;10;2016517553840456529;B
20241105;101932;574.51;1;2016517553840456530;B
20241105;101932;574.52;9;2016517553840456531;B
20241105;101933;574.52;16;2016517553840456532;B
20241105;101933;574.52;20;2016517553840456533;B
20241105;101933;574.53;2;2016517553840456534;B
20241105;101933;574.54;2;2016517553840456535;B
20241105;101933;574.55;1;2016517553840456536;B
20241105;101933;574.55;2;2016517553840456537;B
20241105;101933;574.56;2;2016517553840456538;B
20241105;101933;574.56;2;2016517553840456539;B
20241105;101933;574.56;1;2016517553840456540;B
20241105;101933;574.57;1;2016517553840456541;B
20241105;101933;574.57;1;2016517553840456542;B
20241105;101933;574.52;2;2016517553840456543;B
20241105;101933;574.52;2;2016517553840456544;B
20241105;101934;574.52;2;2016517553840456545;B
20241105;101934;574.52;1;2016517553840456546;B
20241105;101935;574.52;1;2016517553840456547;B
20241105;101935;574.52;8;2016517553840456548;B
20241105;101937;574.52;9;2016517553840456549;B
20241105;101937;574.52;1;2016517553840456550;B
20241105;101937;574.52;6;2016517553840456551;B
20241105;101937;574.52;13;2016517553840456552;B
20241105;101937;574.53;2;2016517553840456553;B
20241105;101937;574.56;2;2016517553840456554;B
20241105;101937;574.56;1;2016517553840456555;B
20241105;101937;574.57;2;2016517553840456556;B
20241105;101937;574.57;1;2016517553840456557;B
20241105;101937;574.57;25;2016517553840456558;B
20241105;101937;574.58;1;2016517553840456559;B
20241105;101937;574.58;3;2016517553840456560;B
20241105;101938;574.56;15;2016517553840456561;B
20241105;101939;574.56;5;2016517553840456562;B
20241105;101939;574.56;1;2016517553840456563;B
20241105;101939;574.56;1;2016517553840456564;B
20241105;101939;574.56;1;2016517553840456565;B
20241105;101939;574.56;10;2016517553840456566;B
20241105;101939;574.57;2;2016517553840456567;B
20241105;101940;574.57;1;2016517553840456568;B
20241105;101940;574.57;10;2016517553840456569;B
20241105;101941;574.57;5;2016517553840456570;B
20241105;101941;574.57;3;2016517553840456571;B
20241105;101942;574.57;6;2016517553840456572;B
20241105;101942;574.57;10;2016517553840456573;B
20241105;101942;574.57;8;2016517553840456574;B
20241105;101942;574.57;10;2016517553840456575;B
20241105;101942;574.57;2;2016517553840456576;B
20241105;101942;574.57;2;2016517553840456577;B
20241105;101942;574.58;4;2016517553840456578;B
20241105;101943;574.57;1;2016517553840456579;B
20241105;101943;574.57;1;2016517553840456580;B
20241105;101943;574.57;1;2016517553840456581;B
20241105;101943;574.57;10;2016517553840456582;B
20241105;101943;574.58;8;2016517553840456583;B
20241105;101944;574.57;2;2016517553840456584;B
20241105;101944;574.57;2;2016517553840456585;B
20241105;101945;574.58;4;2016517553840456586;B
20241105;101945;574.58;1;2016517553840456587;B
20241105;101945;574.58;1;2016517553840456588;B
20241105;101946;574.58;7;2016517553840456589;B
20241105;101946;574.58;8;2016517553840456590;B
20241105;101946;574.58;6;2016517553840456591;B
20241105;101947;574.58;2;2016517553840456592;B
20241105;101949;574.58;2;2016517553840456593;B
20241105;101949;574.58;11;2016517553840456594;B
20241105;101949;574.58;43;2016517553840456595;B
20241105;101949;574.58;2;2016517553840456596;B
20241105;101949;574.58;1;2016517553840456597;B
20241105;101949;574.58;20;2016517553840456598;B
20241105;101949;574.58;3;2016517553840456599;B
20241105;101949;574.59;100;2016517553840456600;B
20241105;101949;574.59;2;2016517553840456601;B
20241105;101951;574.61;2;2016517553840456602;B
20241105;101951;574.61;13;2016517553840456603;B
20241105;101951;574.61;4;2016517553840456604;B
20241105;101953;574.61;3;2016517553840456605;B
20241105;101953;574.61;5;2016517553840456606;B
20241105;101954;574.61;1;2016517553840456607;B
20241105;101954;574.61;1;2016517553840456608;B
20241105;101954;574.62;1;2016517553840456609;B
20241105;101955;574.61;2;2016517553840456610;B
20241105;101959;574.61;2;2016517553840456611;B
20241105;101959;574.61;8;2016517553840456612;B
20241105;101959;574.61;1;2016517553840456613;B
20241105;102000;574.61;3;2016517553840456614;B
20241105;102000;574.61;8;2016517553840456615;B
20241105;102000;574.61;2;2016517553840456616;B
20241105;102000;574.61;2;2016517553840456617;B
20241105;102000;574.62;1;2016517553840456618;B
20241105;102000;574.62;2;2016517553840456619;B
20241105;102000;574.63;2;2016517553840456620;B
20241105;102000;574.64;2;2016517553840456621;B
20241105;102000;574.65;2;2016517553840456622;B
20241105;102000;574.65;19;2016517553840456623;B
20241105;102001;574.64;1;2016517553840456624;B
20241105;102002;574.64;1;2016517553840456625;B
20241105;102002;574.64;1;2016517553840456626;B
20241105;102003;574.64;1;2016517553840456627;B
20241105;102003;574.64;10;2016517553840456628;B
20241105;102004;574.64;2;2016517553840456629;B
20241105;102004;574.64;5;2016517553840456630;B
20241105;102006;574.64;1;2016517553840456631;B
20241105;102006;574.64;2;2016517553840456632;B
20241105;102006;574.65;5;2016517553840456633;B
20241105;102007;574.65;1;2016517553840456634;B
20241105;102007;574.65;2;2016517553840456635;B
20241105;102007;574.65;18;2016517553840456636;B
20241105;102008;574.65;2;2016517553840456637;B
20241105;102008;574.65;2;2016517553840456638;B
20241105;102008;574.66;2;2016517553840456639;B
20241105;102008;574.67;2;2016517553840456640;B
20241105;102008;574.67;12;2016517553840456641;B
20241105;102008;574.65;2;2016517553840456642;S
20241105;102008;574.65;1;2016517553840456643;S
20241105;102008;574.65;1;2016517553840456644;S
20241105;102008;574.64;6;2016517553840456645;S
20241105;102009;574.66;2;2016517553840456646;B
20241105;102009;574.66;1;2016517553840456647;B
20241105;102011;574.66;1;2016517553840456648;B
20241105;102012;574.66;10;2016517553840456649;B
20241105;102012;574.66;1;2016517553840456650;B
20241105;102012;574.66;1;2016517553840456651;B
20241105;102014;574.66;1;2016517553840456652;B
20241105;102014;574.66;2;2016517553840456653;B
20241105;102015;574.66;1;2016517553840456654;B
20241105;102016;574.66;2;2016517553840456655;B
20241105;102016;574.67;12;2016517553840456656;B
20241105;102016;574.67;1;2016517553840456657;B
20241105;102016;574.67;1;2016517553840456658;B
20241105;102016;574.67;1;2016517553840456659;B
20241105;102017;574.67;25;2016517553840456660;B
20241105;102019;574.67;5;2016517553840456661;B
20241105;102019;574.67;2;2016517553840456662;B
20241105;102025;574.67;10;2016517553840456663;B
20241105;102025;574.67;3;2016517553840456664;B
20241105;102025;574.67;2;2016517553840456665;B
20241105;102025;574.67;13;2016517553840456666;B
20241105;102025;574.67;10;2016517553840456667;B
20241105;102027;574.67;2;2016517553840456668;B
20241105;102027;574.67;5;2016517553840456669;B
20241105;102027;574.67;2;2016517553840456670;B
20241105;102027;574.68;1;2016517553840456671;B
20241105;102027;574.68;1;2016517553840456672;B
20241105;102027;574.68;4;2016517553840456673;B
20241105;102034;574.68;3;2016517553840456674;B
20241105;102034;574.68;13;2016517553840456675;B
20241105;102034;574.68;2;2016517553840456676;B
20241105;102034;574.69;7;2016517553840456677;B
20241105;102034;574.69;54;2016517553840456678;B
20241105;102034;574.69;21;2016517553840456679;B
20241105;102034;574.69;2;2016517553840456680;B
20241105;102034;574.69;1;2016517553840456681;B
20241105;102034;574.7;2;2016517553840456682;B
20241105;102034;574.71;2;2016517553840456683;B
20241105;102034;574.71;1;2016517553840456684;B
20241105;102034;574.71;1;2016517553840456685;B
20241105;102034;574.72;1;2016517553840456686;B
20241105;102034;574.72;2;2016517553840456687;B
20241105;102034;574.72;25;2016517553840456688;B
20241105;102034;574.73;2;2016517553840456689;B
20241105;102034;574.73;1;2016517553840456690;B
20241105;102034;574.74;1;2016517553840456691;B
20241105;102034;574.74;100;2016517553840456692;B
20241105;102034;574.74;2;2016517553840456693;B
20241105;102034;574.74;10;2016517553840456694;B
20241105;102034;574.75;2;2016517553840456695;B
20241105;102034;574.75;1;2016517553840456696;B
20241105;102034;574.76;2;2016517553840456697;B
20241105;102034;574.76;1;2016517553840456698;B
20241105;102034;574.77;2;2016517553840456699;B
20241105;102034;574.77;1;2016517553840456700;B
20241105;102034;574.78;1;2016517553840456701;B
20241105;102034;574.78;240;2016517553840456702;B
20241105;102034;574.71;7;2016517553840456703;S
20241105;102035;574.72;10;2016517553840456704;B
20241105;102035;574.72;6;2016517553840456705;B
20241105;102038;574.71;5;2016517553840456706;S
20241105;102038;574.71;1;2016517553840456707;S
20241105;102038;574.71;2;2016517553840456708;S
20241105;102038;574.72;5;2016517553840456709;B
20241105;102039;574.7;1;2016517553840456710;S
20241105;102039;574.7;1;2016517553840456711;S
20241105;102040;574.72;2;2016517553840456712;B
20241105;102041;574.72;2;2016517553840456713;B
20241105;102041;574.72;9;2016517553840456714;B
20241105;102042;574.72;3;2016517553840456715;B
20241105;102043;574.72;4;2016517553840456716;B
20241105;102044;574.72;2;2016517553840456717;B
20241105;102044;574.72;2;2016517553840456718;B
20241105;102044;574.72;3;2016517553840456719;B
20241105;102045;574.72;2;2016517553840456720;B
20241105;102045;574.74;2;2016517553840456721;B
20241105;102046;574.75;4;2016517553840456722;B
20241105;102049;574.75;10;2016517553840456723;B
20241105;102051;574.75;6;2016517553840456724;B
20241105;102051;574.75;2;2016517553840456725;B
20241105;102051;574.76;2;2016517553840456726;B
20241105;102053;574.79;2;2016517553840456727;B
20241105;102053;574.79;3;2016517553840456728;B
20241105;102053;574.79;1;2016517553840456729;B
20241105;102053;574.79;9;2016517553840456730;B
20241105;102056;574.78;2;2016517553840456731;B
20241105;102056;574.78;6;2016517553840456732;B
20241105;102056;574.78;4;2016517553840456733;B
20241105;102056;574.78;10;2016517553840456734;B
20241105;102057;574.79;1;2016517553840456735;B
20241105;102058;574.79;1;2016517553840456736;B
20241105;102058;574.79;1;2016517553840456737;B
20241105;102102;574.79;2;2016517553840456738;B
20241105;102103;574.79;5;2016517553840456739;B
20241105;102103;574.79;12;2016517553840456740;B
20241105;102104;574.79;1;2016517553840456741;B
20241105;102105;574.79;1;2016517553840456742;B
20241105;102105;574.79;1;2016517553840456743;S
20241105;102107;574.8;2;2016517553840456744;B
20241105;102107;574.8;8;2016517553840456745;B
20241105;102107;574.8;3;2016517553840456746;B
20241105;102109;574.8;1;2016517553840456747;B
20241105;102111;574.8;3;2016517553840456748;B
20241105;102111;574.8;2;2016517553840456749;B
20241105;102112;574.8;1;2016517553840456750;B
20241105;102114;574.8;3;2016517553840456751;B
20241105;102115;574.8;1;2016517553840456752;B
20241105;102115;574.79;1;2016517553840456753;S
20241105;102115;574.8;3;2016517553840456754;B
20241105;102115;574.8;5;2016517553840456755;B
20241105;102115;574.8;10;2016517553840456756;B
20241105;102117;574.8;5;2016517553840456757;B
20241105;102117;574.8;2;2016517553840456758;B
20241105;102117;574.81;1;2016517553840456759;B
20241105;102122;574.81;1;2016517553840456760;B
20241105;102122;574.81;2;2016517553840456761;B
20241105;102123;574.81;1;2016517553840456762;B
20241105;102126;574.8;1;2016517553840456763;S
20241105;102128;574.81;5;2016517553840456764;B
20241105;102128;574.81;2;2016517553840456765;B
20241105;102133;574.81;10;2016517553840456766;B
20241105;102133;574.81;10;2016517553840456767;B
20241105;102133;574.81;10;2016517553840456768;B
20241105;102133;574.84;2;2016517553840456769;B
20241105;102133;574.84;1;2016517553840456770;B
20241105;102133;574.85;1;2016517553840456771;B
20241105;102133;574.85;2;2016517553840456772;B
20241105;102133;574.85;1;2016517553840456773;B
20241105;102133;574.86;2;2016517553840456774;B
20241105;102133;574.86;1;2016517553840456775;B
20241105;102133;574.87;2;2016517553840456776;B
20241105;102133;574.87;25;2016517553840456777;B
20241105;102133;574.88;1;2016517553840456778;B
20241105;102133;574.88;1;2016517553840456779;B
20241105;102133;574.88;2;2016517553840456784;B
20241105;102133;574.89;2;2016517553840456785;B
20241105;102133;574.89;1;2016517553840456786;B
20241105;102133;574.9;2;2016517553840456787;B
20241105;102133;574.9;1;2016517553840456788;B
20241105;102133;574.91;1;2016517553840456789;B
20241105;102133;574.91;2;2016517553840456790;B
20241105;102133;574.92;20;2016517553840456791;B
20241105;102137;574.82;1;2016517553840456792;B
20241105;102138;574.81;2;2016517553840456793;S
20241105;102138;574.81;1;2016517553840456794;S
20241105;102139;574.82;9;2016517553840456795;B
20241105;102139;574.82;4;2016517553840456796;B
20241105;102139;574.82;1;2016517553840456797;B
20241105;102139;574.82;10;2016517553840456798;B
20241105;102140;574.82;1;2016517553840456799;B
20241105;102144;574.82;4;2016517553840456800;B
20241105;102145;574.82;2;2016517553840456801;B
20241105;102148;574.82;8;2016517553840456802;B
20241105;102148;574.82;3;2016517553840456803;B
20241105;102149;574.82;7;2016517553840456804;B
20241105;102149;574.82;1;2016517553840456805;B
20241105;102149;574.82;5;2016517553840456806;B
20241105;102149;574.82;1;2016517553840456808;B
20241105;102150;574.82;2;2016517553840456812;B
20241105;102153;574.82;12;2016517553840456813;B
20241105;102153;574.87;5;2016517553840456814;B
20241105;102153;574.88;1;2016517553840456815;B
20241105;102153;574.88;2;2016517553840456816;B
20241105;102153;574.89;2;2016517553840456817;B
20241105;102153;574.89;1;2016517553840456818;B
20241105;102153;574.9;2;2016517553840456819;B
20241105;102153;574.9;1;2016517553840456820;B
20241105;102153;574.91;2;2016517553840456821;B
20241105;102153;574.91;1;2016517553840456822;B
20241105;102153;574.92;2;2016517553840456823;B
20241105;102153;574.92;25;2016517553840456824;B
20241105;102153;574.92;100;2016517553840456825;B
20241105;102153;574.93;2;2016517553840456826;B
20241105;102153;574.93;1;2016517553840456827;B
20241105;102153;574.94;2;2016517553840456828;B
20241105;102153;574.94;1;2016517553840456829;B
20241105;102153;574.95;2;2016517553840456830;B
20241105;102153;574.95;1;2016517553840456831;B
20241105;102153;574.96;2;2016517553840456832;B
20241105;102153;574.96;1;2016517553840456833;B
20241105;102153;574.96;4;2016517553840456834;B
20241105;102153;574.97;2;2016517553840456835;B
20241105;102153;574.97;1;2016517553840456836;B
20241105;102153;574.97;1;2016517553840456837;B
20241105;102153;574.99;1;2016517553840456838;B
20241105;102153;574.99;1;2016517553840456839;B
20241105;102153;574.99;5;2016517553840456840;B
20241105;102153;574.99;1;2016517553840456841;B
20241105;102153;575;1;2016517553840456842;B
20241105;102153;575;10;2016517553840456843;B
20241105;102153;575.01;1;2016517553840456844;B
20241105;102153;575.02;25;2016517553840456845;B
20241105;102153;575.02;1;2016517553840456846;B
20241105;102153;575.02;10;2016517553840456847;B
20241105;102153;575.03;25;2016517553840456848;B
20241105;102153;575.03;1;2016517553840456849;B
20241105;102153;575.04;25;2016517553840456850;B
20241105;102153;575.04;1;2016517553840456851;B
20241105;102153;575.05;16;2016517553840456852;B
20241105;102154;574.87;10;2016517553840456853;B
20241105;102154;574.87;5;2016517553840456854;B
20241105;102154;574.87;5;2016517553840456855;B
20241105;102154;574.9;3;2016517553840456856;B
20241105;102154;574.9;18;2016517553840456857;B
20241105;102154;574.9;2;2016517553840456858;B
20241105;102154;574.9;2;2016517553840456859;B
20241105;102154;574.94;2;2016517553840456860;B
20241105;102154;574.95;2;2016517553840456861;B
20241105;102154;574.88;10;2016517553840456862;B
20241105;102154;574.88;3;2016517553840456863;B
20241105;102154;574.88;7;2016517553840456864;B
20241105;102154;574.95;2;2016517553840456865;B
20241105;102154;574.96;2;2016517553840456866;B
20241105;102157;574.96;1;2016517553840456867;B
20241105;102157;574.96;1;2016517553840456868;B
20241105;102157;574.96;2;2016517553840456869;B
20241105;102158;574.95;1;2016517553840456870;S
20241105;102158;574.95;2;2016517553840456871;S
20241105;102159;574.95;5;2016517553840456872;S
20241105;102202;574.96;6;2016517553840456873;B
20241105;102202;574.96;4;2016517553840456874;B
20241105;102202;574.95;2;2016517553840456875;S
20241105;102205;574.96;2;2016517553840456876;B
20241105;102207;574.96;5;2016517553840456877;B
20241105;102210;574.96;1;2016517553840456878;B
20241105;102210;574.96;1;2016517553840456879;B
20241105;102210;574.95;1;2016517553840456880;S
20241105;102210;574.95;1;2016517553840456881;S
20241105;102210;574.95;1;2016517553840456882;S
20241105;102211;574.95;1;2016517553840456883;S
20241105;102211;574.95;1;2016517553840456884;S
20241105;102214;574.96;3;2016517553840456885;B
20241105;102214;574.96;2;2016517553840456886;B
20241105;102214;574.96;5;2016517553840456887;B
20241105;102214;574.96;10;2016517553840456888;B
20241105;102214;574.95;2;2016517553840456889;B
20241105;102214;574.95;20;2016517553840456890;B
20241105;102214;574.96;12;2016517553840456891;B
20241105;102214;574.96;2;2016517553840456892;B
20241105;102214;574.97;25;2016517553840456893;B
20241105;102214;574.97;2;2016517553840456894;B
20241105;102214;574.98;2;2016517553840456895;B
20241105;102214;574.99;2;2016517553840456896;B
20241105;102214;574.99;2;2016517553840456897;B
20241105;102214;574.99;10;2016517553840456898;B
20241105;102214;575;2;2016517553840456899;B
20241105;102214;575;2;2016517553840456900;B
20241105;102214;575;1;2016517553840456901;B
20241105;102214;575;1;2016517553840456902;S
20241105;102218;575;30;2016517553840456903;S
20241105;102219;575;15;2016517553840456904;S
20241105;102219;575;1;2016517553840456905;B
20241105;102221;574.99;1;2016517553840456906;B
20241105;102221;574.99;2;2016517553840456907;B
20241105;102221;574.99;5;2016517553840456908;B
20241105;102223;574.99;7;2016517553840456909;B
20241105;102224;574.99;6;2016517553840456910;B
20241105;102224;575;4;2016517553840456911;B
20241105;102229;574.98;8;2016517553840456912;S
20241105;102229;575;5;2016517553840456913;B
20241105;102232;574.99;2;2016517553840456914;B
20241105;102233;574.99;1;2016517553840456915;B
20241105;102235;574.99;3;2016517553840456916;B
20241105;102237;574.98;5;2016517553840456917;S
20241105;102239;574.99;11;2016517553840456918;B
20241105;102243;574.99;5;2016517553840456919;B
20241105;102243;574.99;2;2016517553840456920;B
20241105;102243;574.99;2;2016517553840456921;S
20241105;102244;574.99;1;2016517553840456923;S
20241105;102245;575;10;2016517553840456927;B
20241105;102247;575;5;2016517553840456928;B
20241105;102247;575;2;2016517553840456929;B
20241105;102250;575;8;2016517553840456930;B
20241105;102250;575;2;2016517553840456931;B
20241105;102250;574.99;2;2016517553840456932;S
20241105;102250;574.99;1;2016517553840456933;S
20241105;102250;574.99;7;2016517553840456934;S
20241105;102250;575;1;2016517553840456935;B
20241105;102251;575;11;2016517553840456936;B
20241105;102254;575;2;2016517553840456937;B
20241105;102254;575;4;2016517553840456938;B
20241105;102254;575;1;2016517553840456939;B
20241105;102254;575;1;2016517553840456944;B
20241105;102259;575.01;4;2016517553840456949;B
20241105;102301;575.01;2;2016517553840456950;B
20241105;102301;575.01;8;2016517553840456951;B
20241105;102304;575.01;5;2016517553840456952;B
20241105;102310;575.01;6;2016517553840456953;B
20241105;102310;575.01;2;2016517553840456954;B
20241105;102310;575.01;2;2016517553840456955;B
20241105;102311;575.01;18;2016517553840456956;B
20241105;102311;575.01;2;2016517553840456957;B
20241105;102311;575.01;25;2016517553840456958;B
20241105;102311;575.02;2;2016517553840456959;B
20241105;102311;575.03;1;2016517553840456960;B
20241105;102311;575.03;2;2016517553840456961;B
20241105;102311;575.04;2;2016517553840456962;B
20241105;102311;575.05;2;2016517553840456963;B
20241105;102311;575.06;2;2016517553840456964;B
20241105;102311;575.06;1;2016517553840456965;B
20241105;102311;575.07;2;2016517553840456966;B
20241105;102311;575.07;1;2016517553840456967;B
20241105;102311;575.08;2;2016517553840456968;B
20241105;102311;575.08;1;2016517553840456969;B
20241105;102311;575.09;2;2016517553840456970;B
20241105;102311;575.09;1;2016517553840456971;B
20241105;102311;575.1;1;2016517553840456972;B
20241105;102311;575.1;2;2016517553840456973;B
20241105;102311;575.11;1;2016517553840456974;B
20241105;102311;575.11;1;2016517553840456975;B
20241105;102311;575.12;1;2016517553840456976;B
20241105;102311;575.12;20;2016517553840456977;B
20241105;102311;575.13;1;2016517553840456978;B
20241105;102311;575.14;1;2016517553840456979;B
20241105;102311;575.14;1;2016517553840456980;B
20241105;102311;575.14;205;2016517553840456981;B
20241105;102311;575.02;1;2016517553840456982;B
20241105;102312;575.02;1;2016517553840456983;B
20241105;102321;575.01;1;2016517553840456985;S
20241105;102324;575.02;1;2016517553840456989;B
20241105;102324;575.02;22;2016517553840456990;B
20241105;102324;575.02;20;2016517553840456991;B
20241105;102326;575.04;2;2016517553840456992;B
20241105;102333;575.04;3;2016517553840456993;B
20241105;102333;575.04;5;2016517553840456994;B
20241105;102334;575.04;1;2016517553840456995;B
20241105;102335;575.04;14;2016517553840456996;B
20241105;102335;575.04;20;2016517553840456997;B
20241105;102335;575.04;2;2016517553840456998;B
20241105;102335;575.04;6;2016517553840456999;B
20241105;102337;575.05;10;2016517553840457000;B
20241105;102338;575.05;1;2016517553840457001;B
20241105;102338;575.05;2;2016517553840457002;B
20241105;102339;575.05;12;2016517553840457003;B
20241105;102339;575.05;14;2016517553840457004;B
20241105;102340;575.05;2;2016517553840457005;B
20241105;102343;575.05;4;2016517553840457006;B
20241105;102343;575.05;1;2016517553840457007;B
20241105;102343;575.05;1;2016517553840457008;B
20241105;102343;575.05;4;2016517553840457009;B
20241105;102344;575.05;6;2016517553840457010;B
20241105;102344;575.05;4;2016517553840457011;B
20241105;102344;575.05;3;2016517553840457012;B
20241105;102344;575.04;1;2016517553840457013;S
20241105;102344;575.04;1;2016517553840457014;S
20241105;102346;575.05;2;2016517553840457015;B
20241105;102349;575.04;1;2016517553840457016;S
20241105;102349;575.04;1;2016517553840457017;S
20241105;102357;575.05;1;2016517553840457018;B
20241105;102400;575.05;4;2016517553840457019;B
20241105;102402;575.05;11;2016517553840457020;B
20241105;102402;575.05;2;2016517553840457021;B
20241105;102402;575.05;7;2016517553840457022;B
20241105;102403;575.05;3;2016517553840457023;B
20241105;102408;575.05;4;2016517553840457024;B
20241105;102412;575.05;6;2016517553840457025;B
20241105;102412;575.05;3;2016517553840457026;B
20241105;102412;575.05;2;2016517553840457027;B
20241105;102414;575.05;14;2016517553840457028;S
20241105;102414;575.05;1;2016517553840457029;S
20241105;102414;575.05;2;2016517553840457030;S
20241105;102414;575.04;1;2016517553840457031;S
20241105;102414;575.04;2;2016517553840457032;S
20241105;102415;575.05;1;2016517553840457033;S
20241105;102416;575.05;1;2016517553840457034;S
20241105;102416;575.04;4;2016517553840457035;S
20241105;102420;575.06;1;2016517553840457036;B
20241105;102422;575.06;1;2016517553840457037;B
20241105;102422;575.06;1;2016517553840457038;B
20241105;102423;575.06;2;2016517553840457039;B
20241105;102426;575.06;11;2016517553840457040;B
20241105;102426;575.06;20;2016517553840457041;B
20241105;102426;575.06;2;2016517553840457042;B
20241105;102426;575.07;2;2016517553840457043;B
20241105;102426;575.07;2;2016517553840457044;B
20241105;102426;575.08;2;2016517553840457045;B
20241105;102426;575.08;1;2016517553840457046;B
20241105;102427;575.06;1;2016517553840457047;S
20241105;102429;575.06;2;2016517553840457048;S
20241105;102429;575.06;1;2016517553840457049;S
20241105;102437;575.06;4;2016517553840457050;B
20241105;102437;575.05;11;2016517553840457051;S
20241105;102437;575.04;9;2016517553840457052;S
20241105;102437;575.06;2;2016517553840457053;B
20241105;102439;575.04;9;2016517553840457054;S
20241105;102439;575.04;1;2016517553840457055;S
20241105;102439;575.04;2;2016517553840457056;S
20241105;102439;575.04;4;2016517553840457057;S
20241105;102439;575.04;10;2016517553840457058;S
20241105;102439;575.03;3;2016517553840457059;S
20241105;102439;575.03;10;2016517553840457060;S
20241105;102439;575.02;11;2016517553840457061;S
20241105;102451;575.05;2;2016517553840457062;B
20241105;102451;575.05;1;2016517553840457063;B
20241105;102451;575.04;1;2016517553840457064;S
20241105;102451;575.02;4;2016517553840457065;S
20241105;102451;575.02;2;2016517553840457066;S
20241105;102451;575;1;2016517553840457067;S
20241105;102451;575;1;2016517553840457068;S
20241105;102451;574.99;3;2016517553840457069;S
20241105;102451;574.99;1;2016517553840457070;S
20241105;102451;574.98;3;2016517553840457071;S
20241105;102451;574.98;25;2016517553840457072;S
20241105;102453;574.98;5;2016517553840457073;B
20241105;102457;574.98;1;2016517553840457074;B
20241105;102500;574.97;1;2016517553840457075;S
20241105;102500;574.97;1;2016517553840457076;B
20241105;102500;574.97;2;2016517553840457077;B
20241105;102500;574.97;12;2016517553840457078;B
20241105;102501;574.95;1;2016517553840457079;S
20241105;102501;574.95;1;2016517553840457080;S
20241105;102501;574.95;1;2016517553840457085;S
20241105;102508;574.91;2;2016517553840457090;B
20241105;102510;574.91;4;2016517553840457091;B
20241105;102519;574.86;2;2016517553840457092;S
20241105;102519;574.86;8;2016517553840457093;S
20241105;102519;574.86;10;2016517553840457094;S
20241105;102519;574.86;7;2016517553840457095;S
20241105;102519;574.85;2;2016517553840457096;S
20241105;102519;574.85;1;2016517553840457097;S
20241105;102519;574.85;1;2016517553840457098;S
20241105;102519;574.85;9;2016517553840457099;S
20241105;102519;574.85;10;2016517553840457100;S
20241105;102519;574.85;10;2016517553840457101;S
20241105;102523;574.85;3;2016517553840457102;S
20241105;102523;574.85;2;2016517553840457103;S
20241105;102523;574.84;2;2016517553840457104;S
20241105;102523;574.82;2;2016517553840457105;S
20241105;102523;574.82;8;2016517553840457106;S
20241105;102523;574.82;10;2016517553840457107;S
20241105;102523;574.82;3;2016517553840457108;S
20241105;102523;574.82;2;2016517553840457109;S
20241105;102523;574.81;5;2016517553840457110;S
20241105;102523;574.81;2;2016517553840457111;S
20241105;102523;574.81;8;2016517553840457112;S
20241105;102534;574.81;2;2016517553840457113;S
20241105;102534;574.81;1;2016517553840457114;S
20241105;102534;574.8;1;2016517553840457115;S
20241105;102534;574.8;2;2016517553840457116;S
20241105;102534;574.8;14;2016517553840457117;S
20241105;102536;574.83;1;2016517553840457118;B
20241105;102542;574.81;1;2016517553840457119;B
20241105;102542;574.81;1;2016517553840457120;B
20241105;102546;574.81;19;2016517553840457121;B
20241105;102546;574.81;1;2016517553840457122;B
20241105;102554;574.85;2;2016517553840457123;B
20241105;102555;574.85;3;2016517553840457124;B
20241105;102555;574.85;1;2016517553840457125;B
20241105;102556;574.85;2;2016517553840457126;B
20241105;102558;574.85;2;2016517553840457127;B
20241105;102601;574.85;10;2016517553840457128;B
20241105;102603;574.86;1;2016517553840457129;B
20241105;102605;574.86;3;2016517553840457130;B
20241105;102607;574.86;3;2016517553840457131;B
20241105;102614;574.86;1;2016517553840457132;B
20241105;102614;574.86;3;2016517553840457133;B
20241105;102634;574.87;5;2016517553840457134;B
20241105;102637;574.87;1;2016517553840457135;B
20241105;102647;574.87;1;2016517553840457136;B
20241105;102652;574.86;10;2016517553840457137;S
20241105;102658;574.87;10;2016517553840457138;B
20241105;102705;574.88;1;2016517553840457139;B
20241105;102708;574.87;1;2016517553840457140;S
20241105;102715;574.87;15;2016517553840457141;S
20241105;102715;574.87;1;2016517553840457142;S
20241105;102715;574.87;2;2016517553840457143;S
20241105;102715;574.87;1;2016517553840457144;S
20241105;102715;574.86;1;2016517553840457145;S
20241105;102735;574.9;2;2016517553840457146;S
20241105;102735;574.9;1;2016517553840457147;S
20241105;102735;574.89;7;2016517553840457148;S
20241105;102740;574.91;10;2016517553840457149;B
20241105;102740;574.9;1;2016517553840457150;S
20241105;102740;574.9;2;2016517553840457151;S
20241105;102740;574.89;2;2016517553840457152;S
20241105;102740;574.89;1;2016517553840457153;S
20241105;102740;574.89;2;2016517553840457154;S
20241105;102749;574.89;4;2016517553840457155;B
20241105;102750;574.89;2;2016517553840457156;B
20241105;102756;574.89;3;2016517553840457157;B
20241105;102758;574.89;1;2016517553840457158;B
20241105;102802;574.88;2;2016517553840457159;S
20241105;102802;574.88;1;2016517553840457160;S
20241105;102802;574.88;7;2016517553840457161;S
20241105;102805;574.88;3;2016517553840457162;S
20241105;102805;574.87;3;2016517553840457163;S
20241105;102805;574.87;4;2016517553840457164;S
20241105;102806;574.87;1;2016517553840457166;S
20241105;102806;574.88;2;2016517553840457167;B
20241105;102806;574.88;8;2016517553840457168;B
20241105;102813;574.87;2;2016517553840457169;S
20241105;102813;574.86;1;2016517553840457170;S
20241105;102813;574.86;1;2016517553840457171;S
20241105;102813;574.86;6;2016517553840457172;S
20241105;102814;574.88;5;2016517553840457174;B
20241105;102819;574.88;5;2016517553840457175;B
20241105;102821;574.88;2;2016517553840457176;B
20241105;102829;574.89;2;2016517553840457177;B
20241105;102840;574.92;1;2016517553840457182;B
20241105;102844;574.88;1;2016517553840457183;S
20241105;102844;574.88;5;2016517553840457184;S
20241105;102849;574.87;2;2016517553840457185;B
20241105;102851;574.87;2;2016517553840457186;B
20241105;102901;574.86;1;2016517553840457187;S
20241105;102916;574.86;6;2016517553840457188;S
20241105;102916;574.86;4;2016517553840457189;S
20241105;102921;574.86;1;2016517553840457190;S
20241105;102921;574.85;1;2016517553840457191;S
20241105;102921;574.85;1;2016517553840457192;S
20241105;102934;574.86;1;2016517553840457193;B
20241105;102934;574.82;1;2016517553840457194;S
20241105;102934;574.79;3;2016517553840457195;S
20241105;103002;574.81;2;2016517553840457196;B
20241105;103005;574.81;10;2016517553840457197;B
20241105;103009;574.81;1;2016517553840457199;B
20241105;103010;574.8;10;2016517553840457203;S
20241105;103013;574.8;1;2016517553840457204;B
20241105;103019;574.8;1;2016517553840457205;B
20241105;103019;574.8;2;2016517553840457206;B
20241105;103019;574.8;2;2016517553840457207;B
20241105;103021;574.8;18;2016517553840457208;B
20241105;103021;574.8;1;2016517553840457209;B
20241105;103026;574.8;20;2016517553840457210;S
20241105;103029;574.8;2;2016517553840457211;S
20241105;103031;574.8;1;2016517553840457212;S
20241105;103033;574.8;1;2016517553840457213;S
20241105;103035;574.81;2;2016517553840457214;B
20241105;103035;574.81;2;2016517553840457215;B
20241105;103035;574.81;6;2016517553840457216;B
20241105;103035;574.79;4;2016517553840457217;S
20241105;103035;574.78;1;2016517553840457218;S
20241105;103035;574.78;3;2016517553840457219;S
20241105;103040;574.79;2;2016517553840457220;B
20241105;103040;574.79;3;2016517553840457221;B
20241105;103041;574.79;1;2016517553840457222;B
20241105;103041;574.79;4;2016517553840457223;B
20241105;103047;574.76;1;2016517553840457224;S
20241105;103051;574.77;1;2016517553840457225;B
20241105;103051;574.77;4;2016517553840457226;B
20241105;103053;574.76;1;2016517553840457227;B
20241105;103109;574.76;1;2016517553840457228;B
20241105;103111;574.76;10;2016517553840457229;B
20241105;103125;574.75;4;2016517553840457230;S
20241105;103125;574.75;6;2016517553840457231;S
20241105;103136;574.75;14;2016517553840457232;S
20241105;103136;574.75;10;2016517553840457233;S
20241105;103136;574.75;1;2016517553840457234;S
20241105;103136;574.74;1;2016517553840457235;S
20241105;103143;574.73;1;2016517553840457236;B
20241105;103143;574.73;2;2016517553840457237;B
20241105;103143;574.74;1;2016517553840457238;B
20241105;103143;574.74;1;2016517553840457239;B
20241105;103146;574.73;1;2016517553840457240;B
20241105;103146;574.73;1;2016517553840457241;B
20241105;103146;574.74;6;2016517553840457242;B
20241105;103156;574.73;1;2016517553840457243;B
20241105;103207;574.75;1;2016517553840457244;B
20241105;103207;574.75;1;2016517553840457245;B
20241105;103207;574.75;7;2016517553840457246;B
20241105;103231;574.76;5;2016517553840457247;B
20241105;103232;574.76;10;2016517553840457248;B
20241105;103254;574.76;2;2016517553840457249;B
20241105;103300;574.75;2;2016517553840457250;B
20241105;103301;574.75;2;2016517553840457251;B
20241105;103302;574.73;2;2016517553840457252;S
20241105;103302;574.7;1;2016517553840457253;S
20241105;103302;574.7;3;2016517553840457254;S
20241105;103302;574.69;1;2016517553840457255;S
20241105;103302;574.68;10;2016517553840457256;S
20241105;103302;574.68;2;2016517553840457257;S
20241105;103329;574.67;1;2016517553840457258;S
20241105;103329;574.66;2;2016517553840457259;S
20241105;103329;574.66;45;2016517553840457260;S
20241105;103329;574.65;1;2016517553840457261;S
20241105;103329;574.65;1;2016517553840457262;S
20241105;103329;574.67;1;2016517553840457263;B
20241105;103330;574.67;3;2016517553840457264;B
20241105;103335;574.65;1;2016517553840457266;S
20241105;103335;574.65;4;2016517553840457271;S
20241105;103339;574.65;1;2016517553840457275;S
20241105;103341;574.66;4;2016517553840457276;B
20241105;103345;574.65;2;2016517553840457277;S
20241105;103350;574.66;1;2016517553840457278;B
20241105;103353;574.66;2;2016517553840457279;B
20241105;103358;574.65;2;2016517553840457280;S
20241105;103420;574.66;1;2016517553840457281;B
20241105;103431;574.66;1;2016517553840457282;B
20241105;103436;574.66;20;2016517553840457283;B
20241105;103444;574.65;7;2016517553840457284;S
20241105;103444;574.65;2;2016517553840457285;S
20241105;103444;574.65;2;2016517553840457286;S
20241105;103444;574.65;1;2016517553840457287;S
20241105;103444;574.65;1;2016517553840457288;S
20241105;103444;574.64;1;2016517553840457289;S
20241105;103444;574.64;2;2016517553840457290;S
20241105;103444;574.64;2;2016517553840457291;S
20241105;103444;574.64;2;2016517553840457292;S
20241105;103451;574.65;2;2016517553840457294;S
20241105;103451;574.65;1;2016517553840457299;S
20241105;103451;574.65;1;2016517553840457304;S
20241105;103531;574.64;2;2016517553840457308;S
20241105;103531;574.64;2;2016517553840457309;S
20241105;103542;574.66;3;2016517553840457310;B
20241105;103545;574.66;3;2016517553840457311;B
20241105;103545;574.67;1;2016517553840457312;B
20241105;103545;574.67;2;2016517553840457313;B
20241105;103545;574.7;1;2016517553840457314;B
20241105;103545;574.73;13;2016517553840457315;B
20241105;103551;574.65;1;2016517553840457316;S
20241105;103552;574.73;1;2016517553840457317;B
20241105;103601;574.73;1;2016517553840457318;B
20241105;103603;574.65;1;2016517553840457319;S
20241105;103605;574.65;1;2016517553840457320;S
20241105;103605;574.65;2;2016517553840457321;S
20241105;103605;574.65;1;2016517553840457322;S
20241105;103605;574.65;3;2016517553840457323;S
20241105;103605;574.64;2;2016517553840457324;S
20241105;103605;574.64;2;2016517553840457325;S
20241105;103605;574.64;1;2016517553840457326;S
20241105;103605;574.64;1;2016517553840457327;S
20241105;103605;574.64;20;2016517553840457328;S
20241105;103605;574.63;2;2016517553840457329;S
20241105;103605;574.63;2;2016517553840457330;S
20241105;103605;574.63;2;2016517553840457331;S
20241105;103605;574.63;1;2016517553840457332;S
20241105;103605;574.63;1;2016517553840457333;S
20241105;103605;574.62;2;2016517553840457334;S
20241105;103605;574.62;2;2016517553840457335;S
20241105;103605;574.62;1;2016517553840457336;S
20241105;103605;574.62;1;2016517553840457337;S
20241105;103605;574.61;1;2016517553840457338;S
20241105;103605;574.61;2;2016517553840457339;S
20241105;103605;574.61;2;2016517553840457340;S
20241105;103605;574.61;1;2016517553840457341;S
20241105;103605;574.61;1;2016517553840457342;S
20241105;103605;574.61;300;2016517553840457343;S
20241105;103605;574.61;10;2016517553840457344;S
20241105;103607;574.61;1;2016517553840457345;B
20241105;103611;574.6;1;2016517553840457346;S
20241105;103618;574.6;1;2016517553840457347;S
20241105;103621;574.61;3;2016517553840457348;B
20241105;103624;574.6;1;2016517553840457349;S
20241105;103624;574.6;2;2016517553840457350;S
20241105;103624;574.6;2;2016517553840457351;S
20241105;103624;574.59;2;2016517553840457352;S
20241105;103624;574.59;8;2016517553840457353;S
20241105;103624;574.59;2;2016517553840457354;S
20241105;103624;574.58;1;2016517553840457355;S
20241105;103624;574.59;2;2016517553840457356;S
20241105;103624;574.59;2;2016517553840457357;S
20241105;103624;574.59;2;2016517553840457358;S
20241105;103625;574.58;1;2016517553840457359;S
20241105;103625;574.6;1;2016517553840457360;B
20241105;103629;574.58;1;2016517553840457361;S
20241105;103629;574.58;2;2016517553840457362;S
20241105;103649;574.59;1;2016517553840457366;S
20241105;103653;574.58;1;2016517553840457367;S
20241105;103653;574.58;1;2016517553840457368;S
20241105;103653;574.57;2;2016517553840457369;S
20241105;103653;574.56;1;2016517553840457370;S
20241105;103721;574.56;1;2016517553840457371;S
20241105;103726;574.58;2;2016517553840457372;B
20241105;103726;574.56;1;2016517553840457373;S
20241105;103731;574.55;2;2016517553840457374;S
20241105;103734;574.55;2;2016517553840457375;S
20241105;103736;574.55;1;2016517553840457376;S
20241105;103736;574.55;1;2016517553840457377;S
20241105;103736;574.55;2;2016517553840457378;S
20241105;103736;574.55;2;2016517553840457379;S
20241105;103738;574.54;4;2016517553840457380;S
20241105;103738;574.52;4;2016517553840457381;S
20241105;103738;574.52;2;2016517553840457382;S
20241105;103738;574.51;2;2016517553840457383;S
20241105;103738;574.5;7;2016517553840457384;S
20241105;103738;574.5;10;2016517553840457385;S
20241105;103738;574.5;4;2016517553840457386;S
20241105;103738;574.5;20;2016517553840457387;S
20241105;103738;574.5;10;2016517553840457388;S
20241105;103738;574.5;1;2016517553840457389;S
20241105;103738;574.5;2;2016517553840457390;S
20241105;103738;574.49;4;2016517553840457391;S
20241105;103738;574.49;2;2016517553840457392;S
20241105;103738;574.48;2;2016517553840457393;S
20241105;103738;574.48;2;2016517553840457394;S
20241105;103738;574.49;2;2016517553840457395;S
20241105;103749;574.46;2;2016517553840457396;S
20241105;103749;574.45;1;2016517553840457397;S
20241105;103749;574.45;2;2016517553840457398;S
20241105;103749;574.44;2;2016517553840457399;S
20241105;103749;574.43;2;2016517553840457400;S
20241105;103749;574.43;1;2016517553840457401;S
20241105;103749;574.43;2;2016517553840457402;S
20241105;103749;574.42;1;2016517553840457403;S
20241105;103749;574.42;2;2016517553840457404;S
20241105;103749;574.41;2;2016517553840457405;S
20241105;103749;574.4;1;2016517553840457406;S
20241105;103749;574.4;2;2016517553840457407;S
20241105;103749;574.39;10;2016517553840457408;S
20241105;103749;574.39;2;2016517553840457409;S
20241105;103749;574.38;25;2016517553840457410;S
20241105;103749;574.38;2;2016517553840457411;S
20241105;103749;574.38;2;2016517553840457412;S
20241105;103749;574.38;17;2016517553840457413;S
20241105;103749;574.37;22;2016517553840457414;S
20241105;103749;574.37;3;2016517553840457415;S
20241105;103749;574.37;2;2016517553840457416;S
20241105;103749;574.37;2;2016517553840457417;S
20241105;103749;574.36;25;2016517553840457418;S
20241105;103749;574.36;2;2016517553840457419;S
20241105;103749;574.35;25;2016517553840457420;S
20241105;103749;574.35;2;2016517553840457421;S
20241105;103749;574.34;1;2016517553840457422;S
20241105;103749;574.34;25;2016517553840457423;S
20241105;103749;574.34;2;2016517553840457424;S
20241105;103749;574.33;11;2016517553840457425;S
20241105;103749;574.33;14;2016517553840457426;S
20241105;103749;574.33;2;2016517553840457427;S
20241105;103749;574.32;25;2016517553840457428;S
20241105;103749;574.32;25;2016517553840457429;S
20241105;103749;574.32;2;2016517553840457430;S
20241105;103749;574.32;32;2016517553840457431;S
20241105;103749;574.32;100;2016517553840457432;S
20241105;103749;574.32;100;2016517553840457433;S
20241105;103749;574.32;68;2016517553840457434;S
20241105;103749;574.31;14;2016517553840457435;S
20241105;103750;574.25;1;2016517553840457436;S
20241105;103754;574.25;5;2016517553840457437;S
20241105;103800;574.26;1;2016517553840457438;S
20241105;103809;574.25;1;2016517553840457439;S
20241105;103809;574.27;1;2016517553840457440;B
20241105;103809;574.27;1;2016517553840457441;B
20241105;103813;574.25;20;2016517553840457442;S
20241105;103848;574.25;15;2016517553840457443;S
20241105;103848;574.25;2;2016517553840457444;S
20241105;103848;574.25;5;2016517553840457445;S
20241105;103848;574.25;2;2016517553840457446;S
20241105;103848;574.24;1;2016517553840457447;S
20241105;103858;574.27;1;2016517553840457449;B
20241105;103909;574.26;2;2016517553840457450;S
20241105;103909;574.26;2;2016517553840457451;S
20241105;103909;574.26;2;2016517553840457452;S
20241105;103909;574.26;2;2016517553840457453;S
20241105;103909;574.26;2;2016517553840457454;S
20241105;103909;574.26;2;2016517553840457455;S
20241105;103909;574.26;2;2016517553840457456;S
20241105;103909;574.26;2;2016517553840457457;S
20241105;103909;574.25;1;2016517553840457458;S
20241105;103909;574.25;2;2016517553840457459;S
20241105;103909;574.24;2;2016517553840457460;S
20241105;103909;574.23;28;2016517553840457461;S
20241105;103909;574.23;5;2016517553840457462;S
20241105;103909;574.23;2;2016517553840457463;S
20241105;103909;574.22;1;2016517553840457464;S
20241105;103909;574.22;2;2016517553840457465;S
20241105;103909;574.21;2;2016517553840457466;S
20241105;103909;574.2;1;2016517553840457467;S
20241105;103909;574.2;2;2016517553840457468;S
20241105;103909;574.2;10;2016517553840457469;S
20241105;103909;574.19;2;2016517553840457470;S
20241105;103909;574.19;2;2016517553840457471;S
20241105;103909;574.18;2;2016517553840457472;S
20241105;103909;574.18;2;2016517553840457473;S
20241105;103909;574.18;1;2016517553840457474;S
20241105;103909;574.17;2;2016517553840457475;S
20241105;103909;574.17;1;2016517553840457476;S
20241105;103909;574.17;2;2016517553840457477;S
20241105;103909;574.16;2;2016517553840457478;S
20241105;103909;574.16;1;2016517553840457479;S
20241105;103909;574.16;2;2016517553840457480;S
20241105;103909;574.15;2;2016517553840457481;S
20241105;103909;574.15;1;2016517553840457482;S
20241105;103909;574.15;1;2016517553840457483;S
20241105;103909;574.14;5;2016517553840457484;S
20241105;103909;574.14;1;2016517553840457485;S
20241105;103909;574.14;2;2016517553840457486;S
20241105;103909;574.14;1;2016517553840457487;S
20241105;103909;574.14;10;2016517553840457488;S
20241105;103909;574.14;100;2016517553840457489;S
20241105;103909;574.14;100;2016517553840457490;S
20241105;103909;574.14;90;2016517553840457491;S
20241105;103909;574.13;1;2016517553840457492;S
20241105;103909;574.13;2;2016517553840457493;S
20241105;103909;574.13;1;2016517553840457494;S
20241105;103909;574.12;2;2016517553840457495;S
20241105;103909;574.12;1;2016517553840457496;S
20241105;103909;574.11;3;2016517553840457497;S
20241105;103909;574.11;16;2016517553840457498;S
20241105;103909;574.11;1;2016517553840457499;S
20241105;103909;574.11;2;2016517553840457500;S
20241105;103909;574.1;5;2016517553840457501;S
20241105;103909;574.1;4;2016517553840457502;S
20241105;103909;574.1;1;2016517553840457503;S
20241105;103909;574.1;1;2016517553840457504;S
20241105;103909;574.1;2;2016517553840457505;S
20241105;103909;574.09;1;2016517553840457506;S
20241105;103909;574.09;2;2016517553840457507;S
20241105;103909;574.09;31;2016517553840457508;S
20241105;103914;574.1;1;2016517553840457509;B
20241105;103917;574.07;2;2016517553840457510;S
20241105;103917;574.07;1;2016517553840457511;S
20241105;103918;574.07;2;2016517553840457512;S
20241105;103918;574.07;2;2016517553840457513;S
20241105;103920;574.06;4;2016517553840457514;S
20241105;103923;574.07;2;2016517553840457515;S
20241105;103923;574.07;1;2016517553840457516;S
20241105;103923;574.07;2;2016517553840457517;S
20241105;103944;574.08;1;2016517553840457518;B
20241105;103944;574.09;2;2016517553840457519;B
20241105;103956;574.08;1;2016517553840457520;S
20241105;104021;574.1;1;2016517553840457521;B
20241105;104021;574.06;1;2016517553840457522;S
20241105;104025;574.07;1;2016517553840457523;S
20241105;104046;574.14;2;2016517553840457525;B
20241105;104046;574.14;1;2016517553840457526;B
20241105;104046;574.15;2;2016517553840457527;B
20241105;104046;574.15;1;2016517553840457528;B
20241105;104046;574.15;100;2016517553840457529;B
20241105;104046;574.15;47;2016517553840457530;B
20241105;104049;574.09;2;2016517553840457531;S
20241105;104049;574.09;1;2016517553840457532;S
20241105;104049;574.09;1;2016517553840457533;S
20241105;104049;574.08;1;2016517553840457534;S
20241105;104049;574.08;2;2016517553840457535;S
20241105;104049;574.08;1;2016517553840457536;S
20241105;104049;574.08;7;2016517553840457537;S
20241105;104057;574.15;2;2016517553840457538;B
20241105;104135;574.13;2;2016517553840457539;B
20241105;104135;574.13;20;2016517553840457540;B
20241105;104135;574.13;1;2016517553840457541;B
20241105;104135;574.13;3;2016517553840457542;B
20241105;104135;574.13;2;2016517553840457543;B
20241105;104143;574.14;2;2016517553840457544;B
20241105;104143;574.14;1;2016517553840457545;B
20241105;104143;574.14;2;2016517553840457546;B
20241105;104143;574.14;5;2016517553840457547;B
20241105;104147;574.14;5;2016517553840457548;B
20241105;104220;574.13;1;2016517553840457549;S
20241105;104226;574.14;9;2016517553840457550;B
20241105;104236;574.14;6;2016517553840457551;B
20241105;104236;574.14;2;2016517553840457552;B
20241105;104236;574.14;2;2016517553840457553;B
20241105;104236;574.15;10;2016517553840457554;B
20241105;104247;574.14;2;2016517553840457555;B
20241105;104247;574.14;20;2016517553840457556;B
20241105;104247;574.15;41;2016517553840457557;B
20241105;104247;574.15;2;2016517553840457558;B
20241105;104247;574.15;25;2016517553840457559;B
20241105;104247;574.15;10;2016517553840457560;B
20241105;104317;574.14;1;2016517553840457564;S
20241105;104317;574.14;1;2016517553840457569;S
20241105;104401;574.14;1;2016517553840457573;B
20241105;104401;574.14;2;2016517553840457578;B
20241105;104408;574.14;2;2016517553840457579;B
20241105;104434;574.14;2;2016517553840457580;S
20241105;104458;574.15;30;2016517553840457581;B
20241105;104519;574.15;10;2016517553840457582;B
20241105;104532;574.15;2;2016517553840457583;B
20241105;104533;574.15;8;2016517553840457584;B
20241105;104536;574.15;1;2016517553840457586;B
20241105;104539;574.14;4;2016517553840457590;S
20241105;104539;574.14;3;2016517553840457591;S
20241105;104606;574.15;3;2016517553840457592;B
20241105;104622;574.15;10;2016517553840457593;B
20241105;104626;574.15;4;2016517553840457594;B
20241105;104638;574.15;5;2016517553840457595;B
20241105;104713;574.15;1;2016517553840457596;B
20241105;104715;574.15;1;2016517553840457597;B
20241105;104716;574.15;1;2016517553840457598;B
20241105;104717;574.15;1;2016517553840457599;B
20241105;104719;574.15;1;2016517553840457600;B
20241105;104730;574.15;12;2016517553840457601;B
20241105;104730;574.15;1;2016517553840457602;B
20241105;104730;574.15;20;2016517553840457603;B
20241105;104742;574.15;20;2016517553840457604;B
20241105;104743;574.15;1;2016517553840457605;B
20241105;104746;574.15;1;2016517553840457606;B
20241105;104759;574.15;20;2016517553840457607;B
20241105;104803;574.14;1;2016517553840457608;S
20241105;104816;574.15;1;2016517553840457609;B
20241105;104849;574.15;4;2016517553840457610;B
20241105;104903;574.15;7;2016517553840457611;B
20241105;104905;574.14;1;2016517553840457613;S
20241105;104920;574.15;2;2016517553840457614;B
20241105;104936;574.15;1;2016517553840457615;B
20241105;104954;574.14;1;2016517553840457616;S
20241105;104954;574.14;1;2016517553840457617;S
20241105;105013;574.14;1;2016517553840457618;S
20241105;105013;574.14;1;2016517553840457619;S
20241105;105013;574.14;1;2016517553840457624;S
20241105;105035;574.14;1;2016517553840457629;B
20241105;105035;574.14;2;2016517553840457630;B
20241105;105035;574.14;17;2016517553840457631;B
20241105;105047;574.14;2;2016517553840457632;B
20241105;105047;574.14;6;2016517553840457633;B
20241105;105050;574.14;2;2016517553840457635;B
20241105;105053;574.13;1;2016517553840457637;S
20241105;105106;574.13;4;2016517553840457641;S
20241105;105106;574.13;1;2016517553840457642;S
20241105;105112;574.14;4;2016517553840457643;B
20241105;105115;574.13;4;2016517553840457644;S
20241105;105115;574.13;1;2016517553840457645;S
20241105;105115;574.12;1;2016517553840457646;S
20241105;105115;574.11;4;2016517553840457647;S
20241105;105115;574.11;1;2016517553840457648;S
20241105;105115;574.1;1;2016517553840457649;S
20241105;105115;574.1;1;2016517553840457650;S
20241105;105115;574.08;1;2016517553840457651;S
20241105;105115;574.08;1;2016517553840457652;S
20241105;105115;574.06;5;2016517553840457653;S
20241105;105128;574.1;2;2016517553840457654;B
20241105;105128;574.1;1;2016517553840457655;B
20241105;105128;574.1;5;2016517553840457656;B
20241105;105135;574.07;2;2016517553840457657;S
20241105;105135;574.07;2;2016517553840457658;S
20241105;105135;574.06;1;2016517553840457659;S
20241105;105200;574.1;5;2016517553840457660;S
20241105;105201;574.12;3;2016517553840457661;B
20241105;105234;574.15;8;2016517553840457662;B
20241105;105239;574.11;1;2016517553840457663;S
20241105;105255;574.15;20;2016517553840457664;B
20241105;105259;574.15;15;2016517553840457665;B
20241105;105259;574.15;20;2016517553840457666;B
20241105;105259;574.15;15;2016517553840457667;B
20241105;105309;574.15;20;2016517553840457668;B
20241105;105325;574.12;2;2016517553840457670;S
20241105;105325;574.11;2;2016517553840457671;S
20241105;105325;574.11;2;2016517553840457672;S
20241105;105325;574.11;2;2016517553840457673;S
20241105;105325;574.11;2;2016517553840457674;S
20241105;105325;574.1;13;2016517553840457675;S
20241105;105325;574.1;2;2016517553840457676;S
20241105;105325;574.1;2;2016517553840457677;S
20241105;105325;574.1;2;2016517553840457678;S
20241105;105330;574.1;10;2016517553840457679;B
20241105;105340;574.1;10;2016517553840457680;B
20241105;105340;574.1;6;2016517553840457681;B
20241105;105400;574.15;2;2016517553840457682;B
20241105;105454;574.14;2;2016517553840457684;S
20241105;105454;574.14;1;2016517553840457685;S
20241105;105454;574.14;10;2016517553840457686;S
20241105;105454;574.14;1;2016517553840457687;S
20241105;105456;574.15;4;2016517553840457688;B
20241105;105556;574.15;22;2016517553840457707;B
20241105;105601;574.15;1;2016517553840457708;B
20241105;105608;574.14;10;2016517553840457709;S
20241105;105640;574.15;2;2016517553840457710;B
20241105;105642;574.14;1;2016517553840457711;S
20241105;105645;574.15;2;2016517553840457712;B
20241105;105650;574.14;1;2016517553840457713;S
20241105;105702;574.15;32;2016517553840457714;B
20241105;105702;574.15;18;2016517553840457715;B
20241105;105725;574.15;3;2016517553840457716;B
20241105;105737;574.15;10;2016517553840457717;B
20241105;105750;574.15;3;2016517553840457718;B
20241105;105811;574.15;1;2016517553840457719;B
20241105;105811;574.15;3;2016517553840457720;B
20241105;105821;574.14;1;2016517553840457721;S
20241105;105854;574.15;2;2016517553840457722;B
20241105;105900;574.14;1;2016517553840457724;S
20241105;105901;574.15;21;2016517553840457728;B
20241105;105912;574.14;1;2016517553840457729;S
20241105;105917;574.15;1;2016517553840457731;B
20241105;105917;574.15;1;2016517553840457736;B
20241105;105925;574.14;2;2016517553840457740;S
20241105;105930;574.15;1;2016517553840457742;B
20241105;105941;574.14;1;2016517553840457746;S
20241105;110029;574.14;1;2016517553840457747;S
20241105;110033;574.14;2;2016517553840457748;S
20241105;110037;574.14;1;2016517553840457750;B
20241105;110037;574.14;1;2016517553840457751;B
20241105;110037;574.14;1;2016517553840457752;B
20241105;110037;574.14;2;2016517553840457753;B
20241105;110037;574.14;1;2016517553840457754;B
20241105;110059;574.14;2;2016517553840457755;B
20241105;110107;574.15;36;2016517553840457756;B
20241105;110154;574.15;10;2016517553840457758;B
20241105;110215;574.15;1;2016517553840457759;B
20241105;110216;574.14;2;2016517553840457760;S
20241105;110216;574.14;2;2016517553840457761;S
20241105;110353;574.13;2;2016517553840457762;S
20241105;110353;574.13;13;2016517553840457763;S
20241105;110400;574.12;12;2016517553840457764;S
20241105;110431;574.13;2;2016517553840457765;S
20241105;110431;574.13;5;2016517553840457766;S
20241105;110441;574.15;39;2016517553840457767;B
20241105;110441;574.15;1;2016517553840457768;B
20241105;110451;574.16;1;2016517553840457770;B
20241105;110451;574.16;1;2016517553840457774;B
20241105;110508;574.15;2;2016517553840457775;B
20241105;110508;574.16;3;2016517553840457776;B
20241105;110508;574.16;2;2016517553840457777;B
20241105;110519;574.16;3;2016517553840457778;S
20241105;110522;574.13;1;2016517553840457779;S
20241105;110531;574.13;1;2016517553840457781;S
20241105;110531;574.15;1;2016517553840457782;S
20241105;110531;574.17;2;2016517553840457783;B
20241105;110531;574.17;2;2016517553840457784;B
20241105;110531;574.17;1;2016517553840457785;B
20241105;110554;574.15;2;2016517553840457786;B
20241105;110554;574.15;2;2016517553840457787;B
20241105;110554;574.15;6;2016517553840457788;B
20241105;110619;574.15;2;2016517553840457789;B
20241105;110619;574.15;2;2016517553840457790;B
20241105;110619;574.15;1;2016517553840457791;B
20241105;110626;574.13;2;2016517553840457792;B
20241105;110626;574.13;8;2016517553840457793;B
20241105;110648;574.13;12;2016517553840457794;B
20241105;110648;574.13;2;2016517553840457795;B
20241105;110648;574.13;14;2016517553840457796;B
20241105;110648;574.13;2;2016517553840457797;B
20241105;110703;574.15;1;2016517553840457798;B
20241105;110721;574.15;1;2016517553840457799;B
20241105;110721;574.15;2;2016517553840457800;B
20241105;110721;574.15;20;2016517553840457801;B
20241105;110721;574.15;17;2016517553840457802;B
20241105;110755;574.16;2;2016517553840457803;B
20241105;110755;574.16;2;2016517553840457804;B
20241105;110755;574.16;1;2016517553840457805;B
20241105;110755;574.16;5;2016517553840457810;B
20241105;110755;574.12;1;2016517553840457811;S
20241105;110806;574.1;3;2016517553840457812;S
20241105;110818;574.1;1;2016517553840457813;S
20241105;110818;574.1;1;2016517553840457818;S
20241105;110818;574.1;1;2016517553840457823;S
20241105;110818;574.1;1;2016517553840457828;S
20241105;110818;574.1;1;2016517553840457833;S
20241105;110818;574.09;1;2016517553840457838;S
20241105;110818;574.06;1;2016517553840457843;S
20241105;110819;574.06;1;2016517553840457844;S
20241105;110846;574.15;1;2016517553840457845;B
20241105;110905;574.07;2;2016517553840457846;S
20241105;110905;574.07;2;2016517553840457847;S
20241105;110905;574.07;1;2016517553840457848;S
20241105;110905;574.07;1;2016517553840457849;S
20241105;110905;574.06;1;2016517553840457850;S
20241105;110905;574.06;3;2016517553840457851;S
20241105;111003;574.07;1;2016517553840457852;S
20241105;111003;574.07;1;2016517553840457853;S
20241105;111006;574.06;3;2016517553840457854;S
20241105;111006;574.06;2;2016517553840457855;S
20241105;111006;574.06;2;2016517553840457856;S
20241105;111006;574.06;4;2016517553840457857;S
20241105;111007;574.06;4;2016517553840457858;S
20241105;111009;574.09;1;2016517553840457859;B
20241105;111010;574.04;1;2016517553840457860;S
20241105;111105;574.02;2;2016517553840457861;S
20241105;111105;574.02;1;2016517553840457862;S
20241105;111105;574.01;1;2016517553840457863;S
20241105;111105;574.01;1;2016517553840457864;S
20241105;111105;574.01;2;2016517553840457865;S
20241105;111105;574.01;1;2016517553840457866;S
20241105;111105;574;6;2016517553840457867;S
20241105;111105;574;3;2016517553840457868;S
20241105;111105;574;1;2016517553840457869;S
20241105;111105;574;12;2016517553840457870;S
20241105;111158;574.03;2;2016517553840457871;B
20241105;111204;574.01;1;2016517553840457872;S
20241105;111205;574.01;1;2016517553840457873;S
20241105;111215;574.01;1;2016517553840457874;S
20241105;111215;574.01;1;2016517553840457875;S
20241105;111215;574.01;1;2016517553840457876;S
20241105;111216;574.01;1;2016517553840457877;S
20241105;111217;574.03;5;2016517553840457878;B
20241105;111307;574.02;1;2016517553840457879;S
20241105;111312;574.02;8;2016517553840457880;S
20241105;111317;574.02;1;2016517553840457881;S
20241105;111317;574.03;1;2016517553840457882;B
20241105;111346;574.03;1;2016517553840457883;S
20241105;111346;574.03;1;2016517553840457884;S
20241105;111348;574.02;4;2016517553840457885;S
20241105;111348;574.02;1;2016517553840457886;S
20241105;111348;574.02;1;2016517553840457887;S
20241105;111403;574.02;5;2016517553840457888;S
20241105;111403;574.02;4;2016517553840457889;S
20241105;111404;574.01;1;2016517553840457890;S
20241105;111420;574;20;2016517553840457891;S
20241105;111433;574.01;5;2016517553840457892;S
20241105;111433;574.01;2;2016517553840457893;S
20241105;111519;574.01;1;2016517553840457894;S
20241105;111519;574.01;2;2016517553840457895;S
20241105;111519;574.01;10;2016517553840457896;S
20241105;111519;574;7;2016517553840457897;S
20241105;111529;574.01;1;2016517553840457898;S
20241105;111534;574.07;1;2016517553840457899;B
20241105;111605;574.01;1;2016517553840457907;S
20241105;111605;574.01;1;2016517553840457912;S
20241105;111605;574.01;1;2016517553840457917;S
20241105;111605;574.01;1;2016517553840457922;S
20241105;111605;574.01;1;2016517553840457927;S
20241105;111605;574;1;2016517553840457932;S
20241105;111605;574;1;2016517553840457937;S
20241105;111605;574;1;2016517553840457942;S
20241105;111605;574;1;2016517553840457947;S
20241105;111605;574;1;2016517553840457952;S
20241105;111605;574;1;2016517553840457957;S
20241105;111605;574;56;2016517553840457963;S
20241105;111702;574.01;1;2016517553840457967;S
20241105;111750;574.01;1;2016517553840457968;S
20241105;111750;574.01;1;2016517553840457969;S
20241105;111750;574.01;2;2016517553840457970;S
20241105;111750;574.01;5;2016517553840457971;S
20241105;111750;574.01;1;2016517553840457972;S
20241105;111750;574;15;2016517553840457973;S
20241105;111751;574.01;1;2016517553840457974;S
20241105;111756;574.01;1;2016517553840457975;S
20241105;111756;574.01;3;2016517553840457976;S
20241105;111819;574.05;7;2016517553840457977;B
20241105;111851;574.04;1;2016517553840457978;B
20241105;111926;574.03;2;2016517553840457980;B
20241105;111926;574.03;20;2016517553840457981;B
20241105;111926;574.03;2;2016517553840457982;B
20241105;111926;574.03;1;2016517553840457983;B
20241105;111926;574.03;4;2016517553840457984;B
20241105;111926;574.04;2;2016517553840457985;B
20241105;111926;574.04;2;2016517553840457986;B
20241105;111938;574;3;2016517553840457987;S
20241105;111942;574;3;2016517553840457988;S
20241105;111945;574;28;2016517553840457989;S
20241105;111945;574;1;2016517553840457990;S
20241105;111945;574;5;2016517553840457991;S
20241105;111945;574;1;2016517553840457992;S
20241105;111952;573.99;2;2016517553840457993;S
20241105;112107;573.98;1;2016517553840457995;B
20241105;112132;573.96;2;2016517553840457996;B
20241105;112132;573.96;6;2016517553840457997;B
20241105;112133;573.95;1;2016517553840457998;S
20241105;112133;573.95;1;2016517553840457999;S
20241105;112133;573.95;1;2016517553840458000;S
20241105;112133;573.95;1;2016517553840458001;S
20241105;112133;573.94;7;2016517553840458002;S
20241105;112138;573.94;3;2016517553840458003;S
20241105;112138;573.94;2;2016517553840458004;S
20241105;112139;573.94;40;2016517553840458005;S
20241105;112143;573.94;5;2016517553840458006;S
20241105;112154;573.94;3;2016517553840458007;S
20241105;112213;573.94;1;2016517553840458008;S
20241105;112219;573.95;1;2016517553840458009;B
20241105;112308;573.96;2;2016517553840458010;B
20241105;112404;573.95;2;2016517553840458011;S
20241105;112404;573.95;1;2016517553840458012;S
20241105;112444;573.96;10;2016517553840458013;B
20241105;112447;573.96;8;2016517553840458014;B
20241105;112447;573.96;1;2016517553840458015;B
20241105;112447;573.96;3;2016517553840458016;B
20241105;112458;573.95;4;2016517553840458017;S
20241105;112541;573.96;3;2016517553840458019;B
20241105;112552;573.95;1;2016517553840458022;S
20241105;112554;573.95;1;2016517553840458023;S
20241105;112708;573.96;1;2016517553840458024;B
20241105;112714;573.95;4;2016517553840458025;S
20241105;112714;573.95;2;2016517553840458026;S
20241105;112714;573.95;2;2016517553840458027;S
20241105;112714;573.95;2;2016517553840458028;S
20241105;112719;573.95;2;2016517553840458029;S
20241105;112720;573.95;2;2016517553840458030;S
20241105;112720;573.95;2;2016517553840458031;S
20241105;112720;573.95;2;2016517553840458032;S
20241105;112720;573.95;2;2016517553840458033;S
20241105;112720;573.95;2;2016517553840458034;S
20241105;112720;573.95;1;2016517553840458035;S
20241105;112720;573.95;2;2016517553840458036;S
20241105;112720;573.96;3;2016517553840458037;B
20241105;112720;573.95;2;2016517553840458038;S
20241105;112720;573.94;2;2016517553840458039;S
20241105;112720;573.94;2;2016517553840458040;S
20241105;112720;573.95;2;2016517553840458041;S
20241105;112720;573.94;6;2016517553840458042;S
20241105;112720;573.95;1;2016517553840458043;S
20241105;112720;573.94;4;2016517553840458044;S
20241105;112720;573.94;2;2016517553840458045;S
20241105;112720;573.94;4;2016517553840458046;S
20241105;112720;573.94;1;2016517553840458047;S
20241105;112720;573.94;2;2016517553840458048;S
20241105;112720;573.94;1;2016517553840458049;S
20241105;112720;573.94;2;2016517553840458050;S
20241105;112720;573.94;1;2016517553840458051;S
20241105;112720;573.94;22;2016517553840458052;S
20241105;112720;573.94;9;2016517553840458053;S
20241105;112741;573.95;2;2016517553840458054;B
20241105;112741;573.95;1;2016517553840458055;B
20241105;112742;573.94;1;2016517553840458056;S
20241105;112748;573.95;2;2016517553840458057;B
20241105;112903;573.96;1;2016517553840458058;B
20241105;113004;573.94;1;2016517553840458059;S
20241105;113004;573.94;5;2016517553840458060;S
20241105;113013;573.94;1;2016517553840458061;S
20241105;113013;573.94;1;2016517553840458062;S
20241105;113013;573.94;1;2016517553840458063;S
20241105;113013;573.93;1;2016517553840458064;S
20241105;113013;573.93;1;2016517553840458069;S
20241105;113013;573.93;1;2016517553840458074;S
20241105;113013;573.92;2;2016517553840458079;S
20241105;113013;573.92;3;2016517553840458080;S
20241105;113013;573.91;1;2016517553840458081;S
20241105;113013;573.91;10;2016517553840458082;S
20241105;113013;573.91;1;2016517553840458083;S
20241105;113013;573.9;1;2016517553840458088;S
20241105;113013;573.9;1;2016517553840458089;S
20241105;113013;573.9;1;2016517553840458090;S
20241105;113013;573.9;20;2016517553840458091;S
20241105;113013;573.9;5;2016517553840458092;S
20241105;113013;573.9;2;2016517553840458093;S
20241105;113013;573.9;1;2016517553840458094;S
20241105;113013;573.89;5;2016517553840458095;S
20241105;113013;573.86;2;2016517553840458096;S
20241105;113013;573.85;3;2016517553840458097;S
20241105;113013;573.85;1;2016517553840458098;S
20241105;113013;573.85;2;2016517553840458099;S
20241105;113013;573.84;2;2016517553840458100;S
20241105;113013;573.84;2;2016517553840458101;S
20241105;113013;573.83;1;2016517553840458102;S
20241105;113013;573.83;2;2016517553840458103;S
20241105;113013;573.83;2;2016517553840458104;S
20241105;113013;573.82;2;2016517553840458105;S
20241105;113013;573.82;2;2016517553840458106;S
20241105;113013;573.81;1;2016517553840458107;S
20241105;113013;573.81;2;2016517553840458108;S
20241105;113013;573.81;2;2016517553840458109;S
20241105;113013;573.8;2;2016517553840458110;S
20241105;113013;573.8;1;2016517553840458111;S
20241105;113013;573.8;1;2016517553840458112;S
20241105;113013;573.8;1;2016517553840458117;S
20241105;113013;573.8;2;2016517553840458118;S
20241105;113013;573.8;2;2016517553840458119;S
20241105;113013;573.79;1;2016517553840458120;S
20241105;113013;573.79;2;2016517553840458121;S
20241105;113013;573.79;2;2016517553840458122;S
20241105;113013;573.78;1;2016517553840458123;S
20241105;113013;573.78;2;2016517553840458124;S
20241105;113013;573.78;2;2016517553840458125;S
20241105;113013;573.77;1;2016517553840458126;S
20241105;113013;573.77;2;2016517553840458127;S
20241105;113013;573.77;2;2016517553840458128;S
20241105;113013;573.76;1;2016517553840458129;S
20241105;113013;573.76;2;2016517553840458130;S
20241105;113013;573.76;2;2016517553840458131;S
20241105;113013;573.75;1;2016517553840458132;S
20241105;113013;573.75;5;2016517553840458133;S
20241105;113014;573.86;1;2016517553840458134;B
20241105;113015;573.87;1;2016517553840458135;B
20241105;113100;573.88;1;2016517553840458136;B
20241105;113107;573.86;1;2016517553840458137;B
20241105;113118;573.81;2;2016517553840458138;S
20241105;113118;573.81;1;2016517553840458139;S
20241105;113118;573.81;1;2016517553840458140;S
20241105;113118;573.81;2;2016517553840458141;S
20241105;113118;573.81;2;2016517553840458142;S
20241105;113125;573.88;1;2016517553840458143;B
20241105;113125;573.88;2;2016517553840458144;B
20241105;113125;573.89;17;2016517553840458145;B
20241105;113130;573.89;2;2016517553840458146;B
20241105;113130;573.9;2;2016517553840458147;B
20241105;113130;573.9;1;2016517553840458148;B
20241105;113130;573.91;1;2016517553840458149;B
20241105;113130;573.91;2;2016517553840458150;B
20241105;113130;573.92;2;2016517553840458151;B
20241105;113130;573.92;1;2016517553840458152;B
20241105;113130;573.93;1;2016517553840458153;B
20241105;113130;573.93;2;2016517553840458154;B
20241105;113141;573.94;2;2016517553840458155;S
20241105;113145;573.98;5;2016517553840458156;B
20241105;113145;573.99;1;2016517553840458157;B
20241105;113145;573.99;1;2016517553840458162;B
20241105;113145;573.99;1;2016517553840458167;B
20241105;113145;574;2;2016517553840458172;B
20241105;113145;574;3;2016517553840458177;B
20241105;113150;574.04;2;2016517553840458178;B
20241105;113150;574.05;2;2016517553840458179;B
20241105;113152;574.04;2;2016517553840458180;B
20241105;113152;574.05;2;2016517553840458181;B
20241105;113206;574.09;1;2016517553840458182;B
20241105;113206;574.09;2;2016517553840458187;B
20241105;113206;574.09;1;2016517553840458188;B
20241105;113206;574.1;1;2016517553840458189;B
20241105;113210;574.12;2;2016517553840458190;B
20241105;113210;574.15;1;2016517553840458191;B
20241105;113210;574.15;2;2016517553840458192;B
20241105;113210;574.16;2;2016517553840458193;B
20241105;113210;574.17;2;2016517553840458194;B
20241105;113210;574.17;2;2016517553840458195;B
20241105;113210;574.18;5;2016517553840458196;B
20241105;113210;574.18;1;2016517553840458197;B
20241105;113210;574.18;2;2016517553840458198;B
20241105;113210;574.18;2;2016517553840458199;B
20241105;113210;574.18;1;2016517553840458200;B
20241105;113210;574.19;1;2016517553840458201;B
20241105;113210;574.19;2;2016517553840458202;B
20241105;113210;574.19;1;2016517553840458203;B
20241105;113210;574.19;2;2016517553840458204;B
20241105;113210;574.2;2;2016517553840458205;B
20241105;113210;574.2;1;2016517553840458206;B
20241105;113210;574.2;2;2016517553840458207;B
20241105;113210;574.21;2;2016517553840458208;B
20241105;113210;574.21;1;2016517553840458209;B
20241105;113210;574.21;2;2016517553840458210;B
20241105;113210;574.22;2;2016517553840458211;B
20241105;113220;574.12;2;2016517553840458213;S
20241105;113220;574.12;1;2016517553840458218;S
20241105;113220;574.12;2;2016517553840458223;S
20241105;113220;574.12;1;2016517553840458228;S
20241105;113220;574.12;1;2016517553840458233;S
20241105;113220;574.11;2;2016517553840458238;S
20241105;113220;574.11;2;2016517553840458243;S
20241105;113220;574.11;1;2016517553840458248;S
20241105;113220;574.11;1;2016517553840458253;S
20241105;113220;574.1;2;2016517553840458258;S
20241105;113220;574.1;2;2016517553840458263;S
20241105;113220;574.1;1;2016517553840458268;S
20241105;113220;574.1;1;2016517553840458273;S
20241105;113220;574.09;2;2016517553840458278;S
20241105;113220;574.09;1;2016517553840458283;S
20241105;113220;574.09;2;2016517553840458288;S
20241105;113220;574.09;1;2016517553840458293;S
20241105;113220;574.08;2;2016517553840458298;S
20241105;113220;574.08;2;2016517553840458303;S
20241105;113220;574.08;1;2016517553840458308;S
20241105;113220;574.08;1;2016517553840458313;S
20241105;113220;574.07;2;2016517553840458318;S
20241105;113220;574.07;2;2016517553840458323;S
20241105;113220;574.07;1;2016517553840458328;S
20241105;113220;574.07;1;2016517553840458333;S
20241105;113220;574.06;2;2016517553840458338;S
20241105;113220;574.06;1;2016517553840458343;S
20241105;113220;574.06;2;2016517553840458348;S
20241105;113220;574.06;1;2016517553840458353;S
20241105;113220;574.05;2;2016517553840458358;S
20241105;113220;574.05;1;2016517553840458363;S
20241105;113220;574.05;2;2016517553840458368;S
20241105;113220;574.05;1;2016517553840458373;S
20241105;113220;574.05;2;2016517553840458378;S
20241105;113220;574.04;2;2016517553840458383;S
20241105;113220;574.04;1;2016517553840458388;S
20241105;113220;574.04;1;2016517553840458393;S
20241105;113220;574.04;2;2016517553840458398;S
20241105;113220;574.03;2;2016517553840458403;S
20241105;113220;574.03;1;2016517553840458408;S
20241105;113220;574.03;1;2016517553840458413;S
20241105;113220;574.03;2;2016517553840458418;S
20241105;113220;574.02;1;2016517553840458423;S
20241105;113220;574.02;36;2016517553840458428;S
20241105;113221;574.12;2;2016517553840458432;B
20241105;113221;574.12;1;2016517553840458433;B
20241105;113221;574.12;1;2016517553840458434;B
20241105;113221;574.13;20;2016517553840458435;B
20241105;113221;574.13;1;2016517553840458436;B
20241105;113221;574.13;2;2016517553840458437;B
20241105;113221;574.14;2;2016517553840458438;B
20241105;113221;574.14;1;2016517553840458439;B
20241105;113225;574.13;2;2016517553840458440;B
20241105;113225;574.13;1;2016517553840458441;B
20241105;113225;574.13;1;2016517553840458442;B
20241105;113225;574.14;6;2016517553840458443;B
20241105;113228;574.03;1;2016517553840458444;S
20241105;113228;574.03;2;2016517553840458445;S
20241105;113228;574.03;2;2016517553840458446;S
20241105;113228;574.03;1;2016517553840458447;S
20241105;113228;574.02;2;2016517553840458448;S
20241105;113228;574.02;2;2016517553840458449;S
20241105;113228;574.02;10;2016517553840458450;S
20241105;113228;574.02;1;2016517553840458451;S
20241105;113228;574.01;1;2016517553840458452;S
20241105;113228;574.01;2;2016517553840458453;S
20241105;113228;574.01;2;2016517553840458454;S
20241105;113228;574.01;1;2016517553840458455;S
20241105;113228;574;2;2016517553840458456;S
20241105;113228;574;2;2016517553840458457;S
20241105;113228;574;1;2016517553840458458;S
20241105;113228;574;1;2016517553840458459;S
20241105;113228;573.99;1;2016517553840458460;S
20241105;113228;573.99;2;2016517553840458461;S
20241105;113228;573.99;2;2016517553840458462;S
20241105;113228;573.99;1;2016517553840458463;S
20241105;113228;573.98;1;2016517553840458464;S
20241105;113228;573.98;10;2016517553840458465;S
20241105;113228;573.98;2;2016517553840458466;S
20241105;113228;573.98;2;2016517553840458467;S
20241105;113228;573.98;35;2016517553840458468;S
20241105;113236;574.02;1;2016517553840458470;S
20241105;113241;574.16;1;2016517553840458475;B
20241105;113246;574.16;2;2016517553840458479;B
20241105;113246;574.16;1;2016517553840458480;B
20241105;113246;574.17;20;2016517553840458481;B
20241105;113246;574.17;2;2016517553840458482;B
20241105;113246;574.17;2;2016517553840458483;B
20241105;113246;574.17;1;2016517553840458484;B
20241105;113246;574.18;2;2016517553840458485;B
20241105;113300;574.18;2;2016517553840458486;B
20241105;113300;574.18;1;2016517553840458487;B
20241105;113300;574.18;1;2016517553840458488;B
20241105;113300;574.18;2;2016517553840458489;B
20241105;113300;574.19;2;2016517553840458490;B
20241105;113300;574.19;2;2016517553840458491;B
20241105;113300;574.19;1;2016517553840458492;B
20241105;113300;574.19;19;2016517553840458493;B
20241105;113309;574.07;1;2016517553840458495;S
20241105;113334;574.18;2;2016517553840458499;B
20241105;113334;574.18;1;2016517553840458500;B
20241105;113334;574.18;1;2016517553840458501;B
20241105;113334;574.18;2;2016517553840458502;B
20241105;113334;574.19;2;2016517553840458503;B
20241105;113334;574.19;2;2016517553840458504;B
20241105;113334;574.19;1;2016517553840458505;B
20241105;113334;574.2;9;2016517553840458506;B
20241105;113345;574.2;1;2016517553840458511;B
20241105;113345;574.25;10;2016517553840458516;B
20241105;113345;574.25;1;2016517553840458517;B
20241105;113417;574.19;1;2016517553840458519;B
20241105;113435;574.29;1;2016517553840458520;B
20241105;113435;574.29;2;2016517553840458521;B
20241105;113435;574.3;27;2016517553840458522;B
20241105;113447;574.27;29;2016517553840458523;S
20241105;113447;574.24;2;2016517553840458524;S
20241105;113447;574.23;2;2016517553840458525;S
20241105;113447;574.23;1;2016517553840458526;S
20241105;113447;574.22;2;2016517553840458527;S
20241105;113447;574.22;1;2016517553840458528;S
20241105;113447;574.21;2;2016517553840458529;S
20241105;113447;574.21;1;2016517553840458530;S
20241105;113447;574.2;2;2016517553840458531;S
20241105;113447;574.2;1;2016517553840458532;S
20241105;113447;574.2;2;2016517553840458533;S
20241105;113447;574.2;1;2016517553840458534;S
20241105;113447;574.19;2;2016517553840458535;S
20241105;113447;574.19;2;2016517553840458536;S
20241105;113447;574.19;1;2016517553840458537;S
20241105;113447;574.19;1;2016517553840458538;S
20241105;113447;574.18;2;2016517553840458539;S
20241105;113447;574.18;2;2016517553840458540;S
20241105;113447;574.18;1;2016517553840458541;S
20241105;113447;574.18;1;2016517553840458542;S
20241105;113447;574.17;2;2016517553840458543;S
20241105;113447;574.17;2;2016517553840458544;S
20241105;113447;574.17;1;2016517553840458545;S
20241105;113447;574.17;1;2016517553840458546;S
20241105;113447;574.16;1;2016517553840458547;S
20241105;113456;574.3;5;2016517553840458548;B
20241105;113520;574.23;1;2016517553840458549;S
20241105;113520;574.23;2;2016517553840458550;S
20241105;113520;574.22;2;2016517553840458551;S
20241105;113520;574.22;1;2016517553840458552;S
20241105;113520;574.21;2;2016517553840458553;S
20241105;113520;574.21;1;2016517553840458554;S
20241105;113520;574.2;2;2016517553840458555;S
20241105;113520;574.2;1;2016517553840458556;S
20241105;113520;574.2;2;2016517553840458557;S
20241105;113520;574.19;2;2016517553840458558;S
20241105;113520;574.19;1;2016517553840458559;S
20241105;113520;574.19;2;2016517553840458560;S
20241105;113520;574.18;2;2016517553840458561;S
20241105;113520;574.18;1;2016517553840458562;S
20241105;113520;574.18;2;2016517553840458563;S
20241105;113520;574.18;26;2016517553840458564;S
20241105;113547;574.29;1;2016517553840458565;B
20241105;113612;574.23;15;2016517553840458566;S
20241105;113614;574.29;2;2016517553840458567;B
20241105;113614;574.29;1;2016517553840458568;B
20241105;113618;574.29;7;2016517553840458569;S
20241105;113622;574.18;3;2016517553840458570;S
20241105;113622;574.17;12;2016517553840458571;S
20241105;113657;574.29;1;2016517553840458572;B
20241105;113705;574.18;8;2016517553840458573;S
20241105;113709;574.25;2;2016517553840458574;B
20241105;113709;574.25;1;2016517553840458575;B
20241105;113709;574.25;1;2016517553840458576;B
20241105;113709;574.26;2;2016517553840458577;B
20241105;113709;574.26;1;2016517553840458578;B
20241105;113709;574.27;2;2016517553840458579;B
20241105;113709;574.27;1;2016517553840458580;B
20241105;113732;574.29;1;2016517553840458581;B
20241105;113732;574.29;1;2016517553840458582;B
20241105;113732;574.29;8;2016517553840458583;B
20241105;113917;574.22;1;2016517553840458584;B
20241105;114000;574.26;1;2016517553840458585;B
20241105;114000;574.26;1;2016517553840458586;B
20241105;114006;574.28;1;2016517553840458587;B
20241105;114118;574.26;1;2016517553840458588;B
20241105;114119;574.22;10;2016517553840458589;S
20241105;114128;574.22;2;2016517553840458590;S
20241105;114145;574.2;2;2016517553840458591;S
20241105;114150;574.23;1;2016517553840458592;B
20241105;114229;574.2;1;2016517553840458593;S
20241105;114249;574.25;2;2016517553840458594;B
20241105;114249;574.25;1;2016517553840458595;B
20241105;114249;574.26;1;2016517553840458596;B
20241105;114249;574.26;2;2016517553840458597;B
20241105;114249;574.26;1;2016517553840458598;B
20241105;114249;574.27;2;2016517553840458599;B
20241105;114249;574.27;1;2016517553840458600;B
20241105;114249;574.28;1;2016517553840458601;B
20241105;114249;574.28;2;2016517553840458602;B
20241105;114249;574.29;1;2016517553840458603;B
20241105;114334;574.27;5;2016517553840458604;B
20241105;114334;574.29;4;2016517553840458605;B
20241105;114334;574.29;1;2016517553840458606;B
20241105;114349;574.29;2;2016517553840458607;B
20241105;114349;574.29;2;2016517553840458608;B
20241105;114410;574.29;2;2016517553840458609;S
20241105;114417;574.22;1;2016517553840458610;S
20241105;114515;574.26;2;2016517553840458611;B
20241105;114515;574.26;1;2016517553840458612;B
