<DATE>;<TIME>;<LAST>;<VOL>;<ID>;<OPER>
20241102;095947;2592;13;2033124573171419532;S
20241102;095947;2592;5;2033124573171419533;S
20241102;095947;2592;10;2033124573171419534;B
20241102;095947;2592;10;2033124573171419535;B
20241102;095947;2592;10;2033124573171419536;B
20241102;095947;2592;1;2033124573171419537;B
20241102;095947;2592;2;2033124573171419538;B
20241102;095947;2592;10;2033124573171419539;B
20241102;095947;2592;1;2033124573171419540;B
20241102;095947;2592;1;2033124573171419541;B
20241102;095947;2592;1;2033124573171419542;B
20241102;095947;2592;2;2033124573171419543;B
20241102;095947;2592;25;2033124573171419544;S
20241102;095947;2592;1;2033124573171419545;B
20241102;095947;2592;1;2033124573171419546;B
20241102;095947;2592;1;2033124573171419547;B
20241102;095947;2592;1;2033124573171419548;B
20241102;095947;2592;3;2033124573171419549;B
20241102;095947;2592;1;2033124573171419550;B
20241102;095947;2592;1;2033124573171419551;B
20241102;095947;2592;1;2033124573171419552;B
20241102;095947;2592;4;2033124573171419553;B
20241102;095947;2592;1;2033124573171419554;S
20241102;095947;2592;1;2033124573171419555;B
20241102;095947;2592;1;2033124573171419556;B
20241102;095947;2592;1;2033124573171419557;B
20241102;095947;2592;1;2033124573171419558;B
20241102;095947;2592;1;2033124573171419559;B
20241102;095947;2592;1;2033124573171419560;B
20241102;095947;2592;2;2033124573171419561;B
20241102;095947;2592;25;2033124573171419562;S
20241102;095947;2592;1;2033124573171419563;B
20241102;095947;2592;5;2033124573171419564;B
20241102;100002;2590;4;2033124573171419565;B
20241102;100003;2590;1;2033124573171419566;B
20241102;100003;2591;18;2033124573171419567;B
20241102;100003;2591;82;2033124573171419568;B
20241102;100003;2591;26;2033124573171419569;B
20241102;100003;2590;1;2033124573171419570;B
20241102;100003;2591;1;2033124573171419571;B
20241102;100004;2591;2;2033124573171419572;B
20241102;100004;2590.5;4;2033124573171419573;B
20241102;100004;2591;36;2033124573171419574;B
20241102;100004;2591;20;2033124573171419575;B
20241102;100004;2591;18;2033124573171419576;B
20241102;100004;2591;1;2033124573171419577;B
20241102;100012;2590.5;40;2033124573171419578;B
20241102;100012;2590.5;20;2033124573171419579;B
20241102;100013;2590.5;1;2033124573171419580;B
20241102;100014;2589;2;2033124573171419581;S
20241102;100014;2589;10;2033124573171419582;S
20241102;100014;2590.5;2;2033124573171419583;B
20241102;100022;2589;10;2033124573171419584;S
20241102;100023;2589;5;2033124573171419585;S
20241102;100025;2589;1;2033124573171419586;S
20241102;100027;2589;10;2033124573171419587;S
20241102;100037;2589;1;2033124573171419588;S
20241102;100040;2590.5;1;2033124573171419589;B
20241102;100040;2590.5;6;2033124573171419590;B
20241102;100043;2590;1;2033124573171419591;B
20241102;100045;2590.5;9;2033124573171419592;B
20241102;100045;2590.5;3;2033124573171419593;B
20241102;100045;2590.5;1;2033124573171419594;B
20241102;100045;2591;1;2033124573171419595;B
20241102;100045;2591;1;2033124573171419596;B
20241102;100045;2591;2;2033124573171419597;B
20241102;100048;2592;1;2033124573171419598;B
20241102;100049;2592;4;2033124573171419599;B
20241102;100049;2592;2;2033124573171419600;B
20241102;100049;2592;10;2033124573171419601;B
20241102;100049;2592;3;2033124573171419602;B
20241102;100049;2592;22;2033124573171419603;S
20241102;100050;2592.5;1;2033124573171419604;B
20241102;100050;2593;3;2033124573171419605;B
20241102;100050;2593;1;2033124573171419606;B
20241102;100050;2593;1;2033124573171419607;B
20241102;100050;2593;3;2033124573171419608;B
20241102;100050;2593;1;2033124573171419609;B
20241102;100050;2593;1;2033124573171419610;B
20241102;100050;2593;9;2033124573171419611;B
20241102;100050;2593.5;1;2033124573171419612;B
20241102;100050;2593.5;3;2033124573171419613;B
20241102;100050;2593.5;4;2033124573171419614;B
20241102;100050;2593.5;12;2033124573171419615;B
20241102;100051;2592.5;1;2033124573171419616;S
20241102;100051;2593;25;2033124573171419617;B
20241102;100051;2593;4;2033124573171419618;B
20241102;100051;2593;66;2033124573171419619;B
20241102;100051;2593;1;2033124573171419620;B
20241102;100051;2593.5;28;2033124573171419621;B
20241102;100051;2593.5;42;2033124573171419622;B
20241102;100052;2593.5;1;2033124573171419623;B
20241102;100053;2592.5;1;2033124573171419624;S
20241102;100054;2592.5;1;2033124573171419625;S
20241102;100054;2592.5;3;2033124573171419626;S
20241102;100055;2592.5;10;2033124573171419627;S
20241102;100055;2592.5;2;2033124573171419628;S
20241102;100055;2592;9;2033124573171419629;S
20241102;100055;2592;9;2033124573171419630;S
20241102;100055;2592;20;2033124573171419631;S
20241102;100056;2592.5;2;2033124573171419632;B
20241102;100056;2590.5;1;2033124573171419633;S
20241102;100056;2592.5;1;2033124573171419634;B
20241102;100101;2591;1;2033124573171419635;B
20241102;100101;2592.5;1;2033124573171419636;B
20241102;100102;2592;2;2033124573171419637;S
20241102;100102;2592;1;2033124573171419638;S
20241102;100106;2592;10;2033124573171419639;S
20241102;100107;2592;7;2033124573171419640;S
20241102;100107;2592;3;2033124573171419641;S
20241102;100107;2592;10;2033124573171419642;S
20241102;100111;2591;3;2033124573171419643;S
20241102;100112;2591;10;2033124573171419644;S
20241102;100113;2591;10;2033124573171419645;S
20241102;100113;2592;1;2033124573171419646;B
20241102;100114;2591;5;2033124573171419647;S
20241102;100115;2591.5;5;2033124573171419648;B
20241102;100115;2591;10;2033124573171419649;S
20241102;100118;2591;1;2033124573171419650;S
20241102;100118;2591;3;2033124573171419651;S
20241102;100118;2590.5;17;2033124573171419652;S
20241102;100120;2591.5;1;2033124573171419653;B
20241102;100120;2591.5;1;2033124573171419654;B
20241102;100120;2591.5;1;2033124573171419655;B
20241102;100120;2591.5;1;2033124573171419656;B
20241102;100120;2591.5;1;2033124573171419657;B
20241102;100120;2591.5;1;2033124573171419658;B
20241102;100121;2591.5;1;2033124573171419659;B
20241102;100126;2590.5;10;2033124573171419660;S
20241102;100130;2591.5;16;2033124573171419661;B
20241102;100130;2591.5;1;2033124573171419662;B
20241102;100131;2591.5;4;2033124573171419663;B
20241102;100131;2592;9;2033124573171419664;B
20241102;100131;2592;1;2033124573171419665;B
20241102;100133;2592;4;2033124573171419666;B
20241102;100133;2592;1;2033124573171419667;B
20241102;100133;2592;3;2033124573171419668;B
20241102;100134;2590.5;13;2033124573171419669;S
20241102;100134;2590.5;1;2033124573171419670;S
20241102;100134;2590.5;1;2033124573171419671;S
20241102;100134;2590.5;25;2033124573171419672;B
20241102;100135;2591;1;2033124573171419673;S
20241102;100144;2592;2;2033124573171419674;B
20241102;100145;2592;30;2033124573171419675;S
20241102;100145;2592;10;2033124573171419676;S
20241102;100146;2592;10;2033124573171419677;S
20241102;100146;2592;2;2033124573171419678;S
20241102;100147;2592;1;2033124573171419679;S
20241102;100148;2592;10;2033124573171419680;S
20241102;100148;2592.5;9;2033124573171419681;B
20241102;100148;2592.5;1;2033124573171419682;B
20241102;100148;2593;14;2033124573171419683;B
20241102;100149;2592;1;2033124573171419684;S
20241102;100149;2592;1;2033124573171419685;S
20241102;100149;2592;1;2033124573171419686;S
20241102;100149;2592;1;2033124573171419687;S
20241102;100149;2592;1;2033124573171419688;S
20241102;100149;2592;1;2033124573171419689;S
20241102;100150;2592;1;2033124573171419690;S
20241102;100150;2592;1;2033124573171419691;S
20241102;100150;2592;1;2033124573171419692;S
20241102;100150;2592;1;2033124573171419693;S
20241102;100150;2592;1;2033124573171419694;S
20241102;100150;2592;1;2033124573171419695;S
20241102;100152;2592;10;2033124573171419696;S
20241102;100156;2592;10;2033124573171419697;S
20241102;100157;2592;10;2033124573171419698;S
20241102;100157;2592.5;1;2033124573171419699;B
20241102;100158;2592.5;1;2033124573171419700;B
20241102;100158;2592.5;1;2033124573171419701;B
20241102;100204;2592;10;2033124573171419702;S
20241102;100207;2592.5;1;2033124573171419703;B
20241102;100213;2592.5;1;2033124573171419704;B
20241102;100215;2593;26;2033124573171419705;B
20241102;100215;2593;24;2033124573171419706;B
20241102;100216;2593;26;2033124573171419707;B
20241102;100216;2593;1;2033124573171419708;B
20241102;100216;2593;3;2033124573171419709;B
20241102;100216;2592;1;2033124573171419710;S
20241102;100220;2593;5;2033124573171419711;B
20241102;100223;2593;1;2033124573171419712;B
20241102;100224;2593;1;2033124573171419713;B
20241102;100224;2593;1;2033124573171419714;B
20241102;100224;2593;1;2033124573171419715;B
20241102;100225;2593;1;2033124573171419716;B
20241102;100225;2593;1;2033124573171419717;B
20241102;100226;2592.5;1;2033124573171419718;S
20241102;100227;2592;10;2033124573171419719;S
20241102;100232;2592;10;2033124573171419720;S
20241102;100239;2592;1;2033124573171419721;S
20241102;100240;2592;2;2033124573171419722;S
20241102;100242;2592.5;1;2033124573171419723;B
20241102;100253;2592;10;2033124573171419724;S
20241102;100256;2592;10;2033124573171419725;S
20241102;100257;2592;10;2033124573171419726;S
20241102;100257;2592.5;10;2033124573171419727;B
20241102;100259;2592;1;2033124573171419728;S
20241102;100302;2592.5;9;2033124573171419729;B
20241102;100302;2592.5;3;2033124573171419730;B
20241102;100309;2592.5;1;2033124573171419731;S
20241102;100324;2593;7;2033124573171419732;B
20241102;100326;2593;2;2033124573171419733;B
20241102;100326;2592.5;1;2033124573171419734;S
20241102;100334;2592.5;9;2033124573171419735;S
20241102;100338;2592.5;1;2033124573171419736;S
20241102;100339;2593;1;2033124573171419737;B
20241102;100347;2593;20;2033124573171419738;B
20241102;100351;2592.5;5;2033124573171419739;S
20241102;100351;2592.5;1;2033124573171419740;S
20241102;100351;2592.5;28;2033124573171419741;S
20241102;100351;2592.5;3;2033124573171419742;S
20241102;100351;2592;3;2033124573171419743;S
20241102;100356;2593;2;2033124573171419744;B
20241102;100400;2593;8;2033124573171419745;B
20241102;100400;2593;1;2033124573171419746;B
20241102;100400;2593;2;2033124573171419747;B
20241102;100400;2593;1;2033124573171419748;B
20241102;100400;2593;3;2033124573171419749;B
20241102;100402;2593;2;2033124573171419750;B
20241102;100404;2592;5;2033124573171419751;S
20241102;100413;2592;1;2033124573171419752;S
20241102;100415;2592;3;2033124573171419753;S
20241102;100415;2592;6;2033124573171419754;S
20241102;100415;2592;5;2033124573171419755;S
20241102;100415;2592;5;2033124573171419756;S
20241102;100415;2592;3;2033124573171419757;S
20241102;100415;2592;3;2033124573171419758;S
20241102;100415;2592;35;2033124573171419759;S
20241102;100415;2592;10;2033124573171419760;S
20241102;100416;2592;3;2033124573171419761;S
20241102;100416;2592;10;2033124573171419762;S
20241102;100416;2592;1;2033124573171419763;S
20241102;100416;2592;5;2033124573171419764;S
20241102;100416;2592;1;2033124573171419765;S
20241102;100416;2592;10;2033124573171419766;S
20241102;100417;2592;1;2033124573171419767;S
20241102;100417;2592;23;2033124573171419768;S
20241102;100417;2592;1;2033124573171419769;S
20241102;100417;2592;5;2033124573171419770;S
20241102;100418;2591.5;1;2033124573171419771;S
20241102;100418;2591.5;3;2033124573171419772;S
20241102;100418;2591;16;2033124573171419773;S
20241102;100426;2591;1;2033124573171419774;S
20241102;100426;2591;1;2033124573171419775;S
20241102;100428;2590.5;3;2033124573171419776;S
20241102;100429;2590.5;1;2033124573171419777;S
20241102;100431;2590.5;10;2033124573171419778;S
20241102;100441;2590.5;13;2033124573171419779;S
20241102;100441;2590;1;2033124573171419780;S
20241102;100441;2590;1;2033124573171419781;S
20241102;100441;2590;3;2033124573171419782;S
20241102;100441;2590;6;2033124573171419783;S
20241102;100442;2589.5;4;2033124573171419784;S
20241102;100443;2589.5;2;2033124573171419785;S
20241102;100443;2589.5;2;2033124573171419786;S
20241102;100443;2589.5;1;2033124573171419787;B
20241102;100444;2589.5;1;2033124573171419788;S
20241102;100446;2589.5;1;2033124573171419789;S
20241102;100452;2589;1;2033124573171419790;S
20241102;100452;2590;10;2033124573171419791;B
20241102;100453;2589;1;2033124573171419792;S
20241102;100453;2589;9;2033124573171419793;S
20241102;100500;2589;4;2033124573171419794;S
20241102;100500;2589;1;2033124573171419795;S
20241102;100500;2588.5;1;2033124573171419796;S
20241102;100500;2588.5;1;2033124573171419797;S
20241102;100501;2589.5;1;2033124573171419798;S
20241102;100505;2589.5;2;2033124573171419799;B
20241102;100507;2589;1;2033124573171419800;S
20241102;100507;2589;5;2033124573171419801;S
20241102;100509;2588.5;4;2033124573171419802;S
20241102;100512;2588.5;30;2033124573171419803;S
20241102;100513;2588.5;1;2033124573171419804;S
20241102;100517;2588.5;3;2033124573171419805;S
20241102;100519;2588.5;1;2033124573171419806;S
20241102;100519;2588.5;1;2033124573171419807;S
20241102;100519;2588.5;25;2033124573171419808;S
20241102;100519;2588.5;29;2033124573171419809;S
20241102;100519;2588.5;6;2033124573171419810;S
20241102;100519;2588.5;29;2033124573171419811;S
20241102;100519;2588.5;6;2033124573171419812;S
20241102;100519;2588.5;3;2033124573171419813;S
20241102;100519;2588;40;2033124573171419814;S
20241102;100519;2588;1;2033124573171419815;S
20241102;100519;2588;2;2033124573171419816;S
20241102;100519;2588;3;2033124573171419817;S
20241102;100519;2588;20;2033124573171419818;S
20241102;100519;2588;3;2033124573171419819;S
20241102;100519;2588;4;2033124573171419820;S
20241102;100519;2588;1;2033124573171419821;S
20241102;100519;2588;210;2033124573171419822;S
20241102;100519;2588;3;2033124573171419823;S
20241102;100519;2588;40;2033124573171419824;B
20241102;100519;2588;40;2033124573171419825;B
20241102;100519;2588;20;2033124573171419826;B
20241102;100519;2588;20;2033124573171419827;B
20241102;100519;2588;20;2033124573171419828;B
20241102;100519;2588;20;2033124573171419829;B
20241102;100519;2588;20;2033124573171419830;B
20241102;100521;2588;1;2033124573171419831;B
20241102;100529;2587.5;1;2033124573171419832;S
20241102;100529;2587.5;2;2033124573171419833;S
20241102;100531;2587.5;1;2033124573171419834;S
20241102;100531;2587.5;1;2033124573171419835;S
20241102;100531;2587.5;1;2033124573171419836;S
20241102;100532;2588;1;2033124573171419837;B
20241102;100533;2587.5;3;2033124573171419838;S
20241102;100533;2587.5;6;2033124573171419839;S
20241102;100535;2587;1;2033124573171419840;S
20241102;100536;2587;5;2033124573171419841;S
20241102;100538;2587;4;2033124573171419842;S
20241102;100538;2587;10;2033124573171419843;S
20241102;100538;2587;1;2033124573171419844;S
20241102;100547;2586.5;10;2033124573171419845;S
20241102;100547;2587;1;2033124573171419846;B
20241102;100549;2587;2;2033124573171419847;B
20241102;100549;2587;7;2033124573171419848;B
20241102;100549;2586.5;5;2033124573171419849;S
20241102;100550;2586.5;8;2033124573171419850;S
20241102;100552;2587;1;2033124573171419851;B
20241102;100553;2586.5;17;2033124573171419852;S
20241102;100553;2586.5;1;2033124573171419853;S
20241102;100553;2586.5;40;2033124573171419854;S
20241102;100553;2586.5;42;2033124573171419855;S
20241102;100554;2587;1;2033124573171419856;B
20241102;100557;2586.5;1;2033124573171419857;S
20241102;100600;2586.5;30;2033124573171419858;S
20241102;100602;2587;1;2033124573171419859;B
20241102;100602;2587;6;2033124573171419860;B
20241102;100602;2587;3;2033124573171419861;B
20241102;100604;2586.5;1;2033124573171419862;S
20241102;100604;2586.5;3;2033124573171419863;S
20241102;100604;2586;21;2033124573171419864;S
20241102;100611;2586.5;1;2033124573171419865;S
20241102;100611;2586.5;9;2033124573171419866;S
20241102;100611;2586;1;2033124573171419867;S
20241102;100611;2586;20;2033124573171419868;S
20241102;100611;2586;1;2033124573171419869;S
20241102;100611;2586;2;2033124573171419870;S
20241102;100612;2585.5;1;2033124573171419871;S
20241102;100613;2586;1;2033124573171419872;B
20241102;100614;2585.5;10;2033124573171419873;S
20241102;100615;2585.5;3;2033124573171419874;S
20241102;100616;2585.5;10;2033124573171419875;S
20241102;100616;2586;9;2033124573171419876;B
20241102;100617;2586;1;2033124573171419877;B
20241102;100617;2585.5;1;2033124573171419878;S
20241102;100617;2585.5;1;2033124573171419879;S
20241102;100617;2585.5;48;2033124573171419880;S
20241102;100617;2586;1;2033124573171419881;B
20241102;100618;2586;1;2033124573171419882;B
20241102;100619;2586;10;2033124573171419883;B
20241102;100622;2586;10;2033124573171419884;B
20241102;100624;2585.5;20;2033124573171419885;S
20241102;100626;2586;1;2033124573171419886;B
20241102;100632;2586;3;2033124573171419887;S
20241102;100641;2586;1;2033124573171419888;S
20241102;100647;2586;4;2033124573171419889;S
20241102;100650;2586.5;5;2033124573171419890;B
20241102;100654;2586.5;1;2033124573171419891;B
20241102;100656;2586.5;1;2033124573171419892;B
20241102;100658;2586.5;1;2033124573171419893;B
20241102;100659;2586;100;2033124573171419894;S
20241102;100700;2586.5;1;2033124573171419895;B
20241102;100716;2586.5;1;2033124573171419896;B
20241102;100716;2586.5;2;2033124573171419897;B
20241102;100716;2586;2;2033124573171419898;S
20241102;100718;2586;1;2033124573171419899;S
20241102;100720;2586;2;2033124573171419900;S
20241102;100720;2586;2;2033124573171419901;S
20241102;100720;2586;1;2033124573171419902;S
20241102;100728;2586.5;1;2033124573171419903;B
20241102;100735;2586;2;2033124573171419904;S
20241102;100735;2586.5;2;2033124573171419905;B
20241102;100735;2587;36;2033124573171419906;B
20241102;100744;2586.5;3;2033124573171419907;B
20241102;100746;2586.5;1;2033124573171419908;B
20241102;100751;2586.5;3;2033124573171419909;B
20241102;100752;2586.5;13;2033124573171419910;B
20241102;100752;2586.5;5;2033124573171419911;B
20241102;100752;2587;1;2033124573171419912;B
20241102;100752;2587;1;2033124573171419913;B
20241102;100808;2587;4;2033124573171419914;B
20241102;100808;2587;1;2033124573171419915;B
20241102;100809;2587;10;2033124573171419916;S
20241102;100820;2587.5;1;2033124573171419917;B
20241102;100820;2587.5;1;2033124573171419918;B
20241102;100820;2587.5;1;2033124573171419919;B
20241102;100820;2587.5;1;2033124573171419920;B
20241102;100820;2587.5;5;2033124573171419921;B
20241102;100820;2587.5;1;2033124573171419922;B
20241102;100822;2587.5;3;2033124573171419923;B
20241102;100824;2588;3;2033124573171419924;B
20241102;100824;2588;3;2033124573171419925;B
20241102;100824;2588;6;2033124573171419926;B
20241102;100824;2588;6;2033124573171419927;B
20241102;100825;2588;3;2033124573171419928;B
20241102;100825;2588;210;2033124573171419929;B
20241102;100826;2588;3;2033124573171419930;B
20241102;100826;2588;3;2033124573171419931;B
20241102;100826;2588;10;2033124573171419932;B
20241102;100827;2588;184;2033124573171419933;B
20241102;100827;2588;1;2033124573171419934;B
20241102;100827;2588;1;2033124573171419935;B
20241102;100827;2588;5;2033124573171419936;B
20241102;100827;2588;5;2033124573171419937;B
20241102;100827;2588.5;1;2033124573171419938;B
20241102;100827;2589;4;2033124573171419939;B
20241102;100827;2589;1;2033124573171419940;B
20241102;100827;2589;1;2033124573171419941;B
20241102;100827;2589;4;2033124573171419942;B
20241102;100833;2588.5;5;2033124573171419943;S
20241102;100838;2589;3;2033124573171419944;B
20241102;100841;2589;3;2033124573171419945;B
20241102;100841;2588.5;15;2033124573171419946;S
20241102;100844;2589;18;2033124573171419947;B
20241102;100846;2589;25;2033124573171419948;B
20241102;100846;2589;1;2033124573171419949;B
20241102;100846;2589.5;3;2033124573171419950;B
20241102;100846;2590;1;2033124573171419951;B
20241102;100846;2590;2;2033124573171419952;B
20241102;100846;2590;3;2033124573171419953;B
20241102;100846;2590;6;2033124573171419954;B
20241102;100846;2590;3;2033124573171419955;B
20241102;100850;2590.5;2;2033124573171419956;B
20241102;100850;2590.5;1;2033124573171419957;B
20241102;100852;2590;5;2033124573171419958;S
20241102;100855;2590;1;2033124573171419959;S
20241102;100905;2590;5;2033124573171419960;S
20241102;100906;2590;5;2033124573171419961;S
20241102;100908;2590.5;4;2033124573171419962;B
20241102;100908;2590.5;2;2033124573171419963;B
20241102;100908;2590.5;10;2033124573171419964;B
20241102;100908;2591;1;2033124573171419965;B
20241102;100908;2591;1;2033124573171419966;B
20241102;100908;2591;2;2033124573171419967;B
20241102;100908;2591;3;2033124573171419968;B
20241102;100908;2591;3;2033124573171419969;B
20241102;100908;2591;24;2033124573171419970;B
20241102;100914;2590.5;1;2033124573171419971;S
20241102;100916;2590.5;1;2033124573171419972;S
20241102;100916;2591;6;2033124573171419973;B
20241102;100916;2591;1;2033124573171419974;B
20241102;100916;2591;40;2033124573171419975;B
20241102;100916;2591;2;2033124573171419976;B
20241102;100918;2591;1;2033124573171419977;S
20241102;100918;2591;4;2033124573171419978;S
20241102;100919;2591;10;2033124573171419979;S
20241102;100921;2591;3;2033124573171419980;S
20241102;100922;2591;5;2033124573171419981;S
20241102;100931;2591;15;2033124573171419982;S
20241102;100933;2591;5;2033124573171419983;S
20241102;100935;2591.5;40;2033124573171419984;B
20241102;100935;2591.5;1;2033124573171419985;B
20241102;100935;2591.5;3;2033124573171419986;B
20241102;100935;2591.5;6;2033124573171419987;B
20241102;100935;2591;5;2033124573171419988;S
20241102;100939;2591;2;2033124573171419989;S
20241102;100939;2591;3;2033124573171419990;S
20241102;100951;2591;5;2033124573171419991;S
20241102;100957;2591;1;2033124573171419992;S
20241102;101006;2591;5;2033124573171419993;S
20241102;101014;2591;1;2033124573171419994;S
20241102;101014;2591;1;2033124573171419995;S
20241102;101014;2591;1;2033124573171419996;S
20241102;101014;2591;40;2033124573171419997;S
20241102;101014;2591;40;2033124573171419998;S
20241102;101014;2591;6;2033124573171419999;S
20241102;101014;2591;10;2033124573171420000;S
20241102;101015;2591;32;2033124573171420001;S
20241102;101024;2590.5;3;2033124573171420002;S
20241102;101032;2590.5;3;2033124573171420003;S
20241102;101052;2590.5;5;2033124573171420004;S
20241102;101053;2591;6;2033124573171420005;B
20241102;101102;2591;14;2033124573171420006;B
20241102;101102;2591;3;2033124573171420007;B
20241102;101102;2591;5;2033124573171420008;B
20241102;101102;2591;10;2033124573171420009;B
20241102;101102;2591;10;2033124573171420010;B
20241102;101102;2591;40;2033124573171420011;B
20241102;101102;2591;20;2033124573171420012;B
20241102;101102;2591;3;2033124573171420013;B
20241102;101106;2591.5;1;2033124573171420014;B
20241102;101109;2591.5;17;2033124573171420015;B
20241102;101111;2591;5;2033124573171420016;S
20241102;101112;2591;2;2033124573171420017;S
20241102;101116;2591;6;2033124573171420018;S
20241102;101116;2591;3;2033124573171420019;S
20241102;101117;2591;3;2033124573171420020;S
20241102;101124;2591;56;2033124573171420021;S
20241102;101124;2591;44;2033124573171420022;S
20241102;101125;2591;10;2033124573171420023;S
20241102;101126;2591;3;2033124573171420024;S
20241102;101128;2591;3;2033124573171420025;S
20241102;101128;2591;10;2033124573171420026;S
20241102;101130;2591;3;2033124573171420027;S
20241102;101130;2591;1;2033124573171420028;S
20241102;101134;2591;5;2033124573171420029;S
20241102;101136;2591;1;2033124573171420030;S
20241102;101137;2591.5;10;2033124573171420031;B
20241102;101140;2591.5;3;2033124573171420032;B
20241102;101141;2591.5;3;2033124573171420033;B
20241102;101152;2591.5;37;2033124573171420034;B
20241102;101152;2591.5;1;2033124573171420035;B
20241102;101152;2591.5;5;2033124573171420036;B
20241102;101158;2592;1;2033124573171420037;B
20241102;101158;2592;3;2033124573171420038;B
20241102;101158;2592;1;2033124573171420039;B
20241102;101158;2592;2;2033124573171420040;B
20241102;101158;2592;50;2033124573171420041;B
20241102;101158;2592;10;2033124573171420042;B
20241102;101158;2592;20;2033124573171420043;B
20241102;101158;2592.5;40;2033124573171420044;B
20241102;101158;2592.5;1;2033124573171420045;B
20241102;101158;2592.5;1;2033124573171420046;B
20241102;101158;2592.5;1;2033124573171420047;B
20241102;101204;2592.5;3;2033124573171420048;B
20241102;101204;2592.5;1;2033124573171420049;B
20241102;101204;2592.5;40;2033124573171420050;B
20241102;101204;2593;1;2033124573171420051;B
20241102;101204;2593;40;2033124573171420052;B
20241102;101204;2593;3;2033124573171420053;B
20241102;101204;2593;1;2033124573171420054;B
20241102;101204;2593;1;2033124573171420055;B
20241102;101204;2593;3;2033124573171420056;B
20241102;101204;2593;2;2033124573171420057;B
20241102;101204;2593;5;2033124573171420058;B
20241102;101214;2592.5;16;2033124573171420059;B
20241102;101215;2592.5;44;2033124573171420060;B
20241102;101215;2592.5;6;2033124573171420061;B
20241102;101215;2592;1;2033124573171420062;S
20241102;101219;2592;1;2033124573171420063;S
20241102;101220;2592;1;2033124573171420064;S
20241102;101220;2592;1;2033124573171420065;S
20241102;101220;2592;30;2033124573171420066;S
20241102;101221;2591.5;4;2033124573171420067;S
20241102;101221;2591.5;3;2033124573171420068;S
20241102;101221;2591;3;2033124573171420069;S
20241102;101221;2591;3;2033124573171420070;S
20241102;101221;2591;3;2033124573171420071;S
20241102;101221;2591;3;2033124573171420072;S
20241102;101221;2591;1;2033124573171420073;S
20241102;101221;2591;10;2033124573171420074;S
20241102;101230;2591.5;2;2033124573171420075;B
20241102;101230;2591;30;2033124573171420076;S
20241102;101231;2591.5;1;2033124573171420077;B
20241102;101231;2592;1;2033124573171420078;B
20241102;101240;2592;1;2033124573171420079;B
20241102;101245;2591;5;2033124573171420080;S
20241102;101248;2592;1;2033124573171420081;B
20241102;101248;2592;2;2033124573171420082;B
20241102;101251;2592;3;2033124573171420083;B
20241102;101252;2592;15;2033124573171420084;B
20241102;101312;2591.5;2;2033124573171420085;S
20241102;101315;2591.5;1;2033124573171420086;S
20241102;101317;2592;1;2033124573171420087;B
20241102;101318;2591.5;1;2033124573171420088;S
20241102;101318;2592;1;2033124573171420089;B
20241102;101318;2592;1;2033124573171420090;B
20241102;101320;2592;1;2033124573171420091;B
20241102;101321;2592;9;2033124573171420092;B
20241102;101321;2592;20;2033124573171420093;B
20241102;101321;2592;1;2033124573171420094;B
20241102;101321;2592;8;2033124573171420095;B
20241102;101330;2593;1;2033124573171420096;B
20241102;101337;2592.5;5;2033124573171420097;S
20241102;101345;2592.5;4;2033124573171420098;S
20241102;101355;2592.5;1;2033124573171420099;B
20241102;101403;2592.5;1;2033124573171420100;B
20241102;101430;2592.5;1;2033124573171420101;B
20241102;101434;2592.5;3;2033124573171420102;B
20241102;101434;2592.5;3;2033124573171420103;B
20241102;101442;2592;3;2033124573171420104;S
20241102;101442;2592;10;2033124573171420105;S
20241102;101443;2592;1;2033124573171420106;S
20241102;101443;2592;4;2033124573171420107;S
20241102;101448;2592;3;2033124573171420108;S
20241102;101448;2592;7;2033124573171420109;S
20241102;101448;2592;10;2033124573171420110;S
20241102;101451;2592;4;2033124573171420111;S
20241102;101453;2592;2;2033124573171420112;S
20241102;101459;2592.5;12;2033124573171420113;B
20241102;101459;2592.5;40;2033124573171420114;B
20241102;101459;2592.5;1;2033124573171420115;B
20241102;101459;2592.5;3;2033124573171420116;B
20241102;101503;2592.5;10;2033124573171420117;S
20241102;101503;2592.5;59;2033124573171420118;S
20241102;101503;2592;41;2033124573171420119;S
20241102;101503;2592;10;2033124573171420120;S
20241102;101503;2592;30;2033124573171420121;S
20241102;101503;2592;10;2033124573171420122;S
20241102;101504;2592;10;2033124573171420123;S
20241102;101504;2592;10;2033124573171420124;S
20241102;101509;2592.5;12;2033124573171420125;B
20241102;101509;2592.5;10;2033124573171420126;B
20241102;101509;2592;10;2033124573171420127;S
20241102;101509;2592;10;2033124573171420128;S
20241102;101510;2592;10;2033124573171420129;S
20241102;101510;2592;10;2033124573171420130;S
20241102;101521;2591.5;10;2033124573171420131;S
20241102;101522;2591.5;14;2033124573171420132;S
20241102;101523;2591.5;10;2033124573171420133;S
20241102;101523;2591.5;3;2033124573171420134;S
20241102;101524;2591.5;3;2033124573171420135;S
20241102;101534;2592;1;2033124573171420136;B
20241102;101550;2591.5;8;2033124573171420137;S
20241102;101602;2592;2;2033124573171420138;B
20241102;101602;2592;1;2033124573171420139;B
20241102;101602;2592.5;6;2033124573171420140;B
20241102;101602;2592.5;5;2033124573171420141;B
20241102;101602;2592.5;40;2033124573171420142;B
20241102;101602;2592.5;1;2033124573171420143;B
20241102;101602;2592.5;1;2033124573171420144;B
20241102;101602;2592.5;24;2033124573171420145;B
20241102;101623;2591.5;1;2033124573171420146;S
20241102;101623;2591.5;1;2033124573171420147;S
20241102;101631;2591.5;30;2033124573171420148;S
20241102;101635;2591.5;1;2033124573171420149;S
20241102;101635;2591.5;39;2033124573171420150;S
20241102;101640;2591.5;2;2033124573171420151;S
20241102;101648;2591;1;2033124573171420152;S
20241102;101700;2591.5;1;2033124573171420153;B
20241102;101705;2591;10;2033124573171420154;S
20241102;101705;2591;3;2033124573171420155;S
20241102;101705;2591;1;2033124573171420156;S
20241102;101705;2591;1;2033124573171420157;S
20241102;101705;2591;38;2033124573171420158;S
20241102;101705;2591;40;2033124573171420159;S
20241102;101706;2590.5;1;2033124573171420160;S
20241102;101706;2590.5;1;2033124573171420161;S
20241102;101707;2590.5;10;2033124573171420162;S
20241102;101707;2590.5;1;2033124573171420163;S
20241102;101707;2590.5;125;2033124573171420164;S
20241102;101708;2590.5;20;2033124573171420165;S
20241102;101708;2590.5;20;2033124573171420166;S
20241102;101708;2590.5;20;2033124573171420167;S
20241102;101708;2590.5;20;2033124573171420168;S
20241102;101708;2590.5;20;2033124573171420169;S
20241102;101708;2590.5;20;2033124573171420170;S
20241102;101709;2590.5;1;2033124573171420171;S
20241102;101709;2590.5;1;2033124573171420172;S
20241102;101712;2590;1;2033124573171420173;S
20241102;101714;2590;1;2033124573171420174;S
20241102;101719;2590;1;2033124573171420175;S
20241102;101722;2590;1;2033124573171420176;S
20241102;101725;2590;1;2033124573171420177;S
20241102;101725;2590;2;2033124573171420178;S
20241102;101726;2590;1;2033124573171420179;S
20241102;101728;2590;1;2033124573171420180;S
20241102;101728;2590;2;2033124573171420181;S
20241102;101728;2590;4;2033124573171420182;S
20241102;101732;2589.5;1;2033124573171420183;S
20241102;101732;2589;1;2033124573171420184;S
20241102;101732;2589;1;2033124573171420185;S
20241102;101748;2588.5;2;2033124573171420186;S
20241102;101751;2588.5;1;2033124573171420187;S
20241102;101753;2589;3;2033124573171420188;B
20241102;101753;2589.5;2;2033124573171420189;B
20241102;101753;2588.5;1;2033124573171420190;S
20241102;101754;2588.5;1;2033124573171420191;S
20241102;101801;2589;3;2033124573171420192;B
20241102;101801;2589;2;2033124573171420193;B
20241102;101803;2588;1;2033124573171420194;S
20241102;101804;2588;1;2033124573171420195;S
20241102;101804;2588;1;2033124573171420196;S
20241102;101804;2588;1;2033124573171420197;S
20241102;101804;2587.5;70;2033124573171420198;S
20241102;101804;2587.5;3;2033124573171420199;S
20241102;101804;2587.5;3;2033124573171420200;S
20241102;101804;2587.5;5;2033124573171420201;S
20241102;101804;2587.5;1;2033124573171420202;S
20241102;101804;2587.5;165;2033124573171420203;S
20241102;101804;2587.5;6;2033124573171420204;S
20241102;101807;2587.5;3;2033124573171420205;B
20241102;101807;2587.5;1;2033124573171420206;B
20241102;101807;2587.5;1;2033124573171420207;B
20241102;101811;2587.5;6;2033124573171420208;B
20241102;101811;2588;4;2033124573171420209;B
20241102;101812;2588;5;2033124573171420210;B
20241102;101812;2587.5;28;2033124573171420211;S
20241102;101823;2588.5;1;2033124573171420212;B
20241102;101825;2588.5;2;2033124573171420213;S
20241102;101825;2588;40;2033124573171420214;S
20241102;101825;2588;8;2033124573171420215;S
20241102;101826;2589;1;2033124573171420216;B
20241102;101827;2588;4;2033124573171420217;S
20241102;101827;2588;1;2033124573171420218;S
20241102;101831;2588.5;1;2033124573171420219;B
20241102;101831;2588.5;1;2033124573171420220;B
20241102;101831;2588.5;1;2033124573171420221;B
20241102;101836;2589;1;2033124573171420222;B
20241102;101843;2589;1;2033124573171420223;B
20241102;101843;2589;5;2033124573171420224;B
20241102;101843;2589;1;2033124573171420225;B
20241102;101853;2589.5;1;2033124573171420226;B
20241102;101853;2589.5;2;2033124573171420227;B
20241102;101855;2589.5;3;2033124573171420228;B
20241102;101859;2589.5;12;2033124573171420229;S
20241102;101859;2589.5;3;2033124573171420230;S
20241102;101859;2589.5;10;2033124573171420231;S
20241102;101859;2589.5;10;2033124573171420232;S
20241102;101859;2589.5;6;2033124573171420233;S
20241102;101859;2589;3;2033124573171420234;S
20241102;101859;2589;3;2033124573171420235;S
20241102;101859;2588.5;14;2033124573171420236;S
20241102;101909;2588.5;1;2033124573171420237;S
20241102;101909;2588.5;1;2033124573171420238;S
20241102;101909;2588.5;1;2033124573171420239;S
20241102;101909;2588.5;1;2033124573171420240;S
20241102;101909;2588.5;4;2033124573171420241;S
20241102;101915;2588.5;9;2033124573171420242;B
20241102;101915;2588.5;1;2033124573171420243;B
20241102;101920;2588;1;2033124573171420244;S
20241102;101920;2588;2;2033124573171420245;S
20241102;101920;2588;1;2033124573171420246;S
20241102;101920;2588;3;2033124573171420247;S
20241102;101920;2588;3;2033124573171420248;S
20241102;101920;2587.5;5;2033124573171420249;S
20241102;101920;2587.5;1;2033124573171420250;S
20241102;101920;2587.5;1;2033124573171420251;S
20241102;101920;2587.5;6;2033124573171420252;S
20241102;101925;2588;1;2033124573171420253;B
20241102;101927;2588.5;1;2033124573171420254;B
20241102;101930;2588.5;1;2033124573171420255;B
20241102;101930;2588.5;9;2033124573171420256;B
20241102;101941;2588.5;1;2033124573171420257;B
20241102;101941;2588.5;1;2033124573171420258;B
20241102;101941;2588.5;7;2033124573171420259;B
20241102;101942;2588.5;1;2033124573171420260;S
20241102;101943;2588.5;3;2033124573171420261;S
20241102;102000;2588.5;5;2033124573171420262;S
20241102;102000;2588.5;10;2033124573171420263;S
20241102;102000;2588;35;2033124573171420264;S
20241102;102011;2588;1;2033124573171420265;S
20241102;102011;2588;1;2033124573171420266;S
20241102;102011;2587.5;1;2033124573171420267;S
20241102;102011;2587.5;9;2033124573171420268;S
20241102;102016;2587.5;3;2033124573171420269;S
20241102;102016;2587.5;6;2033124573171420270;S
20241102;102016;2587.5;11;2033124573171420271;S
20241102;102019;2587.5;5;2033124573171420272;S
20241102;102024;2588;5;2033124573171420273;B
20241102;102045;2587.5;2;2033124573171420274;S
20241102;102045;2587.5;3;2033124573171420275;S
20241102;102045;2587.5;5;2033124573171420276;S
20241102;102051;2588;22;2033124573171420277;B
20241102;102051;2588;1;2033124573171420278;B
20241102;102051;2588;1;2033124573171420279;B
20241102;102053;2588.5;1;2033124573171420280;B
20241102;102053;2588.5;3;2033124573171420281;B
20241102;102103;2588;1;2033124573171420282;S
20241102;102105;2589;1;2033124573171420283;B
20241102;102105;2589;1;2033124573171420284;B
20241102;102105;2589;18;2033124573171420285;B
20241102;102105;2589;6;2033124573171420286;B
20241102;102105;2589;3;2033124573171420287;B
20241102;102105;2589;3;2033124573171420288;B
20241102;102105;2589;2;2033124573171420289;B
20241102;102108;2589.5;3;2033124573171420290;B
20241102;102114;2589.5;2;2033124573171420291;B
20241102;102119;2589;1;2033124573171420292;S
20241102;102121;2589;1;2033124573171420293;S
20241102;102128;2589;1;2033124573171420294;S
20241102;102128;2589;3;2033124573171420295;S
20241102;102132;2588;1;2033124573171420296;S
20241102;102133;2588;1;2033124573171420297;S
20241102;102133;2588.5;6;2033124573171420298;B
20241102;102133;2588.5;1;2033124573171420299;B
20241102;102133;2589;37;2033124573171420300;B
20241102;102133;2589;6;2033124573171420301;B
20241102;102133;2589;1;2033124573171420302;B
20241102;102133;2589;1;2033124573171420303;B
20241102;102133;2589;3;2033124573171420304;B
20241102;102133;2589.5;1;2033124573171420305;B
20241102;102133;2589.5;1;2033124573171420306;B
20241102;102133;2589.5;15;2033124573171420307;B
20241102;102134;2589;1;2033124573171420308;B
20241102;102134;2587.5;2;2033124573171420309;S
20241102;102136;2587.5;25;2033124573171420310;S
20241102;102139;2588.5;6;2033124573171420311;B
20241102;102139;2588.5;4;2033124573171420312;B
20241102;102151;2589;1;2033124573171420313;B
20241102;102151;2589;3;2033124573171420314;S
20241102;102155;2589;2;2033124573171420315;S
20241102;102155;2589;3;2033124573171420316;S
20241102;102203;2589;10;2033124573171420317;S
20241102;102205;2589;2;2033124573171420318;S
20241102;102215;2588.5;1;2033124573171420319;S
20241102;102215;2588;1;2033124573171420320;S
20241102;102215;2588;1;2033124573171420321;S
20241102;102215;2588;1;2033124573171420322;S
20241102;102215;2588;3;2033124573171420323;S
20241102;102216;2587.5;2;2033124573171420324;S
20241102;102221;2588;1;2033124573171420325;B
20241102;102221;2588;3;2033124573171420326;B
20241102;102221;2588;6;2033124573171420327;B
20241102;102236;2589;1;2033124573171420328;B
20241102;102253;2589;8;2033124573171420329;B
20241102;102302;2589;3;2033124573171420330;B
20241102;102302;2589;1;2033124573171420331;B
20241102;102304;2588.5;10;2033124573171420332;S
20241102;102306;2589;1;2033124573171420333;B
20241102;102308;2589;1;2033124573171420334;B
20241102;102312;2589;5;2033124573171420335;B
20241102;102313;2589;7;2033124573171420336;B
20241102;102313;2589.5;1;2033124573171420337;B
20241102;102313;2589.5;1;2033124573171420338;B
20241102;102313;2589.5;1;2033124573171420339;B
20241102;102313;2589.5;1;2033124573171420340;B
20241102;102313;2589.5;14;2033124573171420341;B
20241102;102313;2589.5;1;2033124573171420342;B
20241102;102314;2589.5;2;2033124573171420343;S
20241102;102319;2589.5;10;2033124573171420344;S
20241102;102331;2589.5;1;2033124573171420345;B
20241102;102334;2589;3;2033124573171420346;S
20241102;102334;2589;1;2033124573171420347;S
20241102;102334;2589;1;2033124573171420348;S
20241102;102335;2588.5;3;2033124573171420349;S
20241102;102335;2588.5;1;2033124573171420350;S
20241102;102335;2588;3;2033124573171420351;S
20241102;102335;2588;7;2033124573171420352;S
20241102;102335;2588;1;2033124573171420353;S
20241102;102335;2588;10;2033124573171420354;S
20241102;102336;2588;10;2033124573171420355;S
20241102;102336;2588;10;2033124573171420356;S
20241102;102336;2588;10;2033124573171420357;S
20241102;102337;2588;10;2033124573171420358;S
20241102;102340;2588;18;2033124573171420359;S
20241102;102356;2588;3;2033124573171420360;B
20241102;102357;2588;10;2033124573171420361;S
20241102;102357;2588;10;2033124573171420362;S
20241102;102357;2588;6;2033124573171420363;S
20241102;102357;2588;5;2033124573171420364;S
20241102;102357;2588;10;2033124573171420365;S
20241102;102357;2588;6;2033124573171420366;S
20241102;102357;2587.5;1;2033124573171420367;S
20241102;102357;2587.5;1;2033124573171420368;S
20241102;102357;2587.5;5;2033124573171420369;S
20241102;102357;2587.5;3;2033124573171420370;S
20241102;102357;2587.5;1;2033124573171420371;S
20241102;102357;2587.5;3;2033124573171420372;S
20241102;102358;2587.5;10;2033124573171420373;S
20241102;102358;2587.5;3;2033124573171420374;S
20241102;102358;2587.5;7;2033124573171420375;S
20241102;102359;2587.5;10;2033124573171420376;S
20241102;102400;2588;3;2033124573171420377;S
20241102;102400;2587.5;47;2033124573171420378;S
20241102;102400;2587.5;10;2033124573171420379;S
20241102;102400;2587.5;2;2033124573171420380;S
20241102;102401;2587.5;10;2033124573171420381;S
20241102;102401;2587.5;10;2033124573171420382;S
20241102;102402;2587.5;10;2033124573171420383;S
20241102;102402;2587.5;10;2033124573171420384;S
20241102;102402;2587.5;10;2033124573171420385;S
20241102;102402;2587.5;10;2033124573171420386;S
20241102;102403;2587.5;10;2033124573171420387;S
20241102;102403;2587.5;10;2033124573171420388;S
20241102;102404;2587.5;10;2033124573171420389;S
20241102;102404;2587.5;10;2033124573171420390;S
20241102;102404;2587.5;10;2033124573171420391;S
20241102;102412;2587;5;2033124573171420392;S
20241102;102412;2587;5;2033124573171420393;S
20241102;102412;2587;10;2033124573171420394;S
20241102;102413;2587;7;2033124573171420395;S
20241102;102413;2587;10;2033124573171420396;S
20241102;102413;2587;2;2033124573171420397;S
20241102;102413;2587;10;2033124573171420398;S
20241102;102414;2587;40;2033124573171420399;S
20241102;102414;2587;3;2033124573171420400;S
20241102;102414;2587;6;2033124573171420401;S
20241102;102414;2587;3;2033124573171420402;S
20241102;102414;2587;9;2033124573171420403;S
20241102;102414;2587;3;2033124573171420404;S
20241102;102414;2587;1;2033124573171420405;S
20241102;102414;2587;1;2033124573171420406;S
20241102;102414;2587;26;2033124573171420407;S
20241102;102414;2587;5;2033124573171420408;S
20241102;102414;2587;1;2033124573171420409;S
20241102;102414;2586.5;4;2033124573171420410;S
20241102;102414;2586.5;10;2033124573171420411;S
20241102;102414;2586.5;1;2033124573171420412;S
20241102;102414;2586.5;1;2033124573171420413;S
20241102;102414;2586.5;10;2033124573171420414;S
20241102;102414;2586.5;4;2033124573171420415;S
20241102;102414;2586.5;3;2033124573171420416;S
20241102;102414;2586.5;3;2033124573171420417;S
20241102;102415;2586.5;2;2033124573171420418;S
20241102;102415;2586.5;10;2033124573171420419;S
20241102;102415;2586.5;10;2033124573171420420;S
20241102;102416;2586.5;10;2033124573171420421;S
20241102;102416;2586.5;10;2033124573171420422;S
20241102;102416;2586;2;2033124573171420423;S
20241102;102416;2586;1;2033124573171420424;S
20241102;102416;2586;1;2033124573171420425;S
20241102;102416;2586;2;2033124573171420426;S
20241102;102416;2586;2;2033124573171420427;S
20241102;102416;2586;2;2033124573171420428;S
20241102;102420;2586;10;2033124573171420429;S
20241102;102420;2586;10;2033124573171420430;S
20241102;102421;2586;10;2033124573171420431;S
20241102;102424;2586;1;2033124573171420432;S
20241102;102424;2586;1;2033124573171420433;S
20241102;102424;2586;1;2033124573171420434;S
20241102;102424;2586;1;2033124573171420435;S
20241102;102424;2586;1;2033124573171420436;S
20241102;102424;2586;1;2033124573171420437;S
20241102;102429;2586;2;2033124573171420438;S
20241102;102431;2586;40;2033124573171420439;S
20241102;102431;2586;40;2033124573171420440;S
20241102;102431;2586;40;2033124573171420441;S
20241102;102431;2586;40;2033124573171420442;S
20241102;102431;2586;40;2033124573171420443;B
20241102;102431;2586;40;2033124573171420444;B
20241102;102431;2586;40;2033124573171420445;B
20241102;102431;2585.5;1;2033124573171420446;S
20241102;102431;2585.5;1;2033124573171420447;S
20241102;102431;2585.5;8;2033124573171420448;S
20241102;102432;2585.5;1;2033124573171420449;S
20241102;102432;2586;1;2033124573171420450;B
20241102;102432;2586;1;2033124573171420451;B
20241102;102435;2586;1;2033124573171420452;S
20241102;102435;2586;1;2033124573171420453;S
20241102;102435;2586;1;2033124573171420454;S
20241102;102435;2586;1;2033124573171420455;S
20241102;102435;2586;1;2033124573171420456;S
20241102;102438;2586;2;2033124573171420457;S
20241102;102443;2585.5;1;2033124573171420458;S
20241102;102445;2586;4;2033124573171420459;B
20241102;102445;2586;3;2033124573171420460;B
20241102;102445;2586.5;3;2033124573171420461;B
20241102;102445;2586.5;3;2033124573171420462;B
20241102;102445;2586.5;3;2033124573171420463;B
20241102;102445;2586.5;7;2033124573171420464;B
20241102;102447;2586;5;2033124573171420465;S
20241102;102448;2586;8;2033124573171420466;S
20241102;102450;2586.5;2;2033124573171420467;S
20241102;102450;2586;8;2033124573171420468;S
20241102;102452;2586;1;2033124573171420469;S
20241102;102452;2586;1;2033124573171420470;S
20241102;102452;2586;1;2033124573171420471;S
20241102;102452;2586;1;2033124573171420472;S
20241102;102452;2586;1;2033124573171420473;S
20241102;102452;2586;1;2033124573171420474;S
20241102;102453;2586;1;2033124573171420475;S
20241102;102453;2586;1;2033124573171420476;S
20241102;102453;2586;1;2033124573171420477;S
20241102;102453;2586;1;2033124573171420478;S
20241102;102453;2586;1;2033124573171420479;S
20241102;102453;2586;1;2033124573171420480;S
20241102;102453;2586;1;2033124573171420481;S
20241102;102457;2586;1;2033124573171420482;S
20241102;102502;2586.5;1;2033124573171420483;B
20241102;102503;2586.5;3;2033124573171420484;B
20241102;102503;2586.5;3;2033124573171420485;B
20241102;102503;2586.5;4;2033124573171420486;B
20241102;102507;2586;10;2033124573171420487;S
20241102;102507;2586;10;2033124573171420488;S
20241102;102508;2586;2;2033124573171420489;S
20241102;102515;2586;6;2033124573171420490;S
20241102;102521;2586.5;20;2033124573171420491;B
20241102;102521;2586.5;2;2033124573171420492;B
20241102;102531;2586;2;2033124573171420493;S
20241102;102531;2586;2;2033124573171420494;S
20241102;102534;2586.5;2;2033124573171420495;B
20241102;102541;2586;3;2033124573171420496;S
20241102;102545;2586;4;2033124573171420497;S
20241102;102548;2586;10;2033124573171420498;S
20241102;102549;2586;1;2033124573171420499;S
20241102;102549;2586;5;2033124573171420500;S
20241102;102550;2586;10;2033124573171420501;B
20241102;102555;2586;1;2033124573171420502;B
20241102;102556;2585.5;4;2033124573171420503;S
20241102;102556;2585.5;1;2033124573171420504;S
20241102;102556;2585.5;50;2033124573171420505;S
20241102;102557;2585.5;20;2033124573171420506;S
20241102;102557;2585.5;2;2033124573171420507;S
20241102;102602;2585.5;18;2033124573171420508;S
20241102;102602;2585.5;12;2033124573171420509;S
20241102;102602;2585.5;18;2033124573171420510;S
20241102;102602;2585.5;6;2033124573171420511;S
20241102;102602;2585.5;6;2033124573171420512;S
20241102;102602;2585.5;6;2033124573171420513;S
20241102;102602;2585.5;6;2033124573171420514;S
20241102;102602;2585.5;3;2033124573171420515;S
20241102;102605;2585.5;3;2033124573171420516;S
20241102;102605;2585.5;40;2033124573171420517;S
20241102;102613;2585;1;2033124573171420518;S
20241102;102613;2585;1;2033124573171420519;S
20241102;102613;2585;40;2033124573171420520;S
20241102;102613;2585;1;2033124573171420521;S
20241102;102613;2585;34;2033124573171420522;S
20241102;102613;2585;4;2033124573171420523;S
20241102;102613;2585;1;2033124573171420524;S
20241102;102613;2585;1;2033124573171420525;S
20241102;102613;2585;20;2033124573171420526;S
20241102;102613;2585;5;2033124573171420527;S
20241102;102613;2585;1;2033124573171420528;S
20241102;102613;2585;1;2033124573171420529;S
20241102;102613;2585;3;2033124573171420530;S
20241102;102613;2585;1;2033124573171420531;S
20241102;102613;2585;6;2033124573171420532;S
20241102;102613;2584.5;40;2033124573171420533;S
20241102;102613;2584.5;3;2033124573171420534;S
20241102;102613;2584.5;24;2033124573171420535;S
20241102;102613;2584.5;6;2033124573171420536;S
20241102;102613;2584.5;60;2033124573171420537;S
20241102;102613;2584.5;30;2033124573171420538;S
20241102;102613;2584.5;14;2033124573171420539;S
20241102;102614;2585;1;2033124573171420540;S
20241102;102614;2585;29;2033124573171420541;S
20241102;102614;2584.5;3;2033124573171420542;S
20241102;102614;2584.5;8;2033124573171420543;S
20241102;102617;2585;1;2033124573171420544;S
20241102;102617;2585;2;2033124573171420545;S
20241102;102618;2585;3;2033124573171420546;B
20241102;102620;2584;40;2033124573171420547;S
20241102;102620;2584;1;2033124573171420548;S
20241102;102620;2584;1;2033124573171420549;S
20241102;102620;2584;6;2033124573171420550;S
20241102;102620;2584;100;2033124573171420551;S
20241102;102620;2584;1;2033124573171420552;S
20241102;102620;2584;3;2033124573171420553;S
20241102;102620;2584;18;2033124573171420554;S
20241102;102620;2584;88;2033124573171420555;S
20241102;102630;2585;30;2033124573171420556;B
20241102;102632;2584.5;1;2033124573171420557;S
20241102;102642;2585;4;2033124573171420558;B
20241102;102642;2585;3;2033124573171420559;B
20241102;102642;2585;1;2033124573171420560;B
20241102;102642;2585;3;2033124573171420561;B
20241102;102642;2585;1;2033124573171420562;B
20241102;102642;2585;28;2033124573171420563;B
20241102;102642;2585;2;2033124573171420564;B
20241102;102650;2585.5;1;2033124573171420565;B
20241102;102650;2585.5;3;2033124573171420566;B
20241102;102650;2585.5;3;2033124573171420567;B
20241102;102650;2585.5;4;2033124573171420568;B
20241102;102650;2585.5;2;2033124573171420569;B
20241102;102650;2585.5;27;2033124573171420570;B
20241102;102650;2585.5;3;2033124573171420571;B
20241102;102657;2586;3;2033124573171420572;B
20241102;102657;2586;1;2033124573171420573;B
20241102;102657;2586;3;2033124573171420574;B
20241102;102657;2586;3;2033124573171420575;B
20241102;102657;2586;3;2033124573171420576;B
20241102;102700;2586.5;1;2033124573171420577;B
20241102;102700;2586.5;1;2033124573171420578;B
20241102;102710;2586;1;2033124573171420579;S
20241102;102713;2586;1;2033124573171420580;S
20241102;102715;2586;4;2033124573171420581;S
20241102;102715;2586;1;2033124573171420582;S
20241102;102718;2586.5;1;2033124573171420583;B
20241102;102718;2586.5;3;2033124573171420584;B
20241102;102718;2586.5;4;2033124573171420585;B
20241102;102720;2586.5;2;2033124573171420586;S
20241102;102721;2586.5;18;2033124573171420587;S
20241102;102721;2586.5;6;2033124573171420588;S
20241102;102721;2586.5;6;2033124573171420589;S
20241102;102721;2586.5;12;2033124573171420590;S
20241102;102721;2586.5;3;2033124573171420591;S
20241102;102723;2586.5;55;2033124573171420592;S
20241102;102724;2586;1;2033124573171420593;S
20241102;102743;2586;1;2033124573171420594;B
20241102;102745;2586;5;2033124573171420595;B
20241102;102749;2586;1;2033124573171420596;S
20241102;102753;2586.5;1;2033124573171420597;B
20241102;102756;2586;1;2033124573171420598;S
20241102;102819;2586;14;2033124573171420599;S
20241102;102824;2586;4;2033124573171420600;S
20241102;102824;2586;26;2033124573171420601;S
20241102;102826;2586.5;6;2033124573171420602;B
20241102;102826;2586.5;1;2033124573171420603;B
20241102;102830;2586.5;6;2033124573171420604;B
20241102;102831;2586.5;40;2033124573171420605;B
20241102;102831;2586.5;6;2033124573171420606;B
20241102;102832;2586.5;69;2033124573171420607;B
20241102;102837;2586;14;2033124573171420608;S
20241102;102837;2586;2;2033124573171420609;S
20241102;102844;2586.5;8;2033124573171420610;B
20241102;102853;2586;2;2033124573171420611;S
20241102;102854;2586.5;6;2033124573171420612;B
20241102;102904;2586.5;4;2033124573171420613;B
20241102;102926;2586.5;1;2033124573171420614;B
20241102;102928;2586;1;2033124573171420615;S
20241102;102938;2586;6;2033124573171420616;S
20241102;102950;2586;2;2033124573171420617;S
20241102;102950;2586;3;2033124573171420618;S
20241102;102951;2586.5;29;2033124573171420619;B
20241102;103003;2586.5;10;2033124573171420620;B
20241102;103021;2586;1;2033124573171420621;S
20241102;103021;2585.5;2;2033124573171420622;S
20241102;103021;2585.5;1;2033124573171420623;S
20241102;103021;2585.5;3;2033124573171420624;S
20241102;103021;2586;11;2033124573171420625;B
20241102;103021;2586;6;2033124573171420626;B
20241102;103032;2585.5;1;2033124573171420627;S
20241102;103032;2585.5;3;2033124573171420628;S
20241102;103032;2585;1;2033124573171420629;S
20241102;103032;2585;5;2033124573171420630;S
20241102;103109;2585;1;2033124573171420631;S
20241102;103109;2585;1;2033124573171420632;S
20241102;103109;2585;3;2033124573171420633;S
20241102;103109;2585.5;1;2033124573171420634;B
20241102;103126;2585.5;20;2033124573171420635;S
20241102;103137;2585;5;2033124573171420636;S
20241102;103139;2585.5;2;2033124573171420637;S
20241102;103139;2585.5;6;2033124573171420638;S
20241102;103139;2585.5;12;2033124573171420639;S
20241102;103139;2585.5;40;2033124573171420640;S
20241102;103145;2585;1;2033124573171420641;S
20241102;103145;2585;4;2033124573171420642;S
20241102;103159;2585.5;130;2033124573171420643;B
20241102;103202;2585.5;30;2033124573171420644;B
20241102;103212;2585.5;1;2033124573171420645;B
20241102;103213;2585.5;29;2033124573171420646;B
20241102;103213;2585.5;1;2033124573171420647;B
20241102;103318;2585.5;2;2033124573171420648;S
20241102;103319;2586.5;1;2033124573171420649;B
20241102;103319;2586.5;2;2033124573171420650;B
20241102;103319;2585.5;5;2033124573171420651;S
20241102;103342;2586.5;7;2033124573171420652;B
20241102;103342;2586.5;4;2033124573171420653;B
20241102;103342;2586.5;4;2033124573171420654;B
20241102;103353;2586.5;2;2033124573171420655;B
20241102;103353;2586.5;5;2033124573171420656;B
20241102;103354;2587;1;2033124573171420657;B
20241102;103359;2587;1;2033124573171420658;B
20241102;103401;2586.5;1;2033124573171420659;S
20241102;103405;2586.5;1;2033124573171420660;B
20241102;103447;2586.5;8;2033124573171420661;B
20241102;103507;2586.5;2;2033124573171420662;B
20241102;103507;2586.5;3;2033124573171420663;B
20241102;103522;2586.5;9;2033124573171420664;B
20241102;103525;2586;3;2033124573171420665;S
20241102;103525;2586;1;2033124573171420666;S
20241102;103525;2586;1;2033124573171420667;S
20241102;103545;2586;4;2033124573171420668;S
20241102;103545;2586;4;2033124573171420669;S
20241102;103549;2585.5;1;2033124573171420670;S
20241102;103549;2585.5;3;2033124573171420671;S
20241102;103549;2585.5;10;2033124573171420672;S
20241102;103549;2585.5;3;2033124573171420673;S
20241102;103549;2585.5;6;2033124573171420674;S
20241102;103549;2585.5;3;2033124573171420675;S
20241102;103610;2585;1;2033124573171420676;S
20241102;103610;2585;2;2033124573171420677;S
20241102;103610;2585;1;2033124573171420678;S
20241102;103610;2585;1;2033124573171420679;S
20241102;103612;2585;1;2033124573171420680;B
20241102;103612;2585;5;2033124573171420681;B
20241102;103618;2585;35;2033124573171420682;B
20241102;103618;2585;6;2033124573171420683;B
20241102;103618;2585;12;2033124573171420684;B
20241102;103618;2585.5;14;2033124573171420685;B
20241102;103618;2585.5;18;2033124573171420686;B
20241102;103618;2585.5;6;2033124573171420687;B
20241102;103618;2585.5;1;2033124573171420688;B
20241102;103618;2585.5;1;2033124573171420689;B
20241102;103618;2585.5;60;2033124573171420690;B
20241102;103618;2585.5;60;2033124573171420691;B
20241102;103618;2585.5;60;2033124573171420692;B
20241102;103618;2586;40;2033124573171420693;B
20241102;103618;2586;12;2033124573171420694;B
20241102;103618;2586;6;2033124573171420695;B
20241102;103618;2586;1;2033124573171420696;B
20241102;103618;2586;10;2033124573171420697;B
20241102;103618;2586;4;2033124573171420698;B
20241102;103618;2586;40;2033124573171420699;S
20241102;103618;2586;6;2033124573171420700;S
20241102;103618;2586;3;2033124573171420701;S
20241102;103624;2586;8;2033124573171420702;S
20241102;103624;2586;40;2033124573171420703;S
20241102;103626;2586;40;2033124573171420704;S
20241102;103626;2586;6;2033124573171420705;S
20241102;103626;2586;11;2033124573171420706;S
20241102;103627;2585;1;2033124573171420707;S
20241102;103629;2584.5;55;2033124573171420708;B
20241102;103629;2584.5;40;2033124573171420709;B
20241102;103629;2585;9;2033124573171420710;B
20241102;103651;2584;1;2033124573171420711;S
20241102;103651;2584;1;2033124573171420712;S
20241102;103651;2584;3;2033124573171420713;S
20241102;103651;2583.5;3;2033124573171420714;S
20241102;103652;2583.5;2;2033124573171420715;S
20241102;103652;2583.5;1;2033124573171420716;S
20241102;103652;2583.5;5;2033124573171420717;S
20241102;103652;2583.5;7;2033124573171420718;S
20241102;103652;2583.5;6;2033124573171420719;S
20241102;103656;2583.5;1;2033124573171420720;S
20241102;103711;2584;1;2033124573171420721;B
20241102;103711;2584;2;2033124573171420722;B
20241102;103713;2583.5;6;2033124573171420723;S
20241102;103713;2583;24;2033124573171420724;S
20241102;103730;2583.5;1;2033124573171420725;S
20241102;103731;2583.5;24;2033124573171420726;B
20241102;103731;2583.5;40;2033124573171420727;B
20241102;103731;2584;3;2033124573171420728;B
20241102;103732;2583;19;2033124573171420729;S
20241102;103739;2583;11;2033124573171420730;S
20241102;103739;2583;1;2033124573171420731;S
20241102;103739;2583;6;2033124573171420732;S
20241102;103739;2583;18;2033124573171420733;S
20241102;103739;2583;4;2033124573171420734;S
20241102;103743;2583;1;2033124573171420735;S
20241102;103743;2583;1;2033124573171420736;S
20241102;103744;2583.5;3;2033124573171420737;B
20241102;103744;2583;3;2033124573171420738;S
20241102;103744;2583;1;2033124573171420739;S
20241102;103744;2583;1;2033124573171420740;S
20241102;103744;2583;1;2033124573171420741;S
20241102;103744;2583;2;2033124573171420742;S
20241102;103749;2583;1;2033124573171420743;S
20241102;103749;2583;1;2033124573171420744;S
20241102;103749;2583;8;2033124573171420745;S
20241102;103752;2582.5;1;2033124573171420746;S
20241102;103752;2582.5;1;2033124573171420747;S
20241102;103757;2583;6;2033124573171420748;B
20241102;103757;2583;12;2033124573171420749;B
20241102;103757;2583;3;2033124573171420750;B
20241102;103757;2583;9;2033124573171420751;B
20241102;103757;2583;20;2033124573171420752;B
20241102;103806;2583.5;1;2033124573171420753;S
20241102;103812;2584;3;2033124573171420754;B
20241102;103812;2584;1;2033124573171420755;B
20241102;103812;2584;1;2033124573171420756;B
20241102;103812;2584;4;2033124573171420757;B
20241102;103812;2584;2;2033124573171420758;B
20241102;103813;2584;1;2033124573171420759;S
20241102;103813;2584;4;2033124573171420760;S
20241102;103816;2584.5;3;2033124573171420761;B
20241102;103816;2584.5;18;2033124573171420762;B
20241102;103816;2584.5;1;2033124573171420763;B
20241102;103816;2584.5;1;2033124573171420764;B
20241102;103816;2585;31;2033124573171420765;B
20241102;103816;2585;3;2033124573171420766;B
20241102;103816;2585;6;2033124573171420767;B
20241102;103816;2585;6;2033124573171420768;B
20241102;103816;2585;3;2033124573171420769;S
20241102;103818;2585;3;2033124573171420770;S
20241102;103821;2585;3;2033124573171420771;S
20241102;103821;2585;5;2033124573171420772;S
20241102;103824;2585;2;2033124573171420773;S
20241102;103824;2585;1;2033124573171420774;S
20241102;103831;2584;1;2033124573171420775;S
20241102;103831;2584;3;2033124573171420776;S
20241102;103840;2584;2;2033124573171420777;S
20241102;103856;2584;2;2033124573171420778;S
20241102;103856;2584;5;2033124573171420779;S
20241102;103858;2584.5;8;2033124573171420780;B
20241102;103858;2585;5;2033124573171420781;B
20241102;103858;2585;40;2033124573171420782;B
20241102;103858;2585;7;2033124573171420783;B
20241102;103858;2585;18;2033124573171420784;B
20241102;103858;2585.5;8;2033124573171420785;B
20241102;103909;2584.5;3;2033124573171420786;B
20241102;103923;2585;40;2033124573171420787;B
20241102;103923;2585;5;2033124573171420788;B
20241102;103923;2585.5;32;2033124573171420789;B
20241102;103923;2585.5;1;2033124573171420790;B
20241102;103923;2585.5;1;2033124573171420791;B
20241102;103923;2585.5;1;2033124573171420792;B
20241102;103927;2584.5;1;2033124573171420793;S
20241102;103949;2584.5;7;2033124573171420794;S
20241102;103950;2585;3;2033124573171420795;B
20241102;103951;2584.5;1;2033124573171420796;S
20241102;103953;2585;2;2033124573171420797;B
20241102;103953;2585.5;3;2033124573171420798;B
20241102;103953;2585.5;3;2033124573171420799;B
20241102;103953;2585.5;18;2033124573171420800;B
20241102;103953;2585.5;3;2033124573171420801;B
20241102;103953;2585.5;3;2033124573171420802;B
20241102;104004;2585.5;2;2033124573171420803;B
20241102;104005;2586;7;2033124573171420804;B
20241102;104008;2586;3;2033124573171420805;B
20241102;104009;2585.5;5;2033124573171420806;S
20241102;104011;2586;1;2033124573171420807;B
20241102;104013;2586.5;1;2033124573171420808;B
20241102;104013;2586.5;1;2033124573171420809;B
20241102;104013;2586.5;1;2033124573171420810;B
20241102;104013;2587;1;2033124573171420811;B
20241102;104013;2587;1;2033124573171420812;B
20241102;104013;2587;1;2033124573171420813;B
20241102;104013;2587;4;2033124573171420814;B
20241102;104017;2586.5;5;2033124573171420815;S
20241102;104024;2586.5;5;2033124573171420816;S
20241102;104031;2586.5;1;2033124573171420817;S
20241102;104053;2586;2;2033124573171420818;S
20241102;104053;2585.5;6;2033124573171420819;S
20241102;104053;2585.5;1;2033124573171420820;S
20241102;104053;2585.5;9;2033124573171420821;S
20241102;104053;2585.5;3;2033124573171420822;S
20241102;104053;2585.5;6;2033124573171420823;S
20241102;104053;2585.5;20;2033124573171420824;B
20241102;104057;2585;1;2033124573171420825;S
20241102;104108;2585;2;2033124573171420826;S
20241102;104110;2585;2;2033124573171420827;S
20241102;104118;2585.5;1;2033124573171420828;B
20241102;104128;2585.5;52;2033124573171420829;B
20241102;104128;2585.5;9;2033124573171420830;B
20241102;104128;2586;1;2033124573171420831;B
20241102;104128;2586;1;2033124573171420832;B
20241102;104128;2586.5;9;2033124573171420833;B
20241102;104128;2586.5;28;2033124573171420834;B
20241102;104132;2586;9;2033124573171420835;S
20241102;104141;2585.5;3;2033124573171420836;S
20241102;104141;2586;11;2033124573171420837;B
20241102;104146;2586;1;2033124573171420838;S
20241102;104153;2586;6;2033124573171420839;S
20241102;104153;2586;9;2033124573171420840;S
20241102;104155;2586;1;2033124573171420841;S
20241102;104157;2586;12;2033124573171420842;S
20241102;104157;2585.5;3;2033124573171420843;S
20241102;104216;2586;1;2033124573171420844;B
20241102;104246;2586;4;2033124573171420845;B
20241102;104301;2586;1;2033124573171420846;B
20241102;104301;2586;40;2033124573171420847;B
20241102;104301;2586;6;2033124573171420848;B
20241102;104301;2586;20;2033124573171420849;B
20241102;104301;2586.5;1;2033124573171420850;B
20241102;104301;2586.5;9;2033124573171420851;B
20241102;104301;2586.5;3;2033124573171420852;B
20241102;104326;2585.5;1;2033124573171420853;S
20241102;104326;2585.5;1;2033124573171420854;S
20241102;104326;2585.5;6;2033124573171420855;S
20241102;104329;2586;8;2033124573171420856;B
20241102;104344;2586;2;2033124573171420857;B
20241102;104344;2586;1;2033124573171420858;B
20241102;104344;2586;6;2033124573171420859;B
20241102;104344;2586;1;2033124573171420860;B
20241102;104344;2586;2;2033124573171420861;B
20241102;104344;2586;20;2033124573171420862;B
20241102;104345;2585.5;3;2033124573171420863;S
20241102;104356;2586.5;1;2033124573171420864;S
20241102;104357;2587;1;2033124573171420865;B
20241102;104357;2587;1;2033124573171420866;B
20241102;104357;2587;3;2033124573171420867;B
20241102;104357;2587;2;2033124573171420868;B
20241102;104414;2586;1;2033124573171420869;S
20241102;104421;2587;1;2033124573171420870;B
20241102;104432;2586.5;1;2033124573171420871;B
20241102;104437;2586;1;2033124573171420872;S
20241102;104456;2586.5;1;2033124573171420873;S
20241102;104515;2587;3;2033124573171420874;B
20241102;104519;2587;3;2033124573171420875;B
20241102;104529;2587;9;2033124573171420876;B
20241102;104533;2586.5;23;2033124573171420877;S
20241102;104542;2587;3;2033124573171420878;B
20241102;104554;2587;8;2033124573171420879;B
20241102;104557;2587;25;2033124573171420880;B
20241102;104558;2587;9;2033124573171420881;B
20241102;104601;2587;1;2033124573171420882;B
20241102;104603;2587;5;2033124573171420883;B
20241102;104603;2587;37;2033124573171420884;B
20241102;104603;2587;1;2033124573171420885;B
20241102;104603;2587;2;2033124573171420886;B
20241102;104603;2587;3;2033124573171420887;B
20241102;104616;2587.5;1;2033124573171420888;B
20241102;104616;2587.5;1;2033124573171420889;B
20241102;104617;2587.5;1;2033124573171420890;B
20241102;104617;2587.5;1;2033124573171420891;B
20241102;104617;2587.5;13;2033124573171420892;B
20241102;104620;2587.5;7;2033124573171420893;B
20241102;104624;2587.5;5;2033124573171420894;B
20241102;104635;2588;1;2033124573171420895;B
20241102;104635;2588;1;2033124573171420896;B
20241102;104635;2588;2;2033124573171420897;B
20241102;104637;2588;3;2033124573171420898;B
20241102;104637;2588;1;2033124573171420899;B
20241102;104639;2588;1;2033124573171420900;B
20241102;104639;2588;2;2033124573171420901;B
20241102;104639;2588;1;2033124573171420902;B
20241102;104639;2588.5;2;2033124573171420903;B
20241102;104656;2588.5;10;2033124573171420904;B
20241102;104656;2588.5;1;2033124573171420905;B
20241102;104705;2589;1;2033124573171420906;B
20241102;104705;2589;2;2033124573171420907;B
20241102;104708;2588.5;29;2033124573171420908;S
20241102;104708;2588.5;1;2033124573171420909;S
20241102;104708;2588;40;2033124573171420910;S
20241102;104708;2588;6;2033124573171420911;S
20241102;104710;2589;1;2033124573171420912;B
20241102;104711;2589;7;2033124573171420913;B
20241102;104711;2589;1;2033124573171420914;B
20241102;104711;2589;1;2033124573171420915;B
20241102;104711;2589;1;2033124573171420916;B
20241102;104711;2589;3;2033124573171420917;B
20241102;104712;2589;1;2033124573171420918;S
20241102;104712;2589.5;18;2033124573171420919;B
20241102;104712;2589.5;9;2033124573171420920;B
20241102;104728;2589;1;2033124573171420921;S
20241102;104757;2589.5;21;2033124573171420922;S
20241102;104800;2589;21;2033124573171420923;S
20241102;104800;2590;1;2033124573171420924;B
20241102;104802;2589;19;2033124573171420925;S
20241102;104802;2589;2;2033124573171420926;S
20241102;104804;2589;1;2033124573171420927;S
20241102;104804;2589;3;2033124573171420928;S
20241102;104804;2589;12;2033124573171420929;S
20241102;104804;2589;5;2033124573171420930;S
20241102;104805;2589;21;2033124573171420931;S
20241102;104807;2589;21;2033124573171420932;S
20241102;104812;2589;1;2033124573171420933;S
20241102;104815;2589.5;10;2033124573171420934;B
20241102;104820;2590;3;2033124573171420935;B
20241102;104820;2590;1;2033124573171420936;B
20241102;104820;2590;36;2033124573171420937;B
20241102;104834;2590;5;2033124573171420938;B
20241102;104841;2590;3;2033124573171420939;B
20241102;104842;2590;1;2033124573171420940;B
20241102;104843;2590;5;2033124573171420941;B
20241102;104849;2590;1;2033124573171420942;B
20241102;104849;2590;10;2033124573171420943;B
20241102;104849;2590;1;2033124573171420944;B
20241102;104849;2590;1;2033124573171420945;B
20241102;104849;2590;1;2033124573171420946;B
20241102;104852;2590.5;1;2033124573171420947;B
20241102;104852;2590.5;1;2033124573171420948;B
20241102;104852;2590.5;1;2033124573171420949;B
20241102;104852;2590.5;1;2033124573171420950;B
20241102;104853;2590.5;1;2033124573171420951;B
20241102;104853;2590.5;1;2033124573171420952;B
20241102;104853;2590.5;1;2033124573171420953;B
20241102;104853;2590.5;1;2033124573171420954;B
20241102;104853;2590.5;1;2033124573171420955;B
20241102;104853;2590.5;1;2033124573171420956;B
20241102;104854;2590.5;1;2033124573171420957;B
20241102;104854;2590.5;1;2033124573171420958;B
20241102;104854;2590.5;1;2033124573171420959;B
20241102;104854;2590.5;1;2033124573171420960;B
20241102;104854;2590.5;1;2033124573171420961;B
20241102;104854;2590.5;1;2033124573171420962;B
20241102;104855;2590.5;1;2033124573171420963;B
20241102;104855;2590.5;1;2033124573171420964;B
20241102;104855;2590.5;1;2033124573171420965;B
20241102;104855;2590.5;1;2033124573171420966;B
20241102;104855;2590.5;1;2033124573171420967;B
20241102;104855;2590.5;5;2033124573171420968;B
20241102;104856;2590.5;1;2033124573171420969;B
20241102;104856;2591;1;2033124573171420970;B
20241102;104856;2590.5;1;2033124573171420971;B
20241102;104856;2590.5;1;2033124573171420972;B
20241102;104856;2590.5;1;2033124573171420973;B
20241102;104857;2590.5;1;2033124573171420974;B
20241102;104857;2590.5;1;2033124573171420975;B
20241102;104857;2590.5;1;2033124573171420976;B
20241102;104857;2590.5;1;2033124573171420977;B
20241102;104857;2590.5;1;2033124573171420978;B
20241102;104857;2590.5;1;2033124573171420979;B
20241102;104858;2590.5;1;2033124573171420980;B
20241102;104858;2590.5;1;2033124573171420981;B
20241102;104858;2590.5;1;2033124573171420982;B
20241102;104858;2590.5;1;2033124573171420983;B
20241102;104858;2590.5;1;2033124573171420984;B
20241102;104859;2590.5;1;2033124573171420985;B
20241102;104859;2590.5;1;2033124573171420986;B
20241102;104859;2590.5;1;2033124573171420987;B
20241102;104859;2590.5;1;2033124573171420988;B
20241102;104859;2590.5;1;2033124573171420989;B
20241102;104859;2590.5;1;2033124573171420990;B
20241102;104859;2590.5;1;2033124573171420991;B
20241102;104900;2590.5;1;2033124573171420992;B
20241102;104900;2590.5;1;2033124573171420993;B
20241102;104900;2590.5;1;2033124573171420994;B
20241102;104900;2590.5;1;2033124573171420995;B
20241102;104900;2590.5;1;2033124573171420996;B
20241102;104901;2590.5;1;2033124573171420997;B
20241102;104901;2590.5;1;2033124573171420998;B
20241102;104901;2590.5;1;2033124573171420999;B
20241102;104901;2590.5;1;2033124573171421000;B
20241102;104901;2590.5;1;2033124573171421001;B
20241102;104902;2590.5;1;2033124573171421002;B
20241102;104902;2590.5;1;2033124573171421003;B
20241102;104902;2590.5;1;2033124573171421004;B
20241102;104902;2590.5;1;2033124573171421005;B
20241102;104902;2590.5;1;2033124573171421006;B
20241102;104902;2590.5;1;2033124573171421007;B
20241102;104903;2590.5;1;2033124573171421008;B
20241102;104903;2590.5;1;2033124573171421009;B
20241102;104903;2590.5;1;2033124573171421010;B
20241102;104903;2590.5;1;2033124573171421011;B
20241102;104903;2590.5;1;2033124573171421012;B
20241102;104903;2590.5;1;2033124573171421013;B
20241102;104904;2590.5;1;2033124573171421014;B
20241102;104904;2590.5;1;2033124573171421015;B
20241102;104904;2590.5;1;2033124573171421016;B
20241102;104904;2590.5;1;2033124573171421017;B
20241102;104905;2590.5;1;2033124573171421018;B
20241102;104905;2590.5;1;2033124573171421019;B
20241102;104905;2590.5;1;2033124573171421020;B
20241102;104905;2590.5;1;2033124573171421021;B
20241102;104905;2590.5;1;2033124573171421022;B
20241102;104905;2590.5;1;2033124573171421023;B
20241102;104908;2590;3;2033124573171421024;S
20241102;104908;2590;1;2033124573171421025;S
20241102;104908;2590;3;2033124573171421026;S
20241102;104908;2590;3;2033124573171421027;S
20241102;104909;2590;10;2033124573171421028;S
20241102;104914;2590.5;1;2033124573171421029;B
20241102;104915;2590;4;2033124573171421030;S
20241102;104922;2590;10;2033124573171421031;S
20241102;104928;2590;1;2033124573171421032;S
20241102;104928;2590;2;2033124573171421033;S
20241102;104928;2590;3;2033124573171421034;S
20241102;104936;2590;1;2033124573171421035;S
20241102;104936;2590;3;2033124573171421036;S
20241102;104936;2589.5;4;2033124573171421037;S
20241102;104936;2589.5;2;2033124573171421038;S
20241102;104945;2589;1;2033124573171421039;S
20241102;104945;2589;3;2033124573171421040;S
20241102;104945;2589;6;2033124573171421041;S
20241102;104945;2589;3;2033124573171421042;S
20241102;104945;2589;1;2033124573171421043;S
20241102;104945;2589;1;2033124573171421044;S
20241102;104947;2588.5;1;2033124573171421045;S
20241102;104947;2588.5;3;2033124573171421046;S
20241102;104947;2588.5;1;2033124573171421047;S
20241102;104948;2588.5;2;2033124573171421048;S
20241102;104948;2588;10;2033124573171421049;S
20241102;104950;2588;10;2033124573171421050;S
20241102;104951;2588;1;2033124573171421051;S
20241102;104951;2588;1;2033124573171421052;S
20241102;104951;2588;1;2033124573171421053;S
20241102;104951;2588;7;2033124573171421054;S
20241102;104953;2588;10;2033124573171421055;S
20241102;104954;2588;10;2033124573171421056;S
20241102;105006;2588;1;2033124573171421057;S
20241102;105006;2588;9;2033124573171421058;S
20241102;105007;2588;10;2033124573171421059;S
20241102;105012;2588;3;2033124573171421060;S
20241102;105013;2588;10;2033124573171421061;S
20241102;105013;2588;10;2033124573171421062;S
20241102;105014;2588;10;2033124573171421063;S
20241102;105015;2588;10;2033124573171421064;S
20241102;105016;2588;10;2033124573171421065;S
20241102;105017;2588.5;1;2033124573171421066;B
20241102;105019;2588.5;6;2033124573171421067;B
20241102;105019;2588.5;4;2033124573171421068;B
20241102;105021;2588;10;2033124573171421069;S
20241102;105021;2588;10;2033124573171421070;S
20241102;105022;2588;10;2033124573171421071;S
20241102;105022;2588;6;2033124573171421072;S
20241102;105044;2588.5;11;2033124573171421073;B
20241102;105051;2589;1;2033124573171421074;B
20241102;105105;2588.5;1;2033124573171421075;S
20241102;105108;2588.5;10;2033124573171421076;S
20241102;105115;2589.5;3;2033124573171421077;B
20241102;105115;2589.5;1;2033124573171421078;B
20241102;105115;2589.5;1;2033124573171421079;B
20241102;105128;2589;10;2033124573171421080;B
20241102;105128;2589;9;2033124573171421081;B
20241102;105128;2589.5;3;2033124573171421082;B
20241102;105128;2589.5;3;2033124573171421083;B
20241102;105128;2589.5;15;2033124573171421084;B
20241102;105128;2589.5;40;2033124573171421085;B
20241102;105128;2590;34;2033124573171421086;B
20241102;105138;2589;10;2033124573171421087;B
20241102;105138;2589.5;12;2033124573171421088;B
20241102;105138;2589.5;7;2033124573171421089;B
20241102;105139;2589;10;2033124573171421090;B
20241102;105149;2588.5;10;2033124573171421091;S
20241102;105149;2588.5;1;2033124573171421092;S
20241102;105151;2588;1;2033124573171421093;S
20241102;105151;2588;8;2033124573171421094;S
20241102;105154;2588;10;2033124573171421095;S
20241102;105154;2588;10;2033124573171421096;S
20241102;105203;2587.5;5;2033124573171421097;S
20241102;105203;2587.5;2;2033124573171421098;S
20241102;105217;2587.5;6;2033124573171421099;S
20241102;105222;2588.5;1;2033124573171421100;B
20241102;105222;2588.5;1;2033124573171421101;S
20241102;105228;2589;5;2033124573171421102;B
20241102;105235;2588.5;10;2033124573171421103;S
20241102;105235;2588.5;3;2033124573171421104;S
20241102;105235;2588.5;7;2033124573171421105;S
20241102;105235;2588.5;9;2033124573171421106;S
20241102;105244;2589;5;2033124573171421107;B
20241102;105245;2588.5;4;2033124573171421108;S
20241102;105313;2588.5;4;2033124573171421109;B
20241102;105314;2588.5;6;2033124573171421110;B
20241102;105314;2589.5;1;2033124573171421111;B
20241102;105314;2589.5;14;2033124573171421112;B
20241102;105314;2589.5;40;2033124573171421113;B
20241102;105314;2589.5;3;2033124573171421114;B
20241102;105314;2589.5;3;2033124573171421115;B
20241102;105314;2589.5;6;2033124573171421116;B
20241102;105314;2589.5;3;2033124573171421117;B
20241102;105314;2589.5;1;2033124573171421118;B
20241102;105314;2589.5;9;2033124573171421119;B
20241102;105314;2589.5;3;2033124573171421120;B
20241102;105314;2589.5;3;2033124573171421121;B
20241102;105314;2589.5;9;2033124573171421122;B
20241102;105314;2588.5;10;2033124573171421123;S
20241102;105315;2589;1;2033124573171421124;S
20241102;105320;2589;1;2033124573171421125;S
20241102;105325;2589.5;3;2033124573171421126;B
20241102;105325;2589.5;10;2033124573171421127;B
20241102;105325;2590;6;2033124573171421128;B
20241102;105325;2590;20;2033124573171421129;B
20241102;105325;2590;1;2033124573171421130;B
20241102;105325;2590;3;2033124573171421131;B
20241102;105325;2590;10;2033124573171421132;B
20241102;105325;2590;5;2033124573171421133;B
20241102;105325;2590;5;2033124573171421134;B
20241102;105325;2590;1;2033124573171421135;B
20241102;105325;2590;8;2033124573171421136;B
20241102;105325;2590;40;2033124573171421137;B
20241102;105325;2590;2;2033124573171421138;B
20241102;105326;2589.5;1;2033124573171421139;B
20241102;105327;2589;7;2033124573171421140;S
20241102;105327;2589;3;2033124573171421141;S
20241102;105331;2589;10;2033124573171421142;S
20241102;105345;2589;10;2033124573171421143;S
20241102;105351;2589.5;10;2033124573171421144;B
20241102;105351;2590;4;2033124573171421145;B
20241102;105351;2590;40;2033124573171421146;B
20241102;105351;2590;1;2033124573171421147;B
20241102;105351;2590;9;2033124573171421148;B
20241102;105351;2590;6;2033124573171421149;B
20241102;105351;2590.5;40;2033124573171421150;B
20241102;105351;2590.5;5;2033124573171421151;B
20241102;105351;2590.5;2;2033124573171421152;B
20241102;105351;2590.5;20;2033124573171421153;B
20241102;105351;2590.5;2;2033124573171421154;B
20241102;105351;2589.5;9;2033124573171421155;S
20241102;105351;2589.5;1;2033124573171421156;S
20241102;105352;2590;10;2033124573171421157;B
20241102;105353;2590;10;2033124573171421158;B
20241102;105400;2590.5;2;2033124573171421159;B
20241102;105409;2590.5;6;2033124573171421160;B
20241102;105409;2590.5;20;2033124573171421161;B
20241102;105423;2589.5;1;2033124573171421162;S
20241102;105423;2589;9;2033124573171421163;S
20241102;105429;2589.5;9;2033124573171421164;B
20241102;105429;2589.5;3;2033124573171421165;B
20241102;105429;2590;32;2033124573171421166;B
20241102;105442;2589;7;2033124573171421167;S
20241102;105442;2589;3;2033124573171421168;S
20241102;105443;2590;3;2033124573171421169;B
20241102;105443;2590;1;2033124573171421170;B
20241102;105443;2590;1;2033124573171421171;B
20241102;105443;2590;40;2033124573171421172;B
20241102;105443;2590;10;2033124573171421173;S
20241102;105444;2590;10;2033124573171421174;S
20241102;105444;2590;10;2033124573171421175;S
20241102;105448;2590.5;1;2033124573171421176;B
20241102;105449;2590.5;1;2033124573171421177;B
20241102;105449;2590.5;1;2033124573171421178;B
20241102;105449;2590.5;1;2033124573171421179;B
20241102;105449;2590.5;3;2033124573171421180;B
20241102;105449;2590.5;5;2033124573171421181;B
20241102;105449;2591;14;2033124573171421182;B
20241102;105449;2591;5;2033124573171421183;B
20241102;105449;2591;5;2033124573171421184;B
20241102;105449;2591;1;2033124573171421185;B
20241102;105449;2591;1;2033124573171421186;B
20241102;105449;2591;40;2033124573171421187;B
20241102;105449;2591;22;2033124573171421188;B
20241102;105449;2591;1;2033124573171421189;B
20241102;105449;2591;5;2033124573171421190;B
20241102;105449;2591;35;2033124573171421191;B
20241102;105457;2590;10;2033124573171421192;S
20241102;105501;2590;10;2033124573171421193;S
20241102;105502;2590;10;2033124573171421194;S
20241102;105502;2590;10;2033124573171421195;S
20241102;105503;2590;5;2033124573171421196;S
20241102;105503;2590;1;2033124573171421197;S
20241102;105503;2589.5;4;2033124573171421198;S
20241102;105503;2589.5;1;2033124573171421199;S
20241102;105513;2589.5;3;2033124573171421200;B
20241102;105513;2590;40;2033124573171421201;B
20241102;105513;2590.5;15;2033124573171421202;B
20241102;105520;2590.5;1;2033124573171421203;B
20241102;105520;2590.5;22;2033124573171421204;B
20241102;105524;2590.5;1;2033124573171421205;B
20241102;105534;2589;10;2033124573171421206;S
20241102;105535;2589;1;2033124573171421207;S
20241102;105535;2589;9;2033124573171421208;S
20241102;105548;2589.5;1;2033124573171421209;B
20241102;105549;2590;6;2033124573171421210;B
20241102;105607;2589.5;1;2033124573171421211;S
20241102;105614;2589;1;2033124573171421212;S
20241102;105614;2589;9;2033124573171421213;S
20241102;105617;2589.5;2;2033124573171421214;B
20241102;105637;2590;1;2033124573171421215;B
20241102;105640;2590;1;2033124573171421216;B
20241102;105640;2590;1;2033124573171421217;B
20241102;105640;2590.5;1;2033124573171421218;B
20241102;105640;2590.5;20;2033124573171421219;B
20241102;105640;2590.5;20;2033124573171421220;B
20241102;105640;2590.5;40;2033124573171421221;B
20241102;105640;2590.5;4;2033124573171421222;B
20241102;105652;2590.5;1;2033124573171421223;B
20241102;105701;2590.5;8;2033124573171421224;S
20241102;105701;2590.5;6;2033124573171421225;S
20241102;105701;2590.5;40;2033124573171421226;S
20241102;105701;2590;40;2033124573171421227;S
20241102;105701;2590;9;2033124573171421228;S
20241102;105701;2590;7;2033124573171421229;S
20241102;105701;2590;12;2033124573171421230;S
20241102;105701;2589.5;40;2033124573171421231;S
20241102;105701;2589.5;4;2033124573171421232;S
20241102;105701;2589.5;60;2033124573171421233;S
20241102;105701;2589.5;60;2033124573171421234;S
20241102;105701;2589.5;60;2033124573171421235;S
20241102;105701;2589.5;1;2033124573171421236;S
20241102;105701;2589.5;10;2033124573171421237;S
20241102;105701;2589.5;4;2033124573171421238;S
20241102;105701;2589.5;1;2033124573171421239;S
20241102;105701;2589;1;2033124573171421240;S
20241102;105701;2589;3;2033124573171421241;S
20241102;105701;2589;40;2033124573171421242;S
20241102;105701;2589;3;2033124573171421243;S
20241102;105701;2589;9;2033124573171421244;S
20241102;105701;2589;4;2033124573171421245;S
20241102;105701;2589;6;2033124573171421246;S
20241102;105701;2589;12;2033124573171421247;S
20241102;105701;2588.5;30;2033124573171421248;S
20241102;105701;2588.5;3;2033124573171421249;S
20241102;105701;2588.5;3;2033124573171421250;S
20241102;105701;2588.5;9;2033124573171421251;S
20241102;105701;2588;1;2033124573171421252;S
20241102;105701;2588;40;2033124573171421253;S
20241102;105701;2588;3;2033124573171421254;S
20241102;105701;2588;3;2033124573171421255;S
20241102;105701;2588;3;2033124573171421256;S
20241102;105701;2588;3;2033124573171421257;S
20241102;105701;2588;22;2033124573171421258;S
20241102;105701;2588;40;2033124573171421259;S
20241102;105715;2588.5;5;2033124573171421260;S
20241102;105721;2589;5;2033124573171421261;B
20241102;105726;2588.5;1;2033124573171421262;S
20241102;105726;2588.5;3;2033124573171421263;S
20241102;105726;2588.5;6;2033124573171421264;S
20241102;105727;2588.5;4;2033124573171421265;S
20241102;105747;2588.5;4;2033124573171421266;S
20241102;105805;2589.5;40;2033124573171421267;B
20241102;105805;2589.5;16;2033124573171421268;B
20241102;105805;2589.5;3;2033124573171421269;B
20241102;105810;2589.5;6;2033124573171421270;S
20241102;105810;2589.5;12;2033124573171421271;S
20241102;105810;2589.5;6;2033124573171421272;S
20241102;105810;2589.5;4;2033124573171421273;S
20241102;105810;2589.5;9;2033124573171421274;S
20241102;105810;2589.5;10;2033124573171421275;S
20241102;105812;2589.5;2;2033124573171421276;S
20241102;105821;2589.5;9;2033124573171421277;S
20241102;105822;2589.5;3;2033124573171421278;S
20241102;105844;2590;9;2033124573171421279;B
20241102;105852;2590;5;2033124573171421280;B
20241102;105855;2590;1;2033124573171421281;S
20241102;105855;2590;4;2033124573171421282;S
20241102;105859;2590.5;3;2033124573171421283;B
20241102;105859;2590.5;2;2033124573171421284;B
20241102;105859;2590.5;5;2033124573171421285;B
20241102;105859;2591;3;2033124573171421286;B
20241102;105907;2591;1;2033124573171421287;B
20241102;105909;2590;20;2033124573171421288;S
20241102;105914;2590;10;2033124573171421289;S
20241102;105919;2591;4;2033124573171421290;B
20241102;105919;2591;2;2033124573171421291;B
20241102;105922;2591.5;1;2033124573171421292;B
20241102;105922;2591.5;1;2033124573171421293;B
20241102;105922;2591.5;4;2033124573171421294;B
20241102;105922;2591.5;4;2033124573171421295;B
20241102;105937;2591;2;2033124573171421296;S
20241102;105955;2591;2;2033124573171421297;B
20241102;105956;2591;2;2033124573171421298;B
20241102;110006;2591;2;2033124573171421299;B
20241102;110006;2591.5;3;2033124573171421300;B
20241102;110035;2590.5;3;2033124573171421301;S
20241102;110044;2590.5;2;2033124573171421302;S
20241102;110115;2591;1;2033124573171421303;B
20241102;110122;2590.5;5;2033124573171421304;S
20241102;110131;2590.5;5;2033124573171421305;S
20241102;110134;2590.5;3;2033124573171421306;S
20241102;110139;2590.5;2;2033124573171421307;S
20241102;110147;2590;1;2033124573171421308;S
20241102;110147;2590.5;3;2033124573171421309;B
20241102;110147;2591;5;2033124573171421310;B
20241102;110147;2591;6;2033124573171421311;B
20241102;110147;2591;26;2033124573171421312;B
20241102;110150;2590;1;2033124573171421313;S
20241102;110159;2590;3;2033124573171421314;S
20241102;110159;2590;3;2033124573171421315;S
20241102;110201;2590;12;2033124573171421316;S
20241102;110202;2590;6;2033124573171421317;S
20241102;110202;2590;1;2033124573171421318;S
20241102;110203;2590;3;2033124573171421319;S
20241102;110204;2589.5;2;2033124573171421320;S
20241102;110204;2589.5;1;2033124573171421321;S
20241102;110209;2589.5;4;2033124573171421322;S
20241102;110209;2589;2;2033124573171421323;S
20241102;110227;2589.5;3;2033124573171421324;B
20241102;110227;2589.5;3;2033124573171421325;B
20241102;110231;2590;2;2033124573171421326;B
20241102;110231;2590;2;2033124573171421327;B
20241102;110232;2590.5;2;2033124573171421328;B
20241102;110232;2590.5;6;2033124573171421329;B
20241102;110232;2590.5;2;2033124573171421330;B
20241102;110244;2590.5;4;2033124573171421331;B
20241102;110244;2590.5;1;2033124573171421332;B
20241102;110244;2590.5;1;2033124573171421333;B
20241102;110244;2590.5;3;2033124573171421334;B
20241102;110244;2591;1;2033124573171421335;B
20241102;110255;2589.5;4;2033124573171421336;S
20241102;110258;2590.5;3;2033124573171421337;B
20241102;110258;2590.5;7;2033124573171421338;B
20241102;110308;2590.5;4;2033124573171421339;B
20241102;110327;2589.5;2;2033124573171421340;S
20241102;110327;2589.5;4;2033124573171421341;S
20241102;110328;2589.5;1;2033124573171421342;S
20241102;110332;2589;2;2033124573171421343;S
20241102;110332;2589;8;2033124573171421344;S
20241102;110332;2589;7;2033124573171421345;S
20241102;110332;2589;1;2033124573171421346;S
20241102;110332;2589;2;2033124573171421347;S
20241102;110336;2589;3;2033124573171421348;S
20241102;110336;2589;1;2033124573171421349;S
20241102;110338;2589;3;2033124573171421350;S
20241102;110339;2589;1;2033124573171421351;S
20241102;110339;2589;2;2033124573171421352;S
20241102;110345;2589;3;2033124573171421353;S
20241102;110345;2588.5;10;2033124573171421354;S
20241102;110345;2588.5;6;2033124573171421355;S
20241102;110345;2588.5;4;2033124573171421356;S
20241102;110347;2588.5;10;2033124573171421357;S
20241102;110348;2588.5;10;2033124573171421358;S
20241102;110348;2588.5;10;2033124573171421359;S
20241102;110348;2588.5;10;2033124573171421360;S
20241102;110352;2588.5;10;2033124573171421361;S
20241102;110353;2588.5;10;2033124573171421362;S
20241102;110355;2589;1;2033124573171421363;B
20241102;110356;2588.5;10;2033124573171421364;S
20241102;110357;2588.5;10;2033124573171421365;S
20241102;110359;2588.5;10;2033124573171421366;S
20241102;110403;2589;1;2033124573171421367;B
20241102;110407;2589;1;2033124573171421368;B
20241102;110407;2589;2;2033124573171421369;S
20241102;110429;2589;3;2033124573171421370;S
20241102;110429;2588.5;12;2033124573171421371;S
20241102;110446;2589;2;2033124573171421372;S
20241102;110454;2589.5;2;2033124573171421373;B
20241102;110454;2589.5;2;2033124573171421374;B
20241102;110454;2589.5;2;2033124573171421375;B
20241102;110454;2589.5;3;2033124573171421376;B
20241102;110454;2589.5;2;2033124573171421377;B
20241102;110454;2589.5;3;2033124573171421378;B
20241102;110454;2589.5;3;2033124573171421379;B
20241102;110454;2589.5;2;2033124573171421380;B
20241102;110454;2589.5;3;2033124573171421381;B
20241102;110454;2589.5;6;2033124573171421382;B
20241102;110454;2589.5;40;2033124573171421383;B
20241102;110454;2589.5;2;2033124573171421384;B
20241102;110454;2590;30;2033124573171421385;B
20241102;110504;2589;2;2033124573171421386;S
20241102;110510;2590;1;2033124573171421387;B
20241102;110529;2590;2;2033124573171421388;B
20241102;110539;2589;1;2033124573171421389;S
20241102;110552;2589;11;2033124573171421390;S
20241102;110552;2589.5;1;2033124573171421391;B
20241102;110602;2590;3;2033124573171421392;B
20241102;110602;2590;4;2033124573171421393;B
20241102;110602;2590;10;2033124573171421394;S
20241102;110603;2590;10;2033124573171421395;S
20241102;110606;2589.5;5;2033124573171421396;S
20241102;110606;2589.5;20;2033124573171421397;S
20241102;110608;2589.5;1;2033124573171421398;S
20241102;110621;2590;1;2033124573171421399;S
20241102;110626;2590.5;2;2033124573171421400;B
20241102;110626;2590.5;1;2033124573171421401;B
20241102;110626;2590.5;3;2033124573171421402;B
20241102;110626;2591;6;2033124573171421403;B
20241102;110626;2591;12;2033124573171421404;B
20241102;110633;2591;4;2033124573171421405;B
20241102;110634;2591;1;2033124573171421406;B
20241102;110634;2591;6;2033124573171421407;B
20241102;110634;2591.5;14;2033124573171421408;B
20241102;110634;2591.5;1;2033124573171421409;B
20241102;110634;2591.5;11;2033124573171421410;B
20241102;110638;2590.5;1;2033124573171421411;S
20241102;110700;2590.5;33;2033124573171421412;S
20241102;110700;2590.5;6;2033124573171421413;S
20241102;110700;2590.5;3;2033124573171421414;S
20241102;110700;2590.5;4;2033124573171421415;S
20241102;110700;2590.5;3;2033124573171421416;S
20241102;110701;2590;10;2033124573171421417;S
20241102;110705;2590;30;2033124573171421418;S
20241102;110705;2590;6;2033124573171421419;S
20241102;110705;2590;12;2033124573171421420;S
20241102;110705;2590;9;2033124573171421421;S
20241102;110705;2590;16;2033124573171421422;S
20241102;110705;2590;3;2033124573171421423;S
20241102;110705;2590;3;2033124573171421424;S
20241102;110705;2590;2;2033124573171421425;S
20241102;110705;2590;15;2033124573171421426;S
20241102;110705;2590;6;2033124573171421427;S
20241102;110706;2589.5;1;2033124573171421428;S
20241102;110707;2589.5;18;2033124573171421429;S
20241102;110707;2589.5;3;2033124573171421430;S
20241102;110707;2589.5;3;2033124573171421431;S
20241102;110707;2589;15;2033124573171421432;S
20241102;110707;2589;40;2033124573171421433;S
20241102;110707;2589;2;2033124573171421434;S
20241102;110707;2589;1;2033124573171421435;S
20241102;110707;2589;10;2033124573171421436;S
20241102;110707;2589;4;2033124573171421437;S
20241102;110707;2589;3;2033124573171421438;S
20241102;110707;2589;3;2033124573171421439;S
20241102;110707;2589;3;2033124573171421440;S
20241102;110707;2588.5;40;2033124573171421441;S
20241102;110707;2588.5;55;2033124573171421442;S
20241102;110712;2589;1;2033124573171421443;S
20241102;110728;2589;1;2033124573171421444;S
20241102;110732;2589;38;2033124573171421445;S
20241102;110732;2589;1;2033124573171421446;S
20241102;110808;2588.5;5;2033124573171421447;S
20241102;110808;2588.5;3;2033124573171421448;S
20241102;110808;2588.5;1;2033124573171421449;S
20241102;110808;2588.5;3;2033124573171421450;S
20241102;110808;2588;2;2033124573171421451;S
20241102;110808;2588;3;2033124573171421452;S
20241102;110808;2588;3;2033124573171421453;S
20241102;110808;2588;4;2033124573171421454;S
20241102;110820;2588;1;2033124573171421455;S
20241102;110820;2588;1;2033124573171421456;S
20241102;110825;2588;6;2033124573171421457;S
20241102;110830;2587.5;2;2033124573171421458;S
20241102;110830;2587.5;1;2033124573171421459;S
20241102;110830;2587.5;5;2033124573171421460;S
20241102;110830;2587.5;5;2033124573171421461;S
20241102;110830;2587.5;5;2033124573171421462;S
20241102;110830;2587;12;2033124573171421463;S
20241102;110833;2587.5;2;2033124573171421464;S
20241102;110833;2587.5;18;2033124573171421465;S
20241102;110936;2587.5;9;2033124573171421466;S
20241102;110948;2587.5;3;2033124573171421467;S
20241102;111009;2588;2;2033124573171421468;B
20241102;111011;2588;10;2033124573171421469;S
20241102;111012;2588;19;2033124573171421470;S
20241102;111017;2588;3;2033124573171421471;B
20241102;111017;2588.5;2;2033124573171421472;B
20241102;111017;2588.5;1;2033124573171421473;B
20241102;111017;2588.5;4;2033124573171421474;B
20241102;111020;2588;2;2033124573171421475;S
20241102;111022;2588;8;2033124573171421476;S
20241102;111033;2587.5;5;2033124573171421477;S
20241102;111033;2587.5;3;2033124573171421478;S
20241102;111036;2587.5;2;2033124573171421479;S
20241102;111036;2587.5;1;2033124573171421480;S
20241102;111050;2587.5;2;2033124573171421481;S
20241102;111050;2587.5;1;2033124573171421482;S
20241102;111050;2587.5;1;2033124573171421483;S
20241102;111050;2587.5;1;2033124573171421484;S
20241102;111050;2587.5;1;2033124573171421485;S
20241102;111055;2587.5;20;2033124573171421486;S
20241102;111055;2587.5;20;2033124573171421487;S
20241102;111055;2587.5;9;2033124573171421488;S
20241102;111055;2587.5;3;2033124573171421489;S
20241102;111100;2587.5;13;2033124573171421490;S
20241102;111100;2587.5;1;2033124573171421491;S
20241102;111100;2587.5;4;2033124573171421492;S
20241102;111100;2587.5;1;2033124573171421493;S
20241102;111100;2587.5;10;2033124573171421494;S
20241102;111100;2587.5;2;2033124573171421495;S
20241102;111100;2587.5;9;2033124573171421496;S
20241102;111101;2587.5;3;2033124573171421497;S
20241102;111104;2587.5;6;2033124573171421498;S
20241102;111105;2587.5;2;2033124573171421499;S
20241102;111105;2587.5;1;2033124573171421500;S
20241102;111121;2587.5;10;2033124573171421501;B
20241102;111127;2587;1;2033124573171421502;S
20241102;111155;2587.5;3;2033124573171421503;B
20241102;111155;2587.5;7;2033124573171421504;B
20241102;111208;2587.5;5;2033124573171421505;B
20241102;111210;2587.5;28;2033124573171421506;B
20241102;111210;2588;40;2033124573171421507;B
20241102;111210;2588;3;2033124573171421508;B
20241102;111210;2588;3;2033124573171421509;B
20241102;111210;2588;5;2033124573171421510;B
20241102;111210;2588;3;2033124573171421511;B
20241102;111210;2588;4;2033124573171421512;B
20241102;111210;2588;3;2033124573171421513;B
20241102;111210;2588;2;2033124573171421514;B
20241102;111210;2588;8;2033124573171421515;B
20241102;111210;2588.5;1;2033124573171421516;B
20241102;111210;2588.5;40;2033124573171421517;B
20241102;111210;2588.5;40;2033124573171421518;B
20241102;111210;2588.5;1;2033124573171421519;B
20241102;111210;2588.5;10;2033124573171421520;B
20241102;111210;2588.5;4;2033124573171421521;B
20241102;111210;2588.5;2;2033124573171421522;B
20241102;111210;2588.5;20;2033124573171421523;B
20241102;111210;2588.5;1;2033124573171421524;B
20241102;111210;2588.5;3;2033124573171421525;B
20241102;111210;2588.5;9;2033124573171421526;B
20241102;111210;2588.5;33;2033124573171421527;B
20241102;111301;2588;1;2033124573171421528;B
20241102;111307;2588;3;2033124573171421529;S
20241102;111308;2588;5;2033124573171421530;S
20241102;111308;2587.5;2;2033124573171421531;S
20241102;111308;2587.5;1;2033124573171421532;S
20241102;111308;2587.5;7;2033124573171421533;S
20241102;111310;2587.5;2;2033124573171421534;S
20241102;111310;2587.5;2;2033124573171421535;S
20241102;111310;2587;10;2033124573171421536;S
20241102;111310;2587;10;2033124573171421537;S
20241102;111311;2587;10;2033124573171421538;S
20241102;111311;2587;10;2033124573171421539;S
20241102;111312;2587;10;2033124573171421540;S
20241102;111312;2587;10;2033124573171421541;S
20241102;111312;2587;10;2033124573171421542;S
20241102;111313;2587;10;2033124573171421543;S
20241102;111313;2587;10;2033124573171421544;S
20241102;111314;2587;10;2033124573171421545;S
20241102;111314;2587;10;2033124573171421546;S
20241102;111314;2587;10;2033124573171421547;S
20241102;111315;2587;10;2033124573171421548;S
20241102;111315;2587;10;2033124573171421549;S
20241102;111316;2587;10;2033124573171421550;S
20241102;111316;2587;10;2033124573171421551;S
20241102;111316;2587;10;2033124573171421552;S
20241102;111317;2587;10;2033124573171421553;S
20241102;111317;2587;10;2033124573171421554;S
20241102;111317;2587;10;2033124573171421555;S
20241102;111318;2587;10;2033124573171421556;S
20241102;111318;2587;10;2033124573171421557;S
20241102;111319;2587;10;2033124573171421558;S
20241102;111319;2587;10;2033124573171421559;S
20241102;111319;2587;10;2033124573171421560;S
20241102;111320;2587;10;2033124573171421561;S
20241102;111320;2587;10;2033124573171421562;S
20241102;111321;2587;10;2033124573171421563;S
20241102;111321;2587;10;2033124573171421564;S
20241102;111321;2587;10;2033124573171421565;S
20241102;111322;2587;10;2033124573171421566;S
20241102;111322;2587;10;2033124573171421567;S
20241102;111323;2587;10;2033124573171421568;S
20241102;111323;2587;10;2033124573171421569;S
20241102;111323;2587;10;2033124573171421570;S
20241102;111324;2587;10;2033124573171421571;S
20241102;111324;2587;10;2033124573171421572;S
20241102;111325;2587;10;2033124573171421573;S
20241102;111325;2587;10;2033124573171421574;S
20241102;111325;2587;10;2033124573171421575;S
20241102;111326;2587;10;2033124573171421576;S
20241102;111326;2587;10;2033124573171421577;S
20241102;111342;2587;10;2033124573171421578;S
20241102;111343;2587;10;2033124573171421579;S
20241102;111343;2587;10;2033124573171421580;S
20241102;111344;2587;10;2033124573171421581;S
20241102;111344;2587;4;2033124573171421582;S
20241102;111344;2587;10;2033124573171421583;S
20241102;111344;2587;10;2033124573171421584;S
20241102;111345;2587;10;2033124573171421585;S
20241102;111345;2587;10;2033124573171421586;S
20241102;111358;2587.5;20;2033124573171421587;B
20241102;111406;2587.5;10;2033124573171421588;B
20241102;111418;2587.5;1;2033124573171421589;B
20241102;111434;2587.5;3;2033124573171421590;B
20241102;111446;2587.5;2;2033124573171421591;B
20241102;111516;2587.5;1;2033124573171421592;B
20241102;111516;2587.5;3;2033124573171421593;B
20241102;111516;2587.5;2;2033124573171421594;B
20241102;111516;2587.5;6;2033124573171421595;B
20241102;111516;2587.5;5;2033124573171421596;B
20241102;111517;2587.5;9;2033124573171421597;B
20241102;111517;2587.5;3;2033124573171421598;B
20241102;111521;2587.5;3;2033124573171421599;B
20241102;111523;2587.5;10;2033124573171421600;B
20241102;111531;2587;2;2033124573171421601;S
20241102;111534;2587;4;2033124573171421602;S
20241102;111534;2587;9;2033124573171421603;S
20241102;111619;2587.5;31;2033124573171421604;S
20241102;111619;2587;4;2033124573171421605;S
20241102;111655;2588;1;2033124573171421606;B
20241102;111655;2588.5;1;2033124573171421607;B
20241102;111719;2587.5;40;2033124573171421608;B
20241102;111733;2587.5;9;2033124573171421609;S
20241102;111733;2587;9;2033124573171421610;S
20241102;111746;2587.5;1;2033124573171421611;S
20241102;111753;2588;2;2033124573171421612;B
20241102;111753;2588;2;2033124573171421613;B
20241102;111753;2588;1;2033124573171421614;B
20241102;111754;2588.5;2;2033124573171421615;B
20241102;111754;2588.5;1;2033124573171421616;B
20241102;111755;2588.5;1;2033124573171421617;B
20241102;111755;2588.5;2;2033124573171421618;B
20241102;111755;2588.5;6;2033124573171421619;B
20241102;111827;2589;1;2033124573171421620;B
20241102;111827;2589;2;2033124573171421621;B
20241102;111827;2589;1;2033124573171421622;B
20241102;111828;2589;10;2033124573171421623;S
20241102;111828;2588.5;2;2033124573171421624;S
20241102;111829;2588.5;1;2033124573171421625;S
20241102;111829;2588.5;3;2033124573171421626;S
20241102;111829;2588.5;3;2033124573171421627;S
20241102;111911;2588.5;2;2033124573171421628;B
20241102;111944;2589;1;2033124573171421629;B
20241102;112000;2588;3;2033124573171421630;S
20241102;112105;2588;3;2033124573171421631;S
20241102;112118;2588;7;2033124573171421632;B
20241102;112136;2588.5;2;2033124573171421633;B
20241102;112202;2589;1;2033124573171421634;B
20241102;112212;2589;10;2033124573171421635;B
20241102;112218;2588.5;1;2033124573171421636;S
20241102;112238;2588.5;1;2033124573171421637;B
20241102;112338;2588.5;9;2033124573171421638;B
20241102;112356;2588.5;40;2033124573171421639;B
20241102;112410;2588.5;10;2033124573171421640;B
20241102;112410;2588.5;40;2033124573171421641;B
20241102;112410;2589;29;2033124573171421642;B
20241102;112410;2589;4;2033124573171421643;B
20241102;112410;2589;6;2033124573171421644;B
20241102;112410;2589.5;2;2033124573171421645;B
20241102;112410;2589.5;1;2033124573171421646;B
20241102;112410;2589.5;2;2033124573171421647;B
20241102;112410;2589.5;2;2033124573171421648;B
20241102;112410;2589.5;5;2033124573171421649;B
20241102;112410;2589.5;5;2033124573171421650;B
20241102;112410;2589.5;40;2033124573171421651;B
