<DATE>;<TIME>;<LAST>;<VOL>;<ID>;<OPER>
20241008;095939;8156;2;2030872691753354158;S
20241008;095939;8156;3;2030872691753354159;S
20241008;100002;8155;2;2030872691753354160;S
20241008;100002;8155;3;2030872691753354161;S
20241008;100002;8154;3;2030872691753354162;S
20241008;100002;8154;2;2030872691753354163;S
20241008;100002;8153.8;2;2030872691753354164;S
20241008;100002;8153.1;20;2030872691753354165;S
20241008;100002;8157;1;2030872691753354166;S
20241008;100008;8153.1;5;2030872691753354167;S
20241008;100008;8153.1;5;2030872691753354168;S
20241008;100008;8153.1;2;2030872691753354169;S
20241008;100008;8153.1;1;2030872691753354170;S
20241008;100008;8153.1;5;2030872691753354171;S
20241008;100014;8153.1;18;2030872691753354172;S
20241008;100014;8153;3;2030872691753354173;S
20241008;100014;8152;3;2030872691753354174;S
20241008;100014;8152;1;2030872691753354175;S
20241008;100014;8151.1;20;2030872691753354176;B
20241008;100014;8151.1;20;2030872691753354177;B
20241008;100014;8151.2;20;2030872691753354178;B
20241008;100014;8151.2;2;2030872691753354179;B
20241008;100014;8151.3;20;2030872691753354180;B
20241008;100014;8151.4;18;2030872691753354181;B
20241008;100017;8151;2;2030872691753354182;S
20241008;100017;8151;1;2030872691753354183;S
20241008;100017;8150.1;1;2030872691753354184;S
20241008;100017;8150.1;20;2030872691753354185;S
20241008;100017;8150;1;2030872691753354186;S
20241008;100017;8150;3;2030872691753354187;S
20241008;100017;8150;1;2030872691753354188;S
20241008;100017;8150;2;2030872691753354189;S
20241008;100017;8150;7;2030872691753354190;S
20241008;100017;8150;1;2030872691753354191;S
20241008;100017;8150;1;2030872691753354192;S
20241008;100017;8149;3;2030872691753354193;S
20241008;100017;8149;1;2030872691753354194;S
20241008;100017;8148;1;2030872691753354195;S
20241008;100017;8148;2;2030872691753354196;S
20241008;100017;8147;3;2030872691753354197;S
20241008;100017;8146.5;20;2030872691753354198;S
20241008;100017;8146.2;1;2030872691753354199;S
20241008;100017;8146;3;2030872691753354200;S
20241008;100017;8146;6;2030872691753354201;S
20241008;100018;8146;20;2030872691753354202;S
20241008;100021;8146;76;2030872691753354203;S
20241008;100021;8145.3;1;2030872691753354204;S
20241008;100021;8145;3;2030872691753354205;S
20241008;100021;8145;1;2030872691753354206;S
20241008;100021;8144.6;19;2030872691753354207;S
20241008;100021;8144;3;2030872691753354208;S
20241008;100021;8141.2;2;2030872691753354209;B
20241008;100022;8141.2;2;2030872691753354210;B
20241008;100022;8141.2;1;2030872691753354211;B
20241008;100023;8141.2;1;2030872691753354212;B
20241008;100024;8141.1;2;2030872691753354213;S
20241008;100024;8141.2;10;2030872691753354214;B
20241008;100027;8141.2;1;2030872691753354215;B
20241008;100030;8141.2;3;2030872691753354216;B
20241008;100030;8144.8;20;2030872691753354217;B
20241008;100030;8144.9;20;2030872691753354218;B
20241008;100030;8145;20;2030872691753354219;B
20241008;100030;8145.1;20;2030872691753354220;B
20241008;100030;8145.2;17;2030872691753354221;B
20241008;100030;8141.2;20;2030872691753354222;B
20241008;100031;8141.2;1;2030872691753354223;B
20241008;100031;8141.2;17;2030872691753354224;B
20241008;100032;8141.1;18;2030872691753354225;S
20241008;100032;8141.1;57;2030872691753354226;S
20241008;100032;8141;1;2030872691753354227;S
20241008;100032;8141;1;2030872691753354228;S
20241008;100032;8141;2;2030872691753354229;S
20241008;100032;8141;20;2030872691753354230;S
20241008;100032;8140.8;2;2030872691753354231;S
20241008;100032;8141;9;2030872691753354232;B
20241008;100032;8141.2;2;2030872691753354233;B
20241008;100032;8141.8;5;2030872691753354234;B
20241008;100032;8142;2;2030872691753354235;S
20241008;100033;8142;20;2030872691753354236;S
20241008;100037;8142.1;7;2030872691753354237;B
20241008;100038;8142.1;1;2030872691753354238;B
20241008;100039;8142.1;12;2030872691753354239;B
20241008;100039;8144.9;20;2030872691753354240;B
20241008;100039;8145;20;2030872691753354241;B
20241008;100039;8145.1;11;2030872691753354242;B
20241008;100039;8142.1;5;2030872691753354243;S
20241008;100040;8142.1;15;2030872691753354244;B
20241008;100040;8142.3;5;2030872691753354245;B
20241008;100040;8144.8;20;2030872691753354246;B
20241008;100040;8144.9;20;2030872691753354247;B
20241008;100040;8145;3;2030872691753354248;B
20241008;100040;8142.1;5;2030872691753354249;S
20241008;100041;8142.1;10;2030872691753354250;B
20241008;100041;8142.1;19;2030872691753354251;B
20241008;100041;8145.3;5;2030872691753354252;B
20241008;100041;8145.4;20;2030872691753354253;B
20241008;100041;8145.5;19;2030872691753354254;B
20241008;100042;8143.2;2;2030872691753354255;S
20241008;100043;8143.3;5;2030872691753354256;B
20241008;100046;8142.9;3;2030872691753354257;B
20241008;100046;8142.9;2;2030872691753354258;B
20241008;100046;8142.9;8;2030872691753354259;B
20241008;100046;8142.9;22;2030872691753354260;B
20241008;100046;8143;10;2030872691753354261;B
20241008;100046;8143.3;15;2030872691753354262;B
20241008;100046;8144.1;2;2030872691753354263;B
20241008;100046;8144.7;10;2030872691753354264;B
20241008;100046;8145.2;20;2030872691753354265;B
20241008;100046;8145.3;20;2030872691753354266;B
20241008;100046;8145.4;1;2030872691753354267;B
20241008;100046;8142.3;5;2030872691753354268;S
20241008;100046;8142.3;5;2030872691753354269;B
20241008;100046;8142.3;10;2030872691753354270;B
20241008;100046;8142.3;20;2030872691753354271;B
20241008;100049;8142.1;1;2030872691753354272;S
20241008;100050;8142.2;10;2030872691753354273;B
20241008;100050;8142.1;3;2030872691753354274;S
20241008;100054;8142.2;5;2030872691753354275;B
20241008;100058;8142.2;1;2030872691753354276;B
20241008;100101;8142;1;2030872691753354277;S
20241008;100101;8142;4;2030872691753354278;S
20241008;100106;8141.4;1;2030872691753354279;S
20241008;100106;8141.4;1;2030872691753354280;S
20241008;100106;8141.2;7;2030872691753354281;S
20241008;100106;8141;20;2030872691753354282;S
20241008;100106;8140.7;1;2030872691753354283;S
20241008;100106;8140.6;1;2030872691753354284;S
20241008;100106;8140.1;2;2030872691753354285;S
20241008;100106;8140.3;1;2030872691753354286;B
20241008;100106;8140.1;3;2030872691753354287;S
20241008;100106;8140.1;1;2030872691753354288;S
20241008;100106;8140.1;6;2030872691753354289;S
20241008;100107;8140.1;1;2030872691753354290;S
20241008;100111;8140.2;1;2030872691753354291;S
20241008;100113;8140.2;34;2030872691753354292;S
20241008;100113;8140.1;2;2030872691753354293;S
20241008;100113;8140.3;19;2030872691753354294;B
20241008;100113;8140.8;1;2030872691753354295;B
20241008;100113;8140.1;1;2030872691753354296;S
20241008;100114;8140.2;2;2030872691753354297;B
20241008;100116;8140.1;10;2030872691753354298;S
20241008;100116;8140;1;2030872691753354299;S
20241008;100116;8140;1;2030872691753354300;S
20241008;100116;8140;2;2030872691753354301;S
20241008;100116;8140;74;2030872691753354302;S
20241008;100116;8140;300;2030872691753354303;S
20241008;100117;8140;5;2030872691753354304;S
20241008;100117;8140;600;2030872691753354305;S
20241008;100117;8140;2;2030872691753354306;S
20241008;100117;8140;4;2030872691753354307;S
20241008;100118;8140;15;2030872691753354308;S
20241008;100118;8140;1;2030872691753354309;S
20241008;100118;8140;1;2030872691753354310;S
20241008;100118;8140;20;2030872691753354311;S
20241008;100118;8140;13;2030872691753354312;S
20241008;100118;8140;1;2030872691753354313;S
20241008;100118;8139.9;1;2030872691753354314;S
20241008;100118;8139.9;1;2030872691753354315;S
20241008;100118;8139.6;1;2030872691753354316;S
20241008;100118;8139.5;1;2030872691753354317;S
20241008;100118;8139.5;20;2030872691753354318;S
20241008;100118;8139.4;20;2030872691753354319;S
20241008;100118;8139.3;5;2030872691753354320;S
20241008;100118;8139;1;2030872691753354321;S
20241008;100118;8139;1;2030872691753354322;S
20241008;100118;8138.9;1;2030872691753354323;S
20241008;100118;8138.7;1;2030872691753354324;S
20241008;100118;8138.7;1;2030872691753354325;S
20241008;100118;8138.5;5;2030872691753354326;S
20241008;100118;8138.1;9;2030872691753354327;S
20241008;100119;8138.1;11;2030872691753354328;S
20241008;100119;8138;9;2030872691753354329;S
20241008;100125;8140;5;2030872691753354330;B
20241008;100128;8140;10;2030872691753354331;S
20241008;100130;8140.1;100;2030872691753354332;B
20241008;100130;8140.1;1;2030872691753354333;B
20241008;100130;8140.1;2;2030872691753354334;B
20241008;100131;8140.1;1;2030872691753354335;B
20241008;100133;8140.1;20;2030872691753354336;B
20241008;100133;8140.1;20;2030872691753354337;B
20241008;100133;8140.1;1;2030872691753354338;B
20241008;100134;8140.1;10;2030872691753354339;B
20241008;100135;8140.1;2;2030872691753354340;B
20241008;100135;8140.1;1;2030872691753354341;B
20241008;100136;8140.1;1;2030872691753354342;B
20241008;100137;8140;6;2030872691753354343;S
20241008;100140;8140.1;33;2030872691753354344;B
20241008;100145;8140.1;10;2030872691753354345;B
20241008;100145;8140.1;90;2030872691753354346;B
20241008;100145;8140.1;2;2030872691753354347;B
20241008;100148;8140;1;2030872691753354348;S
20241008;100149;8140.1;4;2030872691753354349;B
20241008;100200;8140;35;2030872691753354350;S
20241008;100200;8140;17;2030872691753354351;S
20241008;100200;8140;20;2030872691753354352;S
20241008;100200;8139.9;20;2030872691753354353;S
20241008;100200;8139.8;20;2030872691753354354;S
20241008;100200;8139.7;20;2030872691753354355;S
20241008;100200;8139.7;3;2030872691753354356;S
20241008;100200;8139.6;20;2030872691753354357;S
20241008;100200;8139.6;10;2030872691753354358;S
20241008;100200;8139.5;20;2030872691753354359;S
20241008;100200;8139.4;5;2030872691753354360;S
20241008;100200;8139.4;20;2030872691753354361;S
20241008;100200;8139.4;10;2030872691753354362;S
20241008;100200;8139.3;20;2030872691753354363;S
20241008;100200;8139.2;20;2030872691753354364;S
20241008;100200;8139.2;10;2030872691753354365;S
20241008;100200;8139.1;20;2030872691753354366;S
20241008;100200;8139;20;2030872691753354367;S
20241008;100200;8138;16;2030872691753354368;S
20241008;100200;8138;5;2030872691753354369;S
20241008;100200;8138;3;2030872691753354370;S
20241008;100200;8137.5;1;2030872691753354371;S
20241008;100200;8137.5;1;2030872691753354372;S
20241008;100200;8136.3;1;2030872691753354373;S
20241008;100200;8136.3;1;2030872691753354374;S
20241008;100200;8136.1;1;2030872691753354375;S
20241008;100200;8136.1;1;2030872691753354376;S
20241008;100200;8136.1;10;2030872691753354377;S
20241008;100200;8136;1;2030872691753354378;S
20241008;100200;8136;270;2030872691753354379;S
20241008;100200;8135.7;20;2030872691753354380;S
20241008;100200;8135.1;1;2030872691753354381;S
20241008;100200;8135.1;1;2030872691753354382;S
20241008;100200;8135;1;2030872691753354383;S
20241008;100200;8135;1;2030872691753354384;S
20241008;100200;8135;5;2030872691753354385;S
20241008;100201;8135.2;1;2030872691753354386;S
20241008;100202;8140;5;2030872691753354387;B
20241008;100202;8140;5;2030872691753354388;B
20241008;100204;8140.1;5;2030872691753354389;B
20241008;100204;8140.1;31;2030872691753354390;B
20241008;100204;8140.1;14;2030872691753354391;B
20241008;100204;8137.8;1;2030872691753354392;S
20241008;100207;8138.3;4;2030872691753354393;B
20241008;100207;8140;1;2030872691753354394;B
20241008;100207;8140.1;87;2030872691753354395;B
20241008;100207;8140.1;8;2030872691753354396;B
20241008;100207;8137.4;1;2030872691753354397;S
20241008;100209;8137;4;2030872691753354398;S
20241008;100209;8137;5;2030872691753354399;S
20241008;100209;8136.9;20;2030872691753354400;S
20241008;100209;8136.8;20;2030872691753354401;S
20241008;100209;8136.7;1;2030872691753354402;S
20241008;100209;8135.1;20;2030872691753354403;S
20241008;100209;8135;25;2030872691753354404;S
20241008;100209;8135;20;2030872691753354405;S
20241008;100210;8134.5;20;2030872691753354406;S
20241008;100210;8134.4;3;2030872691753354407;S
20241008;100210;8134.4;20;2030872691753354408;S
20241008;100210;8134.3;7;2030872691753354409;S
20241008;100211;8135;7;2030872691753354410;B
20241008;100211;8135;28;2030872691753354411;B
20241008;100211;8137.6;20;2030872691753354412;B
20241008;100211;8137.7;2;2030872691753354413;B
20241008;100211;8137.7;5;2030872691753354414;B
20241008;100211;8137.8;20;2030872691753354415;B
20241008;100211;8137.8;5;2030872691753354416;B
20241008;100211;8137.9;30;2030872691753354417;B
20241008;100211;8137.9;20;2030872691753354418;B
20241008;100211;8138;20;2030872691753354419;B
20241008;100211;8138;10;2030872691753354420;B
20241008;100211;8138;20;2030872691753354421;B
20241008;100211;8138.1;30;2030872691753354422;B
20241008;100211;8138.1;20;2030872691753354423;B
20241008;100220;8139.1;1;2030872691753354424;B
20241008;100220;8139;3;2030872691753354425;S
20241008;100221;8139.1;3;2030872691753354426;B
20241008;100221;8139.7;3;2030872691753354427;B
20241008;100221;8139.8;2;2030872691753354428;B
20241008;100221;8140.1;2;2030872691753354429;B
20241008;100225;8140.1;10;2030872691753354430;B
20241008;100226;8140.1;81;2030872691753354431;B
20241008;100226;8140.1;101;2030872691753354432;B
20241008;100226;8140.1;16;2030872691753354433;B
20241008;100226;8141.7;1;2030872691753354434;B
20241008;100226;8142.5;9;2030872691753354435;B
20241008;100227;8139.7;4;2030872691753354436;S
20241008;100227;8143.1;1;2030872691753354437;B
20241008;100227;8144.3;1;2030872691753354438;B
20241008;100227;8143.6;1;2030872691753354439;B
20241008;100227;8143.6;1;2030872691753354440;B
20241008;100229;8144.8;10;2030872691753354441;B
20241008;100229;8144.9;20;2030872691753354442;B
20241008;100229;8145;20;2030872691753354443;B
20241008;100229;8145;8;2030872691753354444;B
20241008;100229;8145.1;20;2030872691753354445;B
20241008;100229;8145.2;20;2030872691753354446;B
20241008;100229;8145.3;2;2030872691753354447;B
20241008;100231;8142.3;10;2030872691753354448;S
20241008;100232;8145.4;10;2030872691753354449;B
20241008;100235;8143.5;3;2030872691753354450;S
20241008;100240;8143.6;2;2030872691753354451;S
20241008;100240;8143.5;20;2030872691753354452;S
20241008;100240;8143.4;20;2030872691753354453;S
20241008;100240;8143.3;3;2030872691753354454;S
20241008;100243;8143.4;1;2030872691753354455;S
20241008;100243;8143.3;5;2030872691753354456;S
20241008;100243;8143.1;20;2030872691753354457;S
20241008;100243;8143;20;2030872691753354458;S
20241008;100243;8142.9;20;2030872691753354459;S
20241008;100243;8142.8;6;2030872691753354460;S
20241008;100253;8142;31;2030872691753354461;S
20241008;100305;8142;2;2030872691753354462;S
20241008;100318;8142;1;2030872691753354463;S
20241008;100321;8142.1;101;2030872691753354464;B
20241008;100321;8142.1;20;2030872691753354465;B
20241008;100321;8142.1;31;2030872691753354466;B
20241008;100321;8142.1;101;2030872691753354467;B
20241008;100321;8142.1;101;2030872691753354468;B
20241008;100321;8142.1;101;2030872691753354469;B
20241008;100321;8142.1;101;2030872691753354470;B
20241008;100321;8142.1;101;2030872691753354471;B
20241008;100321;8142.1;16;2030872691753354472;B
20241008;100321;8142.2;5;2030872691753354473;B
20241008;100321;8142.2;20;2030872691753354474;B
20241008;100321;8142.2;402;2030872691753354475;B
20241008;100329;8142;16;2030872691753354476;S
20241008;100329;8142;15;2030872691753354477;S
20241008;100329;8142;5;2030872691753354478;S
20241008;100329;8142;1;2030872691753354479;S
20241008;100329;8142;14;2030872691753354480;S
20241008;100329;8142;15;2030872691753354481;S
20241008;100329;8142;5;2030872691753354482;S
20241008;100329;8142;20;2030872691753354483;S
20241008;100329;8142;20;2030872691753354484;S
20241008;100329;8142;20;2030872691753354485;S
20241008;100329;8142;15;2030872691753354486;S
20241008;100329;8142;20;2030872691753354487;S
20241008;100329;8142;15;2030872691753354488;S
20241008;100329;8142;20;2030872691753354489;S
20241008;100329;8142;20;2030872691753354490;S
20241008;100329;8142;15;2030872691753354491;S
20241008;100329;8142;20;2030872691753354492;S
20241008;100329;8142;20;2030872691753354493;S
20241008;100329;8142;10;2030872691753354494;S
20241008;100329;8141.6;5;2030872691753354495;S
20241008;100330;8140.1;31;2030872691753354496;S
20241008;100331;8140.2;1;2030872691753354497;B
20241008;100331;8140.1;1;2030872691753354498;S
20241008;100333;8140.1;1;2030872691753354499;S
20241008;100335;8140.2;19;2030872691753354500;B
20241008;100335;8140.2;20;2030872691753354501;B
20241008;100335;8140.3;20;2030872691753354502;B
20241008;100335;8140.4;20;2030872691753354503;B
20241008;100335;8140.5;20;2030872691753354504;B
20241008;100335;8140.6;20;2030872691753354505;B
20241008;100335;8140.7;20;2030872691753354506;B
20241008;100335;8140.8;20;2030872691753354507;B
20241008;100335;8140.9;20;2030872691753354508;B
20241008;100335;8141;20;2030872691753354509;B
20241008;100335;8141.1;20;2030872691753354510;B
20241008;100335;8141.2;5;2030872691753354511;B
20241008;100335;8141.7;5;2030872691753354512;B
20241008;100335;8142;5;2030872691753354513;B
20241008;100335;8142.2;66;2030872691753354514;B
20241008;100335;8140.3;5;2030872691753354515;S
20241008;100335;8140.2;5;2030872691753354516;S
20241008;100336;8140.1;17;2030872691753354517;S
20241008;100336;8138.5;10;2030872691753354518;S
20241008;100336;8138.4;10;2030872691753354519;S
20241008;100336;8138.3;39;2030872691753354520;S
20241008;100336;8138.3;31;2030872691753354521;S
20241008;100338;8138.4;15;2030872691753354522;B
20241008;100338;8138.3;31;2030872691753354523;S
20241008;100342;8138.3;10;2030872691753354524;S
20241008;100347;8138.3;14;2030872691753354525;S
20241008;100347;8138.1;17;2030872691753354526;S
20241008;100348;8138.1;1;2030872691753354527;S
20241008;100350;8138.1;2;2030872691753354528;S
20241008;100350;8138;2;2030872691753354529;S
20241008;100352;8138.1;1;2030872691753354530;B
20241008;100353;8138;31;2030872691753354531;S
20241008;100354;8138;2;2030872691753354532;S
20241008;100357;8138;5;2030872691753354533;S
20241008;100357;8137;1;2030872691753354534;S
20241008;100401;8137;3;2030872691753354535;S
20241008;100404;8137;3;2030872691753354536;S
20241008;100409;8137.2;1;2030872691753354537;B
20241008;100410;8137;11;2030872691753354538;S
20241008;100410;8137;7;2030872691753354539;S
20241008;100410;8137;2;2030872691753354540;S
20241008;100415;8137;23;2030872691753354541;S
20241008;100415;8137;50;2030872691753354542;S
20241008;100415;8137;5;2030872691753354543;S
20241008;100417;8136.1;14;2030872691753354544;S
20241008;100417;8135;36;2030872691753354545;S
20241008;100417;8135;24;2030872691753354546;S
20241008;100417;8134.2;20;2030872691753354547;S
20241008;100417;8134.1;6;2030872691753354548;S
20241008;100419;8136.9;3;2030872691753354549;B
20241008;100421;8136;2;2030872691753354550;B
20241008;100421;8136.1;8;2030872691753354551;B
20241008;100422;8134.8;5;2030872691753354552;S
20241008;100422;8134.7;20;2030872691753354553;S
20241008;100422;8134.2;20;2030872691753354554;S
20241008;100422;8134;8;2030872691753354555;S
20241008;100422;8133.9;1;2030872691753354556;S
20241008;100422;8133.9;1;2030872691753354557;S
20241008;100422;8133.9;20;2030872691753354558;S
20241008;100422;8133.8;13;2030872691753354559;S
20241008;100422;8133.8;1;2030872691753354560;S
20241008;100431;8133.8;6;2030872691753354561;S
20241008;100431;8133.8;25;2030872691753354562;S
20241008;100435;8133.7;1;2030872691753354563;S
20241008;100435;8133.8;10;2030872691753354564;B
20241008;100437;8133.7;1;2030872691753354565;S
20241008;100437;8133.7;1;2030872691753354566;S
20241008;100440;8135;15;2030872691753354567;S
20241008;100440;8135;3;2030872691753354568;S
20241008;100440;8134.8;12;2030872691753354569;S
20241008;100440;8134.8;3;2030872691753354570;S
20241008;100440;8134.6;12;2030872691753354571;S
20241008;100440;8134.6;3;2030872691753354572;S
20241008;100440;8134;14;2030872691753354573;S
20241008;100440;8134;6;2030872691753354574;S
20241008;100440;8134;20;2030872691753354575;S
20241008;100440;8133.9;20;2030872691753354576;S
20241008;100440;8133.8;16;2030872691753354577;S
20241008;100441;8133.8;50;2030872691753354578;S
20241008;100441;8133.8;12;2030872691753354579;S
20241008;100442;8133.5;10;2030872691753354580;S
20241008;100442;8134;10;2030872691753354581;S
20241008;100447;8134.1;19;2030872691753354582;B
20241008;100450;8134.1;82;2030872691753354583;B
20241008;100450;8134.1;19;2030872691753354584;B
20241008;100452;8134.1;8;2030872691753354585;B
20241008;100452;8134.1;50;2030872691753354586;B
20241008;100452;8134.1;24;2030872691753354587;B
20241008;100452;8134.1;76;2030872691753354588;B
20241008;100452;8134.1;25;2030872691753354589;B
20241008;100452;8134.1;8;2030872691753354590;B
20241008;100452;8134.4;5;2030872691753354591;B
20241008;100452;8135.1;5;2030872691753354592;B
20241008;100452;8135.9;62;2030872691753354593;B
20241008;100452;8136.6;20;2030872691753354594;B
20241008;100452;8137;57;2030872691753354595;B
20241008;100452;8137.1;8;2030872691753354596;B
20241008;100452;8137.2;20;2030872691753354597;B
20241008;100452;8137.3;20;2030872691753354598;B
20241008;100452;8137.4;20;2030872691753354599;B
20241008;100452;8137.5;20;2030872691753354600;B
20241008;100452;8137.6;20;2030872691753354601;B
20241008;100454;8137;1;2030872691753354602;B
20241008;100455;8136.8;5;2030872691753354603;B
20241008;100500;8136.3;3;2030872691753354604;S
20241008;100500;8136.3;15;2030872691753354605;S
20241008;100500;8136.3;3;2030872691753354606;S
20241008;100500;8136.3;12;2030872691753354607;S
20241008;100500;8136.3;3;2030872691753354608;S
20241008;100500;8136.3;12;2030872691753354609;S
20241008;100500;8136.3;62;2030872691753354610;S
20241008;100502;8136.3;34;2030872691753354611;S
20241008;100502;8136.3;3;2030872691753354612;S
20241008;100505;8136.3;1;2030872691753354613;S
20241008;100505;8136.3;1;2030872691753354614;S
20241008;100505;8136.5;1;2030872691753354615;B
20241008;100506;8136.3;1;2030872691753354616;S
20241008;100506;8136.3;1;2030872691753354617;S
20241008;100506;8136.3;1;2030872691753354618;S
20241008;100506;8136.3;1;2030872691753354619;S
20241008;100506;8136.3;1;2030872691753354620;S
20241008;100506;8136.3;1;2030872691753354621;S
20241008;100507;8136.3;40;2030872691753354622;S
20241008;100507;8136.3;62;2030872691753354623;S
20241008;100507;8135.7;3;2030872691753354624;S
20241008;100507;8135.7;2;2030872691753354625;S
20241008;100510;8134.2;20;2030872691753354626;B
20241008;100510;8134.8;3;2030872691753354627;B
20241008;100510;8134.8;6;2030872691753354628;B
20241008;100513;8134.1;1;2030872691753354629;B
20241008;100514;8134.1;19;2030872691753354630;B
20241008;100514;8134.2;10;2030872691753354631;B
20241008;100514;8134.8;15;2030872691753354632;B
20241008;100514;8135;3;2030872691753354633;B
20241008;100514;8135;12;2030872691753354634;B
20241008;100514;8135;1;2030872691753354635;B
20241008;100514;8135.6;10;2030872691753354636;B
20241008;100515;8134;5;2030872691753354637;S
20241008;100515;8134;10;2030872691753354638;S
20241008;100515;8134.1;1;2030872691753354639;B
20241008;100525;8134;1;2030872691753354640;S
20241008;100525;8134.1;8;2030872691753354641;B
20241008;100526;8134.1;7;2030872691753354642;B
20241008;100528;8134.1;4;2030872691753354643;B
20241008;100528;8134.1;32;2030872691753354644;B
20241008;100528;8134.1;31;2030872691753354645;B
20241008;100528;8134.2;8;2030872691753354646;B
20241008;100528;8134.3;5;2030872691753354647;B
20241008;100528;8135;10;2030872691753354648;B
20241008;100528;8135.2;5;2030872691753354649;B
20241008;100528;8136.2;3;2030872691753354650;B
20241008;100528;8136.3;20;2030872691753354651;B
20241008;100528;8136.4;2;2030872691753354652;B
20241008;100529;8134.1;5;2030872691753354653;S
20241008;100530;8134.3;20;2030872691753354654;B
20241008;100537;8134.5;20;2030872691753354655;B
20241008;100541;8134.5;19;2030872691753354656;S
20241008;100546;8135;5;2030872691753354657;B
20241008;100546;8135;3;2030872691753354658;B
20241008;100547;8135;12;2030872691753354659;S
20241008;100547;8134.5;11;2030872691753354660;S
20241008;100547;8134.5;1;2030872691753354661;S
20241008;100547;8134.4;3;2030872691753354662;S
20241008;100547;8134.4;15;2030872691753354663;S
20241008;100547;8134.4;12;2030872691753354664;S
20241008;100547;8134.4;3;2030872691753354665;S
20241008;100547;8134.4;15;2030872691753354666;B
20241008;100547;8134.6;35;2030872691753354667;B
20241008;100548;8134.4;1;2030872691753354668;B
20241008;100552;8134.4;4;2030872691753354669;B
20241008;100552;8134.4;2;2030872691753354670;B
20241008;100552;8134.4;1;2030872691753354671;S
20241008;100552;8134.4;2;2030872691753354672;S
20241008;100555;8134.2;7;2030872691753354673;B
20241008;100556;8134.1;1;2030872691753354674;S
20241008;100557;8134.2;1;2030872691753354675;B
20241008;100557;8134.2;5;2030872691753354676;B
20241008;100600;8134.1;2;2030872691753354677;S
20241008;100600;8134.1;3;2030872691753354678;S
20241008;100600;8134;2;2030872691753354679;S
20241008;100601;8134;8;2030872691753354680;S
20241008;100601;8134;59;2030872691753354681;S
20241008;100601;8134;4;2030872691753354682;S
20241008;100602;8134;1;2030872691753354683;S
20241008;100602;8134;7;2030872691753354684;S
20241008;100602;8134;2;2030872691753354685;S
20241008;100602;8134;1;2030872691753354686;S
20241008;100603;8134;1;2030872691753354687;S
20241008;100604;8133.4;1;2030872691753354688;S
20241008;100604;8133.9;20;2030872691753354689;B
20241008;100604;8134;30;2030872691753354690;B
20241008;100604;8133.4;2;2030872691753354691;S
20241008;100604;8133.3;3;2030872691753354692;S
20241008;100604;8133.2;1;2030872691753354693;B
20241008;100605;8133;3;2030872691753354694;S
20241008;100605;8133;2;2030872691753354695;S
20241008;100605;8132.7;1;2030872691753354696;S
20241008;100605;8132.7;1;2030872691753354697;S
20241008;100605;8132.2;1;2030872691753354698;S
20241008;100605;8131.5;1;2030872691753354699;S
20241008;100607;8131.6;1;2030872691753354700;S
20241008;100608;8131.5;1;2030872691753354701;S
20241008;100608;8131.5;1;2030872691753354702;S
20241008;100609;8131.5;1;2030872691753354703;S
20241008;100609;8131.5;1;2030872691753354704;S
20241008;100609;8131.5;1;2030872691753354705;S
20241008;100609;8131.2;10;2030872691753354706;S
20241008;100609;8131.2;2;2030872691753354707;S
20241008;100609;8131.2;8;2030872691753354708;S
20241008;100609;8131.2;1;2030872691753354709;S
20241008;100609;8131.2;6;2030872691753354710;S
20241008;100609;8131.2;15;2030872691753354711;S
20241008;100609;8131.2;5;2030872691753354712;S
20241008;100609;8131.2;10;2030872691753354713;S
20241008;100609;8131.2;15;2030872691753354714;S
20241008;100609;8131.2;5;2030872691753354715;S
20241008;100609;8131.2;10;2030872691753354716;S
20241008;100609;8131.2;15;2030872691753354717;S
20241008;100612;8131.2;62;2030872691753354718;S
20241008;100612;8131.2;15;2030872691753354719;S
20241008;100612;8131.2;3;2030872691753354720;S
20241008;100612;8131.2;3;2030872691753354721;S
20241008;100612;8131.2;3;2030872691753354722;S
20241008;100612;8131.2;9;2030872691753354723;S
20241008;100612;8131.2;15;2030872691753354724;S
20241008;100612;8131.2;15;2030872691753354725;S
20241008;100612;8131.2;15;2030872691753354726;S
20241008;100612;8131.2;15;2030872691753354727;S
20241008;100612;8131.2;15;2030872691753354728;S
20241008;100612;8131.2;2;2030872691753354729;S
20241008;100612;8131.2;4;2030872691753354730;S
20241008;100612;8131.2;1;2030872691753354731;S
20241008;100612;8131.2;1;2030872691753354732;S
20241008;100612;8131;7;2030872691753354733;S
20241008;100612;8131;15;2030872691753354734;S
20241008;100612;8131;15;2030872691753354735;S
20241008;100612;8131;15;2030872691753354736;S
20241008;100612;8131;15;2030872691753354737;S
20241008;100612;8131;15;2030872691753354738;S
20241008;100612;8131;6;2030872691753354739;S
20241008;100612;8131;100;2030872691753354740;S
20241008;100612;8131.3;20;2030872691753354741;B
20241008;100612;8131.3;12;2030872691753354742;B
20241008;100612;8131.3;10;2030872691753354743;B
20241008;100612;8131.5;5;2030872691753354744;B
20241008;100612;8131.6;12;2030872691753354745;B
20241008;100612;8132.2;5;2030872691753354746;B
20241008;100612;8132.4;3;2030872691753354747;B
20241008;100612;8132.5;1;2030872691753354748;B
20241008;100612;8132.6;3;2030872691753354749;B
20241008;100612;8132.7;15;2030872691753354750;B
20241008;100612;8132.8;3;2030872691753354751;B
20241008;100612;8133.1;20;2030872691753354752;B
20241008;100612;8133.2;20;2030872691753354753;B
20241008;100612;8133.3;20;2030872691753354754;B
20241008;100612;8133.4;20;2030872691753354755;B
20241008;100612;8133.5;62;2030872691753354756;B
20241008;100612;8133.5;20;2030872691753354757;B
20241008;100612;8133.6;20;2030872691753354758;B
20241008;100612;8133.7;20;2030872691753354759;B
20241008;100612;8133.8;20;2030872691753354760;B
20241008;100612;8133.9;20;2030872691753354761;B
20241008;100612;8134;1;2030872691753354762;B
20241008;100612;8134;8;2030872691753354763;B
20241008;100612;8134;20;2030872691753354764;B
20241008;100612;8134.5;10;2030872691753354765;B
20241008;100612;8134.6;54;2030872691753354766;B
20241008;100612;8134.6;44;2030872691753354767;B
20241008;100612;8131.1;5;2030872691753354768;S
20241008;100613;8131;31;2030872691753354769;S
20241008;100613;8131;15;2030872691753354770;S
20241008;100613;8131;1;2030872691753354771;S
20241008;100613;8131;12;2030872691753354772;S
20241008;100613;8131;15;2030872691753354773;S
20241008;100613;8131;3;2030872691753354774;S
20241008;100614;8131.1;15;2030872691753354775;B
20241008;100614;8131.2;10;2030872691753354776;B
20241008;100614;8131.2;12;2030872691753354777;B
20241008;100614;8131.9;3;2030872691753354778;B
20241008;100614;8132;5;2030872691753354779;B
20241008;100614;8132.1;3;2030872691753354780;B
20241008;100614;8132.2;6;2030872691753354781;B
20241008;100614;8131.1;5;2030872691753354782;S
20241008;100615;8131.1;4;2030872691753354783;B
20241008;100616;8131;31;2030872691753354784;S
20241008;100618;8131;8;2030872691753354785;S
20241008;100618;8131;321;2030872691753354786;S
20241008;100620;8131.1;11;2030872691753354787;B
20241008;100621;8131.2;10;2030872691753354788;B
20241008;100622;8131.2;7;2030872691753354789;B
20241008;100622;8131.1;32;2030872691753354790;S
20241008;100622;8131.1;6;2030872691753354791;S
20241008;100622;8131.1;1;2030872691753354792;S
20241008;100623;8131.1;1;2030872691753354793;S
20241008;100623;8131;99;2030872691753354794;S
20241008;100623;8131;1;2030872691753354795;S
20241008;100623;8131;310;2030872691753354796;S
20241008;100623;8131;9;2030872691753354797;S
20241008;100624;8131;150;2030872691753354798;S
20241008;100624;8131.2;7;2030872691753354799;B
20241008;100624;8131;310;2030872691753354800;S
20241008;100624;8131;4;2030872691753354801;S
20241008;100624;8131;2;2030872691753354802;S
20241008;100624;8131;253;2030872691753354803;S
20241008;100625;8131;100;2030872691753354804;S
20241008;100625;8131;1;2030872691753354805;S
20241008;100625;8131;100;2030872691753354806;S
20241008;100625;8131;1;2030872691753354807;S
20241008;100626;8131;1;2030872691753354808;S
20241008;100626;8131;10;2030872691753354809;S
20241008;100627;8131;10;2030872691753354810;S
20241008;100627;8131;10;2030872691753354811;S
20241008;100628;8131;4;2030872691753354812;S
20241008;100628;8131;1;2030872691753354813;S
20241008;100628;8131;1;2030872691753354814;S
20241008;100628;8131;1;2030872691753354815;S
20241008;100628;8131;1;2030872691753354816;S
20241008;100628;8131;2;2030872691753354817;S
20241008;100628;8130.7;2;2030872691753354818;S
20241008;100628;8130.5;1;2030872691753354819;S
20241008;100628;8130.5;5;2030872691753354820;S
20241008;100628;8130.3;1;2030872691753354821;S
20241008;100628;8130.3;1;2030872691753354822;S
20241008;100629;8131.1;2;2030872691753354823;B
20241008;100630;8131;1;2030872691753354824;S
20241008;100630;8131.1;1;2030872691753354825;B
20241008;100631;8131;1;2030872691753354826;S
20241008;100631;8131;1;2030872691753354827;S
20241008;100631;8131;1;2030872691753354828;S
20241008;100632;8131;9;2030872691753354829;S
20241008;100632;8131;5;2030872691753354830;S
20241008;100632;8131.1;2;2030872691753354831;B
20241008;100632;8131.2;6;2030872691753354832;B
20241008;100632;8131.3;2;2030872691753354833;B
20241008;100633;8131;1;2030872691753354834;S
20241008;100633;8131.1;20;2030872691753354835;B
20241008;100633;8131.2;10;2030872691753354836;B
20241008;100633;8131.7;5;2030872691753354837;B
20241008;100633;8131.8;20;2030872691753354838;B
20241008;100633;8131.9;20;2030872691753354839;B
20241008;100633;8132;20;2030872691753354840;B
20241008;100633;8132.1;20;2030872691753354841;B
20241008;100633;8132.2;20;2030872691753354842;B
20241008;100633;8132.3;3;2030872691753354843;B
20241008;100633;8132.3;20;2030872691753354844;B
20241008;100633;8132.4;20;2030872691753354845;B
20241008;100633;8132.5;12;2030872691753354846;B
20241008;100633;8132.5;20;2030872691753354847;B
20241008;100633;8132.6;20;2030872691753354848;B
20241008;100633;8132.7;20;2030872691753354849;B
20241008;100633;8132.8;12;2030872691753354850;B
20241008;100633;8132.8;15;2030872691753354851;B
20241008;100633;8133.2;23;2030872691753354852;B
20241008;100633;8131.1;5;2030872691753354853;S
20241008;100633;8131;10;2030872691753354854;S
20241008;100633;8131;5;2030872691753354855;S
20241008;100634;8131;2;2030872691753354856;S
20241008;100634;8131;1;2030872691753354857;S
20241008;100635;8131;1;2030872691753354858;S
20241008;100635;8131.1;2;2030872691753354859;B
20241008;100635;8131;1;2030872691753354860;S
20241008;100636;8131;5;2030872691753354861;S
20241008;100636;8131;3;2030872691753354862;S
20241008;100637;8131;1;2030872691753354863;S
20241008;100637;8131;1;2030872691753354864;S
20241008;100638;8131;1;2030872691753354865;S
20241008;100641;8130.3;1;2030872691753354866;S
20241008;100641;8130.3;1;2030872691753354867;S
20241008;100641;8130.2;2;2030872691753354868;S
20241008;100641;8130.1;1;2030872691753354869;S
20241008;100642;8130.1;2;2030872691753354870;S
20241008;100642;8130;1;2030872691753354871;S
20241008;100642;8130;1;2030872691753354872;S
20241008;100642;8130;1;2030872691753354873;S
20241008;100642;8130;1;2030872691753354874;S
20241008;100642;8130;29;2030872691753354875;S
20241008;100642;8130;1;2030872691753354876;S
20241008;100642;8130;14;2030872691753354877;S
20241008;100643;8130;2;2030872691753354878;S
20241008;100643;8130;1;2030872691753354879;S
20241008;100643;8130;4;2030872691753354880;S
20241008;100646;8131;3;2030872691753354881;B
20241008;100646;8131;2;2030872691753354882;B
20241008;100646;8131.1;10;2030872691753354883;B
20241008;100646;8130.9;3;2030872691753354884;S
20241008;100646;8130.9;12;2030872691753354885;S
20241008;100646;8130.7;3;2030872691753354886;S
20241008;100646;8130.5;15;2030872691753354887;S
20241008;100646;8130;3;2030872691753354888;S
20241008;100646;8130;4;2030872691753354889;S
20241008;100650;8131;3;2030872691753354890;B
20241008;100650;8131;2;2030872691753354891;B
20241008;100650;8131;10;2030872691753354892;B
20241008;100650;8131;3;2030872691753354893;B
20241008;100650;8131;1;2030872691753354894;B
20241008;100650;8131.1;2;2030872691753354895;B
20241008;100650;8131.1;1;2030872691753354896;B
20241008;100650;8131.1;10;2030872691753354897;B
20241008;100650;8131.1;1;2030872691753354898;B
20241008;100650;8131.1;3;2030872691753354899;B
20241008;100650;8131.1;6;2030872691753354900;B
20241008;100650;8131.2;6;2030872691753354901;B
20241008;100706;8131;10;2030872691753354902;B
20241008;100706;8131;2;2030872691753354903;B
20241008;100706;8131.2;4;2030872691753354904;B
20241008;100706;8131.3;4;2030872691753354905;B
20241008;100706;8131.3;1;2030872691753354906;B
20241008;100711;8131.3;5;2030872691753354907;B
20241008;100711;8131.3;20;2030872691753354908;B
20241008;100711;8131.3;10;2030872691753354909;B
20241008;100711;8131.6;85;2030872691753354910;B
20241008;100712;8131.6;1;2030872691753354911;B
20241008;100715;8131.6;15;2030872691753354912;B
20241008;100715;8131.6;65;2030872691753354913;B
20241008;100715;8132;25;2030872691753354914;B
20241008;100717;8132;1;2030872691753354915;B
20241008;100719;8131.5;19;2030872691753354916;B
20241008;100720;8131.5;1;2030872691753354917;B
20241008;100721;8131.5;5;2030872691753354918;B
20241008;100722;8131.5;2;2030872691753354919;S
20241008;100722;8131.5;5;2030872691753354920;S
20241008;100722;8131.3;19;2030872691753354921;S
20241008;100722;8131.8;19;2030872691753354922;B
20241008;100723;8132;2;2030872691753354923;B
20241008;100725;8132;1;2030872691753354924;B
20241008;100730;8131.8;7;2030872691753354925;B
20241008;100732;8131.8;10;2030872691753354926;B
20241008;100736;8131.8;13;2030872691753354927;B
20241008;100741;8131.9;2;2030872691753354928;B
20241008;100743;8131.8;1;2030872691753354929;S
20241008;100749;8131.8;5;2030872691753354930;S
20241008;100753;8131.8;5;2030872691753354931;B
20241008;100755;8130.7;5;2030872691753354932;S
20241008;100755;8130.6;19;2030872691753354933;S
20241008;100755;8130.6;1;2030872691753354934;S
20241008;100755;8130.5;37;2030872691753354935;S
20241008;100756;8130.4;1;2030872691753354936;S
20241008;100800;8130.4;1;2030872691753354937;S
20241008;100800;8130;1;2030872691753354938;S
20241008;100800;8130;20;2030872691753354939;S
20241008;100800;8129.9;7;2030872691753354940;S
20241008;100800;8129.6;2;2030872691753354941;S
20241008;100803;8130.3;10;2030872691753354942;B
20241008;100803;8130;1;2030872691753354943;B
20241008;100805;8129.3;1;2030872691753354944;S
20241008;100805;8129.1;1;2030872691753354945;S
20241008;100806;8129.1;1;2030872691753354946;S
20241008;100806;8129.1;1;2030872691753354947;S
20241008;100807;8129.4;2;2030872691753354948;S
20241008;100809;8129.4;10;2030872691753354949;S
20241008;100811;8129.4;35;2030872691753354950;S
20241008;100811;8129;1;2030872691753354951;S
20241008;100811;8129;1;2030872691753354952;S
20241008;100811;8129;20;2030872691753354953;S
20241008;100813;8129;10;2030872691753354954;B
20241008;100815;8128.4;5;2030872691753354955;S
20241008;100818;8128.3;1;2030872691753354956;S
20241008;100818;8128.3;30;2030872691753354957;S
20241008;100818;8128.3;20;2030872691753354958;S
20241008;100818;8128.2;4;2030872691753354959;S
20241008;100818;8128.2;20;2030872691753354960;S
20241008;100818;8128.1;20;2030872691753354961;S
20241008;100818;8128;1;2030872691753354962;S
20241008;100819;8128;2;2030872691753354963;S
20241008;100819;8128;8;2030872691753354964;S
20241008;100819;8128.4;1;2030872691753354965;B
20241008;100819;8128.6;5;2030872691753354966;B
20241008;100819;8128.7;62;2030872691753354967;B
20241008;100819;8129;10;2030872691753354968;B
20241008;100819;8129;22;2030872691753354969;B
20241008;100823;8128.4;19;2030872691753354970;B
20241008;100824;8128.4;1;2030872691753354971;B
20241008;100826;8128.4;1;2030872691753354972;S
20241008;100826;8128.4;5;2030872691753354973;S
20241008;100829;8128.4;3;2030872691753354974;S
20241008;100829;8128.1;1;2030872691753354975;S
20241008;100829;8128;2;2030872691753354976;S
20241008;100829;8127.9;1;2030872691753354977;S
20241008;100829;8127.9;1;2030872691753354978;S
20241008;100829;8127.8;3;2030872691753354979;S
20241008;100829;8127.7;20;2030872691753354980;S
20241008;100829;8127.6;20;2030872691753354981;S
20241008;100829;8127.5;18;2030872691753354982;S
20241008;100832;8127.3;5;2030872691753354983;S
20241008;100832;8127.2;40;2030872691753354984;S
20241008;100832;8127.1;20;2030872691753354985;S
20241008;100832;8127.1;40;2030872691753354986;S
20241008;100832;8127;3;2030872691753354987;S
20241008;100832;8127;20;2030872691753354988;S
20241008;100832;8126.9;20;2030872691753354989;S
20241008;100832;8126.8;3;2030872691753354990;S
20241008;100832;8126.8;1;2030872691753354991;S
20241008;100832;8126.8;20;2030872691753354992;S
20241008;100832;8126.7;1;2030872691753354993;S
20241008;100832;8126.7;1;2030872691753354994;S
20241008;100832;8126.7;20;2030872691753354995;S
20241008;100832;8126.6;1;2030872691753354996;S
20241008;100832;8126.6;20;2030872691753354997;S
20241008;100832;8126.5;20;2030872691753354998;S
20241008;100832;8126.4;20;2030872691753354999;S
20241008;100832;8126.3;3;2030872691753355000;S
20241008;100837;8126.3;8;2030872691753355001;B
20241008;100841;8126.3;1;2030872691753355002;B
20241008;100845;8126.3;2;2030872691753355003;B
20241008;100847;8126.3;17;2030872691753355004;S
20241008;100847;8126;13;2030872691753355005;S
20241008;100853;8128.3;18;2030872691753355006;S
20241008;100855;8128.3;40;2030872691753355007;S
20241008;100859;8128.9;2;2030872691753355008;B
20241008;100901;8128.9;3;2030872691753355009;B
20241008;100901;8128.9;5;2030872691753355010;B
20241008;100901;8129;8;2030872691753355011;B
20241008;100902;8129;62;2030872691753355012;B
20241008;100903;8129;8;2030872691753355013;B
20241008;100903;8130.5;1;2030872691753355014;B
20241008;100903;8131.5;2;2030872691753355015;B
20241008;100907;8129.4;1;2030872691753355016;S
20241008;100914;8131.8;34;2030872691753355017;B
20241008;100915;8129.5;1;2030872691753355018;S
20241008;100920;8131.5;1;2030872691753355019;B
20241008;100920;8131.6;31;2030872691753355020;B
20241008;100920;8131.8;16;2030872691753355021;B
20241008;100920;8132;1;2030872691753355022;B
20241008;100920;8132;13;2030872691753355023;B
20241008;100920;8132;7;2030872691753355024;B
20241008;100920;8133;1;2030872691753355025;B
20241008;100920;8133;8;2030872691753355026;B
20241008;100920;8133;8;2030872691753355027;B
20241008;100921;8133;11;2030872691753355028;B
20241008;100922;8133;8;2030872691753355029;B
20241008;100922;8133;8;2030872691753355030;B
20241008;100922;8133;4;2030872691753355031;B
20241008;100922;8133;4;2030872691753355032;B
20241008;100923;8133;8;2030872691753355033;B
20241008;100924;8133.7;20;2030872691753355034;S
20241008;100924;8133.6;20;2030872691753355035;S
20241008;100924;8133.6;20;2030872691753355036;S
20241008;100924;8133.5;10;2030872691753355037;S
20241008;100924;8135;4;2030872691753355038;B
20241008;100924;8135;6;2030872691753355039;B
20241008;100924;8135;3;2030872691753355040;B
20241008;100928;8136;1;2030872691753355041;B
20241008;100928;8136;1;2030872691753355042;B
20241008;100928;8136;1;2030872691753355043;B
20241008;100928;8137;3;2030872691753355044;B
20241008;100928;8137.3;60;2030872691753355045;B
20241008;100928;8138;3;2030872691753355046;B
20241008;100928;8138.6;160;2030872691753355047;B
20241008;100931;8138.6;32;2030872691753355048;B
20241008;100932;8138.5;2;2030872691753355049;B
20241008;100936;8138.5;2;2030872691753355050;B
20241008;100938;8138.5;2;2030872691753355051;B
20241008;100938;8138.5;87;2030872691753355052;B
20241008;100938;8138.6;68;2030872691753355053;B
20241008;100938;8138.8;36;2030872691753355054;B
20241008;100942;8138.6;1;2030872691753355055;S
20241008;100942;8138.6;1;2030872691753355056;S
20241008;100943;8138.8;43;2030872691753355057;B
20241008;100944;8138.8;1;2030872691753355058;B
20241008;100949;8138.8;20;2030872691753355059;B
20241008;100949;8139;1;2030872691753355060;B
20241008;100953;8138.9;20;2030872691753355061;S
20241008;100953;8138.8;73;2030872691753355062;S
20241008;100954;8139;2;2030872691753355063;B
20241008;100954;8139.3;1;2030872691753355064;B
20241008;100954;8140;3;2030872691753355065;B
20241008;100954;8140;1;2030872691753355066;B
20241008;100954;8141;3;2030872691753355067;B
20241008;100957;8142;3;2030872691753355068;B
20241008;100957;8143;2;2030872691753355069;B
20241008;100958;8143;1;2030872691753355070;B
20241008;100958;8143.1;10;2030872691753355071;B
20241008;100958;8143.2;1;2030872691753355072;B
20241008;100958;8143.1;3;2030872691753355073;B
20241008;100958;8143.2;3;2030872691753355074;B
20241008;100958;8143.2;8;2030872691753355075;B
20241008;100958;8143.3;20;2030872691753355076;B
20241008;100958;8143.4;9;2030872691753355077;B
20241008;100959;8144;3;2030872691753355078;B
20241008;100959;8144;3;2030872691753355079;B
20241008;100959;8144;20;2030872691753355080;B
20241008;100959;8144.1;20;2030872691753355081;B
20241008;100959;8144.2;4;2030872691753355082;B
20241008;101001;8144.2;3;2030872691753355083;B
20241008;101001;8144.3;3;2030872691753355084;B
20241008;101001;8144.6;37;2030872691753355085;B
20241008;101001;8144.7;30;2030872691753355086;B
20241008;101002;8143.8;4;2030872691753355087;S
20241008;101003;8145;3;2030872691753355088;B
20241008;101003;8145.1;10;2030872691753355089;B
20241008;101003;8145.8;8;2030872691753355090;B
20241008;101003;8146;3;2030872691753355091;B
20241008;101003;8146.3;20;2030872691753355092;B
20241008;101003;8146.4;20;2030872691753355093;B
20241008;101003;8146.5;20;2030872691753355094;B
20241008;101003;8146.6;20;2030872691753355095;B
20241008;101003;8146.7;20;2030872691753355096;B
20241008;101003;8146.8;20;2030872691753355097;B
20241008;101003;8146.9;20;2030872691753355098;B
20241008;101003;8147;3;2030872691753355099;B
20241008;101003;8147;20;2030872691753355100;B
20241008;101003;8147.1;2;2030872691753355101;B
20241008;101003;8147.1;14;2030872691753355102;B
20241008;101003;8144.3;7;2030872691753355103;S
20241008;101005;8147.9;1;2030872691753355104;B
20241008;101005;8145.1;4;2030872691753355105;S
20241008;101007;8145.5;5;2030872691753355106;S
20241008;101007;8145.4;15;2030872691753355107;S
20241008;101013;8147.7;5;2030872691753355108;B
20241008;101013;8147.8;8;2030872691753355109;B
20241008;101013;8147.8;7;2030872691753355110;B
20241008;101013;8147.9;10;2030872691753355111;B
20241008;101013;8148;3;2030872691753355112;B
20241008;101013;8148;6;2030872691753355113;B
20241008;101014;8147.8;10;2030872691753355114;B
20241008;101014;8148;1;2030872691753355115;B
20241008;101014;8148.9;20;2030872691753355116;B
20241008;101014;8149;3;2030872691753355117;B
20241008;101014;8149;16;2030872691753355118;B
20241008;101014;8145.4;1;2030872691753355119;S
20241008;101014;8145.6;4;2030872691753355120;S
20241008;101014;8145.6;5;2030872691753355121;S
20241008;101014;8145.5;4;2030872691753355122;S
20241008;101016;8147.6;4;2030872691753355123;B
20241008;101017;8147.6;1;2030872691753355124;B
20241008;101017;8147.6;2;2030872691753355125;B
20241008;101018;8147.6;2;2030872691753355126;B
20241008;101019;8146.6;4;2030872691753355127;S
20241008;101019;8146.6;5;2030872691753355128;S
20241008;101019;8146.5;20;2030872691753355129;S
20241008;101019;8146.4;1;2030872691753355130;S
20241008;101019;8146.4;13;2030872691753355131;S
20241008;101020;8148;1;2030872691753355132;S
20241008;101020;8148;1;2030872691753355133;S
20241008;101021;8148;4;2030872691753355134;S
20241008;101021;8148;1;2030872691753355135;S
20241008;101021;8148;7;2030872691753355136;S
20241008;101025;8148;1;2030872691753355137;S
20241008;101025;8147.5;9;2030872691753355138;S
20241008;101026;8148;5;2030872691753355139;B
20241008;101029;8148.4;8;2030872691753355140;S
20241008;101029;8148.3;20;2030872691753355141;S
20241008;101029;8148.2;20;2030872691753355142;S
20241008;101029;8148.1;20;2030872691753355143;S
20241008;101029;8148;20;2030872691753355144;S
20241008;101029;8147.9;5;2030872691753355145;S
20241008;101029;8147.7;4;2030872691753355146;S
20241008;101030;8149.6;4;2030872691753355147;B
20241008;101030;8148.6;4;2030872691753355148;S
20241008;101030;8147.8;10;2030872691753355149;S
20241008;101030;8149.2;1;2030872691753355150;B
20241008;101034;8148.8;1;2030872691753355151;S
20241008;101034;8148.7;6;2030872691753355152;B
20241008;101038;8149.7;7;2030872691753355153;B
20241008;101042;8149.2;10;2030872691753355154;B
20241008;101042;8149.4;40;2030872691753355155;B
20241008;101042;8149.4;20;2030872691753355156;B
20241008;101042;8149.4;40;2030872691753355157;B
20241008;101042;8149.7;5;2030872691753355158;B
20241008;101042;8149.8;7;2030872691753355159;B
20241008;101042;8149.8;3;2030872691753355160;B
20241008;101042;8149.9;1;2030872691753355161;B
20241008;101042;8150;1;2030872691753355162;B
20241008;101042;8150;1;2030872691753355163;B
20241008;101042;8150;1;2030872691753355164;B
20241008;101042;8150;1;2030872691753355165;B
20241008;101042;8150;3;2030872691753355166;B
20241008;101042;8151;7;2030872691753355167;B
20241008;101042;8149.2;7;2030872691753355168;S
20241008;101043;8149.2;13;2030872691753355169;S
20241008;101043;8149.1;5;2030872691753355170;S
20241008;101043;8149.1;20;2030872691753355171;S
20241008;101043;8149.1;2;2030872691753355172;S
20241008;101043;8149;10;2030872691753355173;S
20241008;101043;8151.1;8;2030872691753355174;S
20241008;101043;8151.1;20;2030872691753355175;S
20241008;101043;8151;20;2030872691753355176;S
20241008;101043;8150.9;20;2030872691753355177;S
20241008;101043;8150.8;20;2030872691753355178;S
20241008;101043;8150.7;12;2030872691753355179;S
20241008;101045;8150;25;2030872691753355180;B
20241008;101045;8150.1;38;2030872691753355181;B
20241008;101045;8150.1;1;2030872691753355182;B
20241008;101045;8150.1;1;2030872691753355183;B
20241008;101045;8150.1;10;2030872691753355184;B
20241008;101045;8150.7;5;2030872691753355185;B
20241008;101046;8150.8;5;2030872691753355186;S
20241008;101046;8150.6;5;2030872691753355187;S
20241008;101046;8150.5;5;2030872691753355188;S
20241008;101046;8150.4;2;2030872691753355189;S
20241008;101053;8151.9;5;2030872691753355190;B
20241008;101053;8152;50;2030872691753355191;B
20241008;101053;8152;5;2030872691753355192;B
20241008;101053;8153.4;1;2030872691753355193;B
20241008;101053;8150.2;5;2030872691753355194;S
20241008;101054;8150.2;2;2030872691753355195;B
20241008;101057;8151.5;1;2030872691753355196;B
20241008;101100;8150.1;5;2030872691753355197;S
20241008;101100;8150.1;6;2030872691753355198;S
20241008;101100;8150;20;2030872691753355199;S
20241008;101100;8149.9;20;2030872691753355200;S
20241008;101100;8149.8;20;2030872691753355201;S
20241008;101100;8149.7;20;2030872691753355202;S
20241008;101100;8149.6;2;2030872691753355203;S
20241008;101112;8149.8;1;2030872691753355204;B
20241008;101115;8149.7;3;2030872691753355205;S
20241008;101115;8149.3;2;2030872691753355206;S
20241008;101115;8148.1;8;2030872691753355207;S
20241008;101123;8149.6;5;2030872691753355208;B
20241008;101126;8147.1;3;2030872691753355209;S
20241008;101127;8147.2;2;2030872691753355210;S
20241008;101133;8147.1;1;2030872691753355211;S
20241008;101133;8147.1;1;2030872691753355212;B
20241008;101136;8147.1;8;2030872691753355213;B
20241008;101145;8148;14;2030872691753355214;S
20241008;101146;8148;9;2030872691753355215;S
20241008;101148;8148;5;2030872691753355216;S
20241008;101154;8149.4;5;2030872691753355217;B
20241008;101158;8149.3;12;2030872691753355218;S
20241008;101206;8149.3;6;2030872691753355219;S
20241008;101206;8149.3;14;2030872691753355220;S
20241008;101206;8148.8;3;2030872691753355221;S
20241008;101206;8148.6;3;2030872691753355222;S
20241008;101206;8148.5;12;2030872691753355223;S
20241008;101206;8148.4;3;2030872691753355224;S
20241008;101206;8148.2;15;2030872691753355225;S
20241008;101206;8148;14;2030872691753355226;S
20241008;101206;8147.9;5;2030872691753355227;S
20241008;101206;8147.6;12;2030872691753355228;S
20241008;101206;8147.2;8;2030872691753355229;S
20241008;101206;8147.1;4;2030872691753355230;S
20241008;101209;8147.2;3;2030872691753355231;S
20241008;101218;8147;3;2030872691753355232;S
20241008;101220;8147;4;2030872691753355233;B
20241008;101220;8147;50;2030872691753355234;B
20241008;101220;8147;32;2030872691753355235;B
20241008;101220;8147;14;2030872691753355236;B
20241008;101220;8147.1;86;2030872691753355237;B
20241008;101220;8147.1;8;2030872691753355238;B
20241008;101220;8147.1;22;2030872691753355239;B
20241008;101220;8147.1;82;2030872691753355240;B
20241008;101220;8147.2;18;2030872691753355241;B
20241008;101220;8147.2;19;2030872691753355242;B
20241008;101220;8146.7;2;2030872691753355243;S
20241008;101220;8146.5;3;2030872691753355244;S
20241008;101220;8145.5;3;2030872691753355245;S
20241008;101220;8145.5;2;2030872691753355246;S
20241008;101221;8145.6;5;2030872691753355247;B
20241008;101225;8145.7;1;2030872691753355248;B
20241008;101226;8145.6;1;2030872691753355249;B
20241008;101226;8145.8;4;2030872691753355250;B
20241008;101226;8145.8;5;2030872691753355251;B
20241008;101226;8145.9;1;2030872691753355252;B
20241008;101227;8145.9;1;2030872691753355253;B
20241008;101230;8145.9;1;2030872691753355254;B
20241008;101241;8145.3;1;2030872691753355255;S
20241008;101243;8145.8;15;2030872691753355256;B
20241008;101243;8145.8;12;2030872691753355257;B
20241008;101243;8145.8;3;2030872691753355258;B
20241008;101243;8145.8;12;2030872691753355259;B
20241008;101245;8145.7;1;2030872691753355260;S
20241008;101250;8145.6;1;2030872691753355261;S
20241008;101250;8145.5;3;2030872691753355262;S
20241008;101250;8145.4;39;2030872691753355263;S
20241008;101250;8145.4;40;2030872691753355264;S
20241008;101250;8145.3;3;2030872691753355265;S
20241008;101250;8145.3;7;2030872691753355266;S
20241008;101255;8144.9;20;2030872691753355267;S
20241008;101255;8144.8;5;2030872691753355268;S
20241008;101255;8144.8;20;2030872691753355269;S
20241008;101255;8144.7;17;2030872691753355270;S
20241008;101255;8144.6;20;2030872691753355271;S
20241008;101255;8144.5;3;2030872691753355272;S
20241008;101255;8144.5;20;2030872691753355273;S
20241008;101255;8144.5;8;2030872691753355274;S
20241008;101255;8144.4;11;2030872691753355275;S
20241008;101255;8144.6;17;2030872691753355276;B
20241008;101309;8144.7;1;2030872691753355277;B
20241008;101309;8144.3;2;2030872691753355278;S
20241008;101311;8143.5;3;2030872691753355279;S
20241008;101311;8143.5;1;2030872691753355280;S
20241008;101316;8143.2;1;2030872691753355281;S
20241008;101316;8142.5;20;2030872691753355282;S
20241008;101316;8142.4;20;2030872691753355283;S
20241008;101316;8142.4;3;2030872691753355284;B
20241008;101316;8144.3;5;2030872691753355285;B
20241008;101316;8144.4;10;2030872691753355286;B
20241008;101316;8144.4;10;2030872691753355287;B
20241008;101317;8142.1;2;2030872691753355288;S
20241008;101317;8141;2;2030872691753355289;S
20241008;101318;8142.3;15;2030872691753355290;B
20241008;101319;8141;1;2030872691753355291;S
20241008;101320;8144.3;1;2030872691753355292;B
20241008;101320;8144.3;5;2030872691753355293;B
20241008;101320;8144.4;1;2030872691753355294;B
20241008;101321;8144.4;73;2030872691753355295;B
20241008;101321;8144.5;20;2030872691753355296;B
20241008;101321;8144.6;7;2030872691753355297;B
20241008;101326;8144;1;2030872691753355298;B
20241008;101326;8144.2;10;2030872691753355299;B
20241008;101326;8144.6;5;2030872691753355300;B
20241008;101326;8144.3;10;2030872691753355301;S
20241008;101327;8144.6;4;2030872691753355302;B
20241008;101327;8144.6;2;2030872691753355303;B
20241008;101327;8144.6;13;2030872691753355304;B
20241008;101333;8144.4;30;2030872691753355305;B
20241008;101335;8144.4;3;2030872691753355306;B
20241008;101335;8144.4;15;2030872691753355307;B
20241008;101335;8144.4;3;2030872691753355308;B
20241008;101335;8144.4;12;2030872691753355309;B
20241008;101335;8144.4;3;2030872691753355310;B
20241008;101335;8144.4;12;2030872691753355311;B
20241008;101335;8144.4;12;2030872691753355312;B
20241008;101335;8144.4;3;2030872691753355313;B
20241008;101335;8144.5;23;2030872691753355314;B
20241008;101335;8144.5;8;2030872691753355315;B
20241008;101335;8144.3;5;2030872691753355316;S
20241008;101335;8144.2;3;2030872691753355317;S
20241008;101335;8144;3;2030872691753355318;S
20241008;101335;8144;39;2030872691753355319;S
20241008;101337;8144.4;1;2030872691753355320;B
20241008;101337;8144.5;53;2030872691753355321;B
20241008;101337;8144.6;46;2030872691753355322;B
20241008;101338;8144;1;2030872691753355323;S
20241008;101339;8144.6;23;2030872691753355324;B
20241008;101339;8145;5;2030872691753355325;B
20241008;101339;8145.5;3;2030872691753355326;B
20241008;101339;8146.5;3;2030872691753355327;B
20241008;101339;8147;3;2030872691753355328;B
20241008;101353;8146.8;4;2030872691753355329;B
20241008;101353;8146.8;16;2030872691753355330;B
20241008;101355;8146.6;5;2030872691753355331;S
20241008;101355;8146.5;20;2030872691753355332;S
20241008;101355;8146.4;20;2030872691753355333;S
20241008;101355;8146.4;48;2030872691753355334;S
20241008;101358;8146.7;13;2030872691753355335;S
20241008;101400;8146.8;11;2030872691753355336;B
20241008;101400;8147;31;2030872691753355337;B
20241008;101400;8147.2;20;2030872691753355338;B
20241008;101400;8147.2;3;2030872691753355339;B
20241008;101400;8147.2;8;2030872691753355340;B
20241008;101400;8147.5;3;2030872691753355341;B
20241008;101400;8147.5;4;2030872691753355342;B
20241008;101400;8147.5;1;2030872691753355343;B
20241008;101400;8147.5;11;2030872691753355344;B
20241008;101400;8147.5;89;2030872691753355345;B
20241008;101400;8148.5;2;2030872691753355346;B
20241008;101404;8148.4;2;2030872691753355347;S
20241008;101410;8148.5;1;2030872691753355348;B
20241008;101410;8149;3;2030872691753355349;B
20241008;101410;8149;31;2030872691753355350;B
20241008;101412;8148.6;1;2030872691753355351;S
20241008;101413;8149;25;2030872691753355352;B
20241008;101414;8148.4;18;2030872691753355353;S
20241008;101414;8148.2;20;2030872691753355354;S
20241008;101414;8148.1;20;2030872691753355355;S
20241008;101414;8148;35;2030872691753355356;S
20241008;101416;8148.9;20;2030872691753355357;S
20241008;101422;8148.1;5;2030872691753355358;S
20241008;101422;8148;15;2030872691753355359;S
20241008;101422;8147.9;20;2030872691753355360;S
20241008;101422;8147.8;5;2030872691753355361;S
20241008;101422;8147.4;13;2030872691753355362;S
20241008;101422;8147.4;31;2030872691753355363;B
20241008;101423;8147.4;2;2030872691753355364;B
20241008;101425;8146.9;20;2030872691753355365;S
20241008;101425;8144.6;20;2030872691753355366;S
20241008;101425;8144.5;20;2030872691753355367;S
20241008;101425;8144.5;10;2030872691753355368;S
20241008;101429;8147.3;2;2030872691753355369;B
20241008;101429;8147.3;10;2030872691753355370;B
20241008;101434;8147.3;2;2030872691753355371;B
20241008;101436;8144.7;2;2030872691753355372;S
20241008;101437;8144.7;18;2030872691753355373;S
20241008;101441;8142.6;13;2030872691753355374;S
20241008;101441;8142.6;3;2030872691753355375;S
20241008;101441;8142.6;15;2030872691753355376;S
20241008;101441;8142.6;12;2030872691753355377;S
20241008;101444;8142.3;8;2030872691753355378;B
20241008;101444;8142.4;5;2030872691753355379;B
20241008;101446;8141.3;1;2030872691753355380;S
20241008;101446;8141.5;1;2030872691753355381;S
20241008;101447;8141.3;1;2030872691753355382;S
20241008;101447;8141.3;1;2030872691753355383;S
20241008;101447;8141.3;1;2030872691753355384;S
20241008;101448;8141.9;5;2030872691753355385;B
20241008;101449;8141.3;1;2030872691753355386;S
20241008;101450;8141.9;3;2030872691753355387;B
20241008;101450;8141.9;15;2030872691753355388;B
20241008;101450;8141.9;62;2030872691753355389;B
20241008;101450;8141.9;3;2030872691753355390;B
20241008;101450;8141.9;11;2030872691753355391;B
20241008;101450;8142;1;2030872691753355392;B
20241008;101450;8142;3;2030872691753355393;B
20241008;101450;8142;12;2030872691753355394;B
20241008;101450;8142;84;2030872691753355395;B
20241008;101450;8142.2;5;2030872691753355396;B
20241008;101450;8142.4;11;2030872691753355397;B
20241008;101450;8142.4;50;2030872691753355398;B
20241008;101451;8142.4;28;2030872691753355399;B
20241008;101451;8142.7;64;2030872691753355400;B
20241008;101451;8145.7;1;2030872691753355401;B
20241008;101452;8145.8;1;2030872691753355402;B
20241008;101452;8145.8;1;2030872691753355403;B
20241008;101506;8145.1;3;2030872691753355404;S
20241008;101506;8145.1;2;2030872691753355405;S
20241008;101506;8145;13;2030872691753355406;S
20241008;101506;8145;1;2030872691753355407;S
20241008;101506;8144.6;2;2030872691753355408;S
20241008;101506;8144.6;3;2030872691753355409;S
20241008;101506;8144.3;3;2030872691753355410;S
20241008;101506;8144.5;5;2030872691753355411;B
20241008;101515;8141.6;3;2030872691753355412;S
20241008;101515;8141.6;15;2030872691753355413;S
20241008;101515;8141.6;3;2030872691753355414;S
20241008;101515;8141.6;12;2030872691753355415;S
20241008;101515;8141.6;3;2030872691753355416;S
20241008;101515;8141.6;12;2030872691753355417;S
20241008;101515;8141.6;8;2030872691753355418;S
20241008;101520;8140.5;6;2030872691753355419;B
20241008;101520;8141.4;20;2030872691753355420;B
20241008;101520;8141.5;20;2030872691753355421;B
20241008;101520;8141.6;20;2030872691753355422;B
20241008;101520;8141.7;20;2030872691753355423;B
20241008;101520;8141.8;12;2030872691753355424;B
20241008;101520;8141.8;2;2030872691753355425;B
20241008;101520;8141.7;10;2030872691753355426;B
20241008;101520;8141.8;2;2030872691753355427;B
20241008;101520;8141.8;40;2030872691753355428;B
20241008;101520;8141.9;5;2030872691753355429;B
20241008;101520;8142;40;2030872691753355430;B
20241008;101520;8142.1;3;2030872691753355431;B
20241008;101520;8142.1;20;2030872691753355432;B
20241008;101520;8142.2;20;2030872691753355433;B
20241008;101520;8142.2;3;2030872691753355434;S
20241008;101520;8142.2;15;2030872691753355435;S
20241008;101520;8142.2;3;2030872691753355436;S
20241008;101520;8142.2;12;2030872691753355437;S
20241008;101520;8142.2;3;2030872691753355438;S
20241008;101520;8142.2;12;2030872691753355439;S
20241008;101520;8142.2;52;2030872691753355440;S
20241008;101520;8141.5;5;2030872691753355441;S
20241008;101520;8140.3;5;2030872691753355442;B
20241008;101520;8141.3;62;2030872691753355443;B
20241008;101520;8141.4;3;2030872691753355444;B
20241008;101520;8141.5;12;2030872691753355445;B
20241008;101520;8141.7;3;2030872691753355446;B
20241008;101520;8142;15;2030872691753355447;B
20241008;101520;8142.1;3;2030872691753355448;B
20241008;101520;8142.2;2;2030872691753355449;B
20241008;101520;8142.2;5;2030872691753355450;B
20241008;101520;8142.2;5;2030872691753355451;B
20241008;101521;8142.2;6;2030872691753355452;S
20241008;101522;8142.2;8;2030872691753355453;S
20241008;101523;8142.2;64;2030872691753355454;S
20241008;101525;8141.5;5;2030872691753355455;S
20241008;101525;8141.1;26;2030872691753355456;S
20241008;101528;8141.1;10;2030872691753355457;S
20241008;101533;8141.3;3;2030872691753355458;S
20241008;101533;8141.2;15;2030872691753355459;S
20241008;101533;8141.1;5;2030872691753355460;S
20241008;101533;8140.5;3;2030872691753355461;S
20241008;101533;8140.5;20;2030872691753355462;S
20241008;101533;8140.4;4;2030872691753355463;S
20241008;101538;8140.8;1;2030872691753355464;B
20241008;101542;8140;1;2030872691753355465;S
20241008;101542;8140;1;2030872691753355466;S
20241008;101542;8140;1;2030872691753355467;S
20241008;101542;8140;47;2030872691753355468;S
20241008;101544;8141.1;5;2030872691753355469;B
20241008;101544;8141.2;1;2030872691753355470;B
20241008;101544;8141.4;1;2030872691753355471;B
20241008;101544;8141.6;5;2030872691753355472;B
20241008;101544;8142;11;2030872691753355473;B
20241008;101552;8141.8;1;2030872691753355474;B
20241008;101552;8142.1;20;2030872691753355475;B
20241008;101552;8142.2;5;2030872691753355476;B
20241008;101552;8141.2;5;2030872691753355477;S
20241008;101552;8141.1;3;2030872691753355478;S
20241008;101552;8140.2;5;2030872691753355479;S
20241008;101552;8140.1;5;2030872691753355480;S
20241008;101552;8140;46;2030872691753355481;S
20241008;101552;8140.5;5;2030872691753355482;S
20241008;101552;8140;7;2030872691753355483;S
20241008;101552;8140;5;2030872691753355484;S
20241008;101552;8139.7;18;2030872691753355485;S
20241008;101610;8141;4;2030872691753355486;S
20241008;101613;8141.4;3;2030872691753355487;S
20241008;101616;8141;1;2030872691753355488;S
20241008;101621;8141.3;10;2030872691753355489;B
20241008;101621;8141.3;8;2030872691753355490;B
20241008;101621;8141.4;20;2030872691753355491;B
20241008;101621;8141.5;12;2030872691753355492;B
20241008;101625;8141.9;3;2030872691753355493;B
20241008;101625;8141.9;2;2030872691753355494;B
20241008;101646;8142.6;20;2030872691753355495;B
20241008;101646;8143.2;20;2030872691753355496;B
20241008;101646;8143.3;6;2030872691753355497;B
20241008;101703;8141.9;5;2030872691753355498;S
20241008;101703;8141.9;5;2030872691753355499;S
20241008;101713;8141.5;4;2030872691753355500;S
20241008;101713;8141.4;2;2030872691753355501;S
20241008;101713;8140.9;1;2030872691753355502;S
20241008;101713;8140.7;2;2030872691753355503;S
20241008;101713;8140.6;1;2030872691753355504;S
20241008;101720;8141.7;20;2030872691753355505;S
20241008;101720;8140.8;2;2030872691753355506;S
20241008;101720;8140.7;78;2030872691753355507;S
20241008;101721;8143.2;5;2030872691753355508;B
20241008;101721;8143.2;5;2030872691753355509;B
20241008;101723;8141.4;5;2030872691753355510;S
20241008;101723;8141.4;5;2030872691753355511;S
20241008;101723;8141.3;20;2030872691753355512;S
20241008;101723;8140.8;2;2030872691753355513;S
20241008;101723;8140.7;68;2030872691753355514;S
20241008;101724;8143.2;5;2030872691753355515;B
20241008;101724;8143.2;2;2030872691753355516;B
20241008;101726;8141.2;2;2030872691753355517;S
20241008;101726;8141.2;5;2030872691753355518;S
20241008;101726;8141.1;40;2030872691753355519;S
20241008;101726;8141;20;2030872691753355520;S
20241008;101726;8140.9;33;2030872691753355521;S
20241008;101727;8143.2;1;2030872691753355522;B
20241008;101732;8143.1;1;2030872691753355523;B
20241008;101742;8142.7;26;2030872691753355524;S
20241008;101744;8142.6;3;2030872691753355525;B
20241008;101753;8142.7;3;2030872691753355526;B
20241008;101758;8142.7;2;2030872691753355527;B
20241008;101759;8142.6;4;2030872691753355528;B
20241008;101800;8142.6;8;2030872691753355529;B
20241008;101800;8142.5;3;2030872691753355530;S
20241008;101800;8142.5;2;2030872691753355531;S
20241008;101803;8142.5;1;2030872691753355532;S
20241008;101804;8142.6;15;2030872691753355533;B
20241008;101804;8142.6;3;2030872691753355534;B
20241008;101804;8142.7;12;2030872691753355535;B
20241008;101804;8142.7;3;2030872691753355536;B
20241008;101804;8142.7;12;2030872691753355537;B
20241008;101806;8142.6;20;2030872691753355538;S
20241008;101807;8142.7;20;2030872691753355539;B
20241008;101817;8142.7;6;2030872691753355540;B
20241008;101823;8142.7;7;2030872691753355541;B
20241008;101827;8142.7;34;2030872691753355542;B
20241008;101827;8142.9;2;2030872691753355543;B
20241008;101827;8143;1;2030872691753355544;B
20241008;101827;8143.2;2;2030872691753355545;B
20241008;101827;8143.2;5;2030872691753355546;B
20241008;101827;8143.3;2;2030872691753355547;B
20241008;101827;8143.4;3;2030872691753355548;B
20241008;101827;8144;1;2030872691753355549;B
20241008;101833;8144.9;5;2030872691753355550;B
20241008;101833;8144.9;5;2030872691753355551;B
20241008;101833;8144.9;5;2030872691753355552;B
20241008;101833;8145;1;2030872691753355553;B
20241008;101833;8145;4;2030872691753355554;B
20241008;101833;8145.3;5;2030872691753355555;B
20241008;101833;8145.3;5;2030872691753355556;B
20241008;101833;8145.3;5;2030872691753355557;B
20241008;101836;8145.7;8;2030872691753355558;S
20241008;101836;8146.2;8;2030872691753355559;B
20241008;101836;8146.3;12;2030872691753355560;B
20241008;101839;8146.7;5;2030872691753355561;B
20241008;101839;8146.7;5;2030872691753355562;B
20241008;101839;8146.7;1;2030872691753355563;B
20241008;101839;8146.7;2;2030872691753355564;B
20241008;101845;8146.9;1;2030872691753355565;B
20241008;101850;8147;2;2030872691753355566;B
20241008;101851;8149.7;6;2030872691753355567;B
20241008;101851;8149.7;1;2030872691753355568;B
20241008;101851;8149.8;1;2030872691753355569;B
20241008;101851;8149.8;1;2030872691753355570;B
20241008;101854;8149.8;98;2030872691753355571;B
20241008;101854;8149.8;52;2030872691753355572;B
20241008;101855;8150;1;2030872691753355573;B
20241008;101855;8150;1;2030872691753355574;B
20241008;101855;8150.2;7;2030872691753355575;B
20241008;101855;8150.2;1;2030872691753355576;B
20241008;101855;8150.6;7;2030872691753355577;B
20241008;101855;8151.2;3;2030872691753355578;B
20241008;101857;8151.3;1;2030872691753355579;B
20241008;101857;8151.3;1;2030872691753355580;B
20241008;101859;8150.6;8;2030872691753355581;S
20241008;101902;8151.3;1;2030872691753355582;B
20241008;101904;8151.3;2;2030872691753355583;B
20241008;101904;8149.8;3;2030872691753355584;S
20241008;101904;8149.9;15;2030872691753355585;B
20241008;101904;8150;3;2030872691753355586;B
20241008;101904;8150;12;2030872691753355587;B
20241008;101904;8150.4;2;2030872691753355588;B
20241008;101909;8151.2;1;2030872691753355589;B
20241008;101909;8151.2;1;2030872691753355590;B
20241008;101917;8150;1;2030872691753355591;B
20241008;101924;8150.5;1;2030872691753355592;B
20241008;101924;8150.5;1;2030872691753355593;B
20241008;101926;8150.5;18;2030872691753355594;B
20241008;101931;8148.5;4;2030872691753355595;S
20241008;101931;8148.5;5;2030872691753355596;S
20241008;101932;8148.4;3;2030872691753355597;S
20241008;101932;8148.4;1;2030872691753355598;B
20241008;101937;8148;2;2030872691753355599;S
20241008;101937;8147.4;3;2030872691753355600;S
20241008;101937;8146.5;2;2030872691753355601;S
20241008;101937;8146.4;3;2030872691753355602;S
20241008;101940;8146.8;1;2030872691753355603;B
20241008;101940;8146.8;1;2030872691753355604;B
20241008;101942;8145.8;73;2030872691753355605;S
20241008;101942;8146.8;4;2030872691753355606;B
20241008;101948;8145.8;10;2030872691753355607;S
20241008;101948;8145.8;64;2030872691753355608;S
20241008;101948;8148.1;1;2030872691753355609;B
20241008;101948;8148.1;1;2030872691753355610;B
20241008;101956;8147;1;2030872691753355611;B
20241008;101956;8146.9;1;2030872691753355612;B
20241008;102004;8146.9;1;2030872691753355613;B
20241008;102004;8146.9;1;2030872691753355614;B
20241008;102013;8147;1;2030872691753355615;B
20241008;102013;8147;1;2030872691753355616;B
20241008;102014;8145.9;5;2030872691753355617;S
20241008;102014;8146.9;5;2030872691753355618;B
20241008;102021;8147;1;2030872691753355619;B
20241008;102028;8147;1;2030872691753355620;B
20241008;102029;8147;1;2030872691753355621;B
20241008;102030;8147;94;2030872691753355622;B
20241008;102030;8147;6;2030872691753355623;B
20241008;102036;8147;1;2030872691753355624;B
20241008;102036;8147;1;2030872691753355625;B
20241008;102044;8147;1;2030872691753355626;B
20241008;102047;8147;1;2030872691753355627;B
20241008;102047;8147.5;5;2030872691753355628;B
20241008;102047;8147.5;8;2030872691753355629;B
20241008;102047;8148.4;40;2030872691753355630;B
20241008;102047;8148.4;3;2030872691753355631;B
20241008;102047;8148.4;34;2030872691753355632;B
20241008;102047;8148.4;9;2030872691753355633;B
20241008;102051;8148.3;1;2030872691753355634;B
20241008;102051;8148.3;1;2030872691753355635;B
20241008;102059;8148.1;1;2030872691753355636;B
20241008;102059;8148.1;1;2030872691753355637;B
20241008;102100;8148.1;1;2030872691753355638;B
20241008;102102;8147;1;2030872691753355639;S
20241008;102107;8148.1;1;2030872691753355640;B
20241008;102115;8147.5;1;2030872691753355641;B
20241008;102115;8147.5;1;2030872691753355642;B
20241008;102119;8148.4;1;2030872691753355643;B
20241008;102123;8148.4;1;2030872691753355644;B
20241008;102123;8148.4;1;2030872691753355645;B
20241008;102131;8148.4;1;2030872691753355646;B
20241008;102131;8148.4;1;2030872691753355647;B
20241008;102140;8148.4;1;2030872691753355648;B
20241008;102140;8148.4;1;2030872691753355649;B
20241008;102147;8148.4;1;2030872691753355650;B
20241008;102147;8148.4;1;2030872691753355651;B
20241008;102156;8148.8;1;2030872691753355652;B
20241008;102159;8147.3;4;2030872691753355653;S
20241008;102204;8148.6;1;2030872691753355654;B
20241008;102204;8148.6;1;2030872691753355655;B
20241008;102212;8148.8;1;2030872691753355656;B
20241008;102212;8148.8;1;2030872691753355657;B
20241008;102220;8147.3;5;2030872691753355658;S
20241008;102220;8147.3;2;2030872691753355659;S
20241008;102220;8147.2;1;2030872691753355660;S
20241008;102220;8147;60;2030872691753355661;S
20241008;102220;8146.9;32;2030872691753355662;S
20241008;102220;8148.7;1;2030872691753355663;B
20241008;102220;8148.8;1;2030872691753355664;B
20241008;102227;8148.2;1;2030872691753355665;B
20241008;102235;8148.2;1;2030872691753355666;B
20241008;102235;8148.2;1;2030872691753355667;B
20241008;102241;8147.8;1;2030872691753355668;B
20241008;102243;8147.9;1;2030872691753355669;B
20241008;102243;8147.9;1;2030872691753355670;B
20241008;102246;8146.9;5;2030872691753355671;S
20241008;102246;8146.9;8;2030872691753355672;S
20241008;102246;8146.9;31;2030872691753355673;S
20241008;102247;8146.9;4;2030872691753355674;S
20241008;102247;8146.9;8;2030872691753355675;S
20241008;102248;8146.9;31;2030872691753355676;S
20241008;102248;8146.9;8;2030872691753355677;S
20241008;102249;8146.9;31;2030872691753355678;S
20241008;102250;8146.9;4;2030872691753355679;S
20241008;102250;8147.1;1;2030872691753355680;B
20241008;102250;8147.1;1;2030872691753355681;B
20241008;102252;8146.9;3;2030872691753355682;S
20241008;102252;8146.9;15;2030872691753355683;S
20241008;102252;8146.9;3;2030872691753355684;S
20241008;102252;8146.9;12;2030872691753355685;S
20241008;102252;8146.9;12;2030872691753355686;S
20241008;102252;8147.1;15;2030872691753355687;B
20241008;102254;8146.9;64;2030872691753355688;S
20241008;102257;8147.1;1;2030872691753355689;B
20241008;102259;8146.9;9;2030872691753355690;S
20241008;102259;8146.9;3;2030872691753355691;S
20241008;102259;8146.9;15;2030872691753355692;S
20241008;102259;8146.9;3;2030872691753355693;S
20241008;102259;8146.9;12;2030872691753355694;S
20241008;102259;8146.9;3;2030872691753355695;S
20241008;102259;8146.9;12;2030872691753355696;S
20241008;102300;8146.9;31;2030872691753355697;S
20241008;102305;8147.3;1;2030872691753355698;B
20241008;102305;8147.3;1;2030872691753355699;B
20241008;102306;8146.9;31;2030872691753355700;S
20241008;102307;8146.9;31;2030872691753355701;S
20241008;102308;8146.9;11;2030872691753355702;S
20241008;102309;8146.9;3;2030872691753355703;S
20241008;102310;8146.9;8;2030872691753355704;S
20241008;102310;8146.9;64;2030872691753355705;S
20241008;102310;8146.9;62;2030872691753355706;S
20241008;102310;8146.9;62;2030872691753355707;S
20241008;102312;8146.9;4;2030872691753355708;S
20241008;102312;8146.9;3;2030872691753355709;S
20241008;102312;8147.1;1;2030872691753355710;B
20241008;102313;8146.9;1;2030872691753355711;S
20241008;102313;8146.9;3;2030872691753355712;S
20241008;102314;8146.9;200;2030872691753355713;S
20241008;102315;8146.9;3;2030872691753355714;S
20241008;102316;8146.9;3;2030872691753355715;S
20241008;102316;8146.9;5;2030872691753355716;S
20241008;102317;8146.9;3;2030872691753355717;S
20241008;102317;8146.9;1;2030872691753355718;S
20241008;102317;8146.9;5;2030872691753355719;S
20241008;102317;8146.9;1;2030872691753355720;S
20241008;102317;8146.5;5;2030872691753355721;S
20241008;102317;8146.4;3;2030872691753355722;S
20241008;102317;8145.9;3;2030872691753355723;S
20241008;102317;8145.8;3;2030872691753355724;S
20241008;102317;8145.8;12;2030872691753355725;S
20241008;102317;8145.8;17;2030872691753355726;S
20241008;102317;8145.8;3;2030872691753355727;S
20241008;102317;8145.8;5;2030872691753355728;S
20241008;102319;8145.8;65;2030872691753355729;S
20241008;102319;8145.8;8;2030872691753355730;S
20241008;102319;8145.8;1;2030872691753355731;S
20241008;102319;8145.4;3;2030872691753355732;S
20241008;102319;8144.9;3;2030872691753355733;S
20241008;102319;8144.4;3;2030872691753355734;S
20241008;102320;8145.9;1;2030872691753355735;B
20241008;102320;8145.9;1;2030872691753355736;B
20241008;102323;8143.9;3;2030872691753355737;S
20241008;102327;8144.6;1;2030872691753355738;B
20241008;102327;8144.6;1;2030872691753355739;B
20241008;102332;8144.6;18;2030872691753355740;B
20241008;102332;8144.6;4;2030872691753355741;B
20241008;102332;8144.7;18;2030872691753355742;B
20241008;102335;8144.3;1;2030872691753355743;B
20241008;102336;8143.4;3;2030872691753355744;S
20241008;102336;8142.9;3;2030872691753355745;S
20241008;102337;8142.4;3;2030872691753355746;S
20241008;102337;8142.1;2;2030872691753355747;S
20241008;102337;8141.9;3;2030872691753355748;S
20241008;102337;8141.7;8;2030872691753355749;S
20241008;102337;8141.4;3;2030872691753355750;S
20241008;102337;8141.2;8;2030872691753355751;S
20241008;102337;8141;2;2030872691753355752;S
20241008;102337;8140.9;3;2030872691753355753;S
20241008;102337;8140.4;3;2030872691753355754;S
20241008;102337;8140.3;3;2030872691753355755;S
20241008;102337;8140.2;2;2030872691753355756;S
20241008;102337;8140;1;2030872691753355757;S
20241008;102337;8139.9;6;2030872691753355758;S
20241008;102337;8139.9;2;2030872691753355759;S
20241008;102337;8139.9;2;2030872691753355760;S
20241008;102337;8139.9;3;2030872691753355761;S
20241008;102337;8139.6;1;2030872691753355762;S
20241008;102337;8139;5;2030872691753355763;S
20241008;102337;8138.9;2;2030872691753355764;S
20241008;102337;8138.5;2;2030872691753355765;S
20241008;102337;8138.4;1;2030872691753355766;S
20241008;102338;8140.2;7;2030872691753355767;B
20241008;102338;8138;62;2030872691753355768;S
20241008;102338;8138;18;2030872691753355769;S
20241008;102338;8137.6;2;2030872691753355770;S
20241008;102338;8137.5;40;2030872691753355771;S
20241008;102338;8137.5;10;2030872691753355772;S
20241008;102338;8137.5;1;2030872691753355773;S
20241008;102342;8138.4;62;2030872691753355774;B
20241008;102342;8138.4;7;2030872691753355775;B
20241008;102342;8138.9;20;2030872691753355776;B
20241008;102342;8139;11;2030872691753355777;B
20241008;102343;8139.2;1;2030872691753355778;B
20241008;102343;8139.2;1;2030872691753355779;B
20241008;102352;8138.7;1;2030872691753355780;B
20241008;102352;8138.7;1;2030872691753355781;B
20241008;102355;8138.7;3;2030872691753355782;B
20241008;102355;8138.8;15;2030872691753355783;B
20241008;102355;8138.8;5;2030872691753355784;B
20241008;102355;8138.8;5;2030872691753355785;B
20241008;102355;8138.8;2;2030872691753355786;S
20241008;102355;8138.3;3;2030872691753355787;S
20241008;102355;8138.3;7;2030872691753355788;S
20241008;102355;8137.9;12;2030872691753355789;S
20241008;102355;8137.6;5;2030872691753355790;S
20241008;102355;8137.5;3;2030872691753355791;S
20241008;102401;8137;1;2030872691753355792;B
20241008;102401;8137.3;1;2030872691753355793;B
20241008;102402;8136.5;3;2030872691753355794;S
20241008;102402;8136.5;15;2030872691753355795;S
20241008;102402;8136.5;3;2030872691753355796;S
20241008;102402;8136.5;12;2030872691753355797;S
20241008;102402;8136.5;3;2030872691753355798;S
20241008;102402;8136.5;12;2030872691753355799;S
20241008;102402;8136.5;52;2030872691753355800;S
20241008;102402;8136;85;2030872691753355801;S
20241008;102402;8136;62;2030872691753355802;S
20241008;102402;8136;62;2030872691753355803;S
20241008;102402;8136;11;2030872691753355804;S
20241008;102408;8135.4;17;2030872691753355805;S
20241008;102408;8135.4;8;2030872691753355806;S
20241008;102408;8135;1;2030872691753355807;S
20241008;102408;8132.9;2;2030872691753355808;S
20241008;102408;8132.8;3;2030872691753355809;S
20241008;102408;8132.7;15;2030872691753355810;S
20241008;102408;8132.6;3;2030872691753355811;S
20241008;102408;8132.6;12;2030872691753355812;S
20241008;102408;8132;1;2030872691753355813;S
20241008;102408;8132;20;2030872691753355814;S
20241008;102408;8131.9;3;2030872691753355815;S
20241008;102408;8131.9;15;2030872691753355816;S
20241008;102409;8135.1;1;2030872691753355817;B
20241008;102409;8135.1;1;2030872691753355818;B
20241008;102409;8133.7;3;2030872691753355819;S
20241008;102410;8133.7;1;2030872691753355820;S
20241008;102410;8133.3;12;2030872691753355821;S
20241008;102410;8133.2;2;2030872691753355822;S
20241008;102415;8135;1;2030872691753355823;B
20241008;102416;8133.2;1;2030872691753355824;S
20241008;102416;8133.1;15;2030872691753355825;S
20241008;102416;8133.1;17;2030872691753355826;S
20241008;102416;8133;3;2030872691753355827;S
20241008;102416;8132.9;12;2030872691753355828;S
20241008;102416;8132.3;2;2030872691753355829;S
20241008;102416;8132.2;3;2030872691753355830;S
20241008;102416;8132.1;3;2030872691753355831;S
20241008;102416;8131.8;40;2030872691753355832;S
20241008;102416;8131.7;4;2030872691753355833;S
20241008;102416;8134.8;1;2030872691753355834;B
20241008;102416;8134.8;1;2030872691753355835;B
20241008;102420;8133.1;3;2030872691753355836;B
20241008;102420;8133.2;7;2030872691753355837;B
20241008;102421;8133.2;90;2030872691753355838;S
20241008;102421;8132.5;2;2030872691753355839;S
20241008;102421;8132.4;5;2030872691753355840;S
20241008;102421;8131.6;3;2030872691753355841;S
20241008;102423;8132.6;19;2030872691753355842;S
20241008;102423;8132.5;1;2030872691753355843;S
20241008;102423;8131.6;2;2030872691753355844;S
20241008;102423;8131.5;1;2030872691753355845;S
20241008;102423;8131.5;20;2030872691753355846;S
20241008;102423;8131.5;15;2030872691753355847;S
20241008;102423;8131.4;20;2030872691753355848;S
20241008;102423;8131.4;3;2030872691753355849;S
20241008;102423;8131.3;19;2030872691753355850;S
20241008;102424;8134.3;1;2030872691753355851;B
20241008;102427;8131.7;1;2030872691753355852;S
20241008;102427;8131.6;36;2030872691753355853;S
20241008;102427;8131.5;63;2030872691753355854;S
20241008;102432;8133.7;1;2030872691753355855;B
20241008;102432;8133.7;1;2030872691753355856;B
20241008;102439;8133.5;1;2030872691753355857;B
20241008;102439;8133.5;1;2030872691753355858;B
20241008;102447;8134.3;1;2030872691753355859;B
20241008;102447;8132.3;1;2030872691753355860;S
20241008;102455;8134.5;1;2030872691753355861;B
20241008;102455;8134.5;1;2030872691753355862;B
20241008;102501;8135.3;4;2030872691753355863;B
20241008;102501;8134.5;1;2030872691753355864;S
20241008;102503;8137;20;2030872691753355865;B
20241008;102503;8137.1;12;2030872691753355866;B
20241008;102503;8137.1;5;2030872691753355867;B
20241008;102503;8137;1;2030872691753355868;B
20241008;102503;8137;1;2030872691753355869;B
20241008;102510;8136.6;6;2030872691753355870;B
20241008;102510;8134.8;3;2030872691753355871;S
20241008;102511;8136.4;1;2030872691753355872;B
20241008;102519;8136.3;1;2030872691753355873;B
20241008;102519;8136.3;1;2030872691753355874;B
20241008;102526;8135.4;1;2030872691753355875;B
20241008;102526;8135.4;1;2030872691753355876;B
20241008;102533;8133.5;5;2030872691753355877;S
20241008;102533;8133.5;5;2030872691753355878;S
20241008;102533;8133.4;1;2030872691753355879;S
20241008;102533;8132.9;8;2030872691753355880;S
20241008;102533;8132.1;2;2030872691753355881;S
20241008;102533;8132;50;2030872691753355882;S
20241008;102533;8131.7;22;2030872691753355883;S
20241008;102534;8134.8;1;2030872691753355884;B
20241008;102534;8134.8;1;2030872691753355885;B
20241008;102535;8131.9;1;2030872691753355886;S
20241008;102540;8132.7;1;2030872691753355887;S
20241008;102540;8132.6;1;2030872691753355888;S
20241008;102540;8132.1;2;2030872691753355889;S
20241008;102540;8132;1;2030872691753355890;S
20241008;102540;8131.8;16;2030872691753355891;S
20241008;102540;8131.7;72;2030872691753355892;S
20241008;102541;8134.7;1;2030872691753355893;B
20241008;102543;8134.3;1;2030872691753355894;B
20241008;102543;8134.3;1;2030872691753355895;B
20241008;102548;8131.8;2;2030872691753355896;S
20241008;102548;8131.7;1;2030872691753355897;S
20241008;102550;8131.7;93;2030872691753355898;S
20241008;102551;8132.2;1;2030872691753355899;B
20241008;102551;8132.2;1;2030872691753355900;B
20241008;102559;8132;1;2030872691753355901;B
20241008;102605;8131.7;1;2030872691753355902;S
20241008;102607;8131.9;1;2030872691753355903;B
20241008;102607;8131.9;1;2030872691753355904;B
20241008;102610;8131.9;1;2030872691753355905;B
20241008;102612;8131.7;1;2030872691753355906;S
20241008;102612;8131.7;10;2030872691753355907;S
20241008;102612;8131.7;8;2030872691753355908;S
20241008;102614;8131.8;1;2030872691753355909;B
20241008;102614;8131.8;1;2030872691753355910;B
20241008;102614;8131.9;1;2030872691753355911;B
20241008;102614;8132;1;2030872691753355912;B
20241008;102615;8133.6;1;2030872691753355913;B
20241008;102615;8133.6;1;2030872691753355914;B
20241008;102623;8133.9;1;2030872691753355915;B
20241008;102623;8133.9;1;2030872691753355916;B
20241008;102624;8133.9;1;2030872691753355917;B
20241008;102624;8134;1;2030872691753355918;B
20241008;102630;8134;5;2030872691753355919;B
20241008;102631;8134;1;2030872691753355920;B
20241008;102631;8132.2;5;2030872691753355921;S
20241008;102635;8132.2;2;2030872691753355922;S
20241008;102637;8133.9;1;2030872691753355923;B
20241008;102638;8133.9;1;2030872691753355924;B
20241008;102638;8133.9;1;2030872691753355925;B
20241008;102638;8133.9;1;2030872691753355926;B
20241008;102641;8133.9;1;2030872691753355927;B
20241008;102641;8132.4;5;2030872691753355928;S
20241008;102641;8132.3;1;2030872691753355929;S
20241008;102641;8131.9;21;2030872691753355930;S
20241008;102641;8131.8;73;2030872691753355931;S
20241008;102646;8131.9;7;2030872691753355932;S
20241008;102646;8131.8;27;2030872691753355933;S
20241008;102646;8131.8;16;2030872691753355934;S
20241008;102646;8131.7;1;2030872691753355935;S
20241008;102646;8131.6;1;2030872691753355936;S
20241008;102646;8131.4;24;2030872691753355937;S
20241008;102646;8131.4;2;2030872691753355938;S
20241008;102646;8131.3;1;2030872691753355939;S
20241008;102646;8131.3;12;2030872691753355940;S
20241008;102646;8131.3;2;2030872691753355941;S
20241008;102646;8131.3;5;2030872691753355942;S
20241008;102646;8133.9;1;2030872691753355943;B
20241008;102646;8133.9;1;2030872691753355944;B
20241008;102654;8133.9;1;2030872691753355945;B
20241008;102702;8133.9;1;2030872691753355946;B
20241008;102702;8133.9;1;2030872691753355947;B
20241008;102710;8133.9;1;2030872691753355948;B
20241008;102710;8133.9;1;2030872691753355949;B
20241008;102713;8133.4;1;2030872691753355950;S
20241008;102714;8133.3;12;2030872691753355951;S
20241008;102714;8133.2;2;2030872691753355952;S
20241008;102714;8132.9;8;2030872691753355953;S
20241008;102714;8132.8;3;2030872691753355954;S
20241008;102717;8134;1;2030872691753355955;B
20241008;102717;8134;1;2030872691753355956;B
20241008;102718;8132.7;2;2030872691753355957;S
20241008;102720;8131.7;5;2030872691753355958;S
20241008;102720;8131.6;1;2030872691753355959;S
20241008;102720;8131.5;14;2030872691753355960;S
20241008;102725;8133.2;1;2030872691753355961;B
20241008;102728;8132;1;2030872691753355962;B
20241008;102729;8131.8;1;2030872691753355963;S
20241008;102729;8131.7;15;2030872691753355964;S
20241008;102729;8131.5;3;2030872691753355965;S
20241008;102729;8131.5;1;2030872691753355966;S
20241008;102729;8131.4;20;2030872691753355967;S
20241008;102729;8131.4;2;2030872691753355968;S
20241008;102729;8131.3;13;2030872691753355969;S
20241008;102729;8131.3;12;2030872691753355970;S
20241008;102729;8131.2;20;2030872691753355971;S
20241008;102729;8131.1;1;2030872691753355972;S
20241008;102729;8131.1;20;2030872691753355973;S
20241008;102729;8131.1;3;2030872691753355974;S
20241008;102729;8131.1;9;2030872691753355975;S
20241008;102733;8133.2;1;2030872691753355976;B
20241008;102733;8133.2;1;2030872691753355977;B
20241008;102738;8133.2;3;2030872691753355978;B
20241008;102738;8133.2;5;2030872691753355979;B
20241008;102738;8133.3;1;2030872691753355980;B
20241008;102738;8133.5;8;2030872691753355981;B
20241008;102738;8133.9;8;2030872691753355982;B
20241008;102738;8134;13;2030872691753355983;B
20241008;102738;8134;3;2030872691753355984;B
20241008;102738;8134;5;2030872691753355985;B
20241008;102738;8134.3;9;2030872691753355986;B
20241008;102738;8134.4;20;2030872691753355987;B
20241008;102738;8134.5;3;2030872691753355988;B
20241008;102738;8134.5;12;2030872691753355989;B
20241008;102741;8134.9;1;2030872691753355990;B
20241008;102741;8134.9;1;2030872691753355991;B
20241008;102746;8133.4;5;2030872691753355992;S
20241008;102746;8133.3;1;2030872691753355993;S
20241008;102746;8132.9;4;2030872691753355994;S
20241008;102748;8133.1;1;2030872691753355995;S
20241008;102748;8133.1;8;2030872691753355996;S
20241008;102748;8133.1;16;2030872691753355997;S
20241008;102748;8133;3;2030872691753355998;S
20241008;102748;8132.5;3;2030872691753355999;S
20241008;102748;8132.4;2;2030872691753356000;S
20241008;102748;8132.3;15;2030872691753356001;S
20241008;102748;8132.2;3;2030872691753356002;S
20241008;102748;8132.2;12;2030872691753356003;S
20241008;102748;8132;3;2030872691753356004;S
20241008;102748;8131.9;64;2030872691753356005;S
20241008;102748;8131.9;12;2030872691753356006;S
20241008;102748;8131.8;3;2030872691753356007;S
20241008;102748;8131.6;20;2030872691753356008;S
20241008;102748;8131.6;20;2030872691753356009;S
20241008;102748;8131.5;15;2030872691753356010;S
20241008;102749;8133.9;1;2030872691753356011;B
20241008;102749;8133.9;1;2030872691753356012;B
20241008;102751;8133.9;3;2030872691753356013;B
20241008;102751;8134;1;2030872691753356014;B
20241008;102756;8134;1;2030872691753356015;B
20241008;102758;8132.2;1;2030872691753356016;S
20241008;102758;8132.2;1;2030872691753356017;S
20241008;102804;8133.9;1;2030872691753356018;B
20241008;102804;8133.9;1;2030872691753356019;B
20241008;102806;8133.9;4;2030872691753356020;B
20241008;102806;8132.9;8;2030872691753356021;S
20241008;102806;8132.9;2;2030872691753356022;S
20241008;102809;8133.6;3;2030872691753356023;S
20241008;102809;8133.6;47;2030872691753356024;S
20241008;102809;8133.5;50;2030872691753356025;S
20241008;102812;8134;1;2030872691753356026;B
20241008;102812;8134.4;1;2030872691753356027;B
20241008;102820;8134.4;1;2030872691753356028;B
20241008;102820;8134.4;1;2030872691753356029;B
20241008;102820;8134.5;3;2030872691753356030;B
20241008;102820;8135;16;2030872691753356031;B
20241008;102820;8135;62;2030872691753356032;B
20241008;102820;8135;22;2030872691753356033;B
20241008;102820;8135;3;2030872691753356034;B
20241008;102820;8135.5;3;2030872691753356035;B
20241008;102820;8136;3;2030872691753356036;B
20241008;102820;8136.4;1;2030872691753356037;B
20241008;102821;8136.4;9;2030872691753356038;B
20241008;102821;8136.5;3;2030872691753356039;B
20241008;102821;8136.9;5;2030872691753356040;B
20241008;102821;8137;3;2030872691753356041;B
20241008;102821;8137.5;3;2030872691753356042;B
20241008;102821;8138;3;2030872691753356043;B
20241008;102822;8138;2;2030872691753356044;S
20241008;102822;8137.4;8;2030872691753356045;S
20241008;102827;8137.4;12;2030872691753356046;S
20241008;102827;8137.4;8;2030872691753356047;S
20241008;102827;8138.5;1;2030872691753356048;B
20241008;102831;8138.5;1;2030872691753356049;B
20241008;102835;8138.5;1;2030872691753356050;B
20241008;102835;8138.9;1;2030872691753356051;B
20241008;102839;8139;3;2030872691753356052;B
20241008;102839;8139.3;3;2030872691753356053;B
20241008;102839;8139.3;12;2030872691753356054;B
20241008;102839;8139.4;15;2030872691753356055;B
20241008;102839;8139.4;12;2030872691753356056;B
20241008;102839;8139.4;3;2030872691753356057;B
20241008;102839;8139.5;1;2030872691753356058;B
20241008;102841;8138;5;2030872691753356059;S
20241008;102841;8137.9;1;2030872691753356060;S
20241008;102841;8137.5;4;2030872691753356061;S
20241008;102843;8139.4;1;2030872691753356062;B
20241008;102843;8139.4;1;2030872691753356063;B
20241008;102848;8139.4;2;2030872691753356064;B
20241008;102850;8139.4;1;2030872691753356065;B
20241008;102856;8137.3;1;2030872691753356066;S
20241008;102856;8137.3;5;2030872691753356067;S
20241008;102856;8137.2;1;2030872691753356068;S
20241008;102856;8137;3;2030872691753356069;S
20241008;102858;8138.9;1;2030872691753356070;B
20241008;102858;8138.9;1;2030872691753356071;B
20241008;102904;8137.5;1;2030872691753356072;S
20241008;102905;8138.9;1;2030872691753356073;B
20241008;102906;8137.5;1;2030872691753356074;S
20241008;102908;8137.5;10;2030872691753356075;S
20241008;102913;8138.9;1;2030872691753356076;B
20241008;102913;8138.9;1;2030872691753356077;B
20241008;102916;8138;10;2030872691753356078;S
20241008;102921;8138.9;1;2030872691753356079;B
20241008;102921;8138.9;1;2030872691753356080;B
20241008;102928;8138.9;1;2030872691753356081;B
20241008;102928;8138.9;1;2030872691753356082;B
20241008;102934;8138.9;1;2030872691753356083;B
20241008;102934;8139;1;2030872691753356084;B
20241008;102936;8139;1;2030872691753356085;B
20241008;102943;8139;1;2030872691753356086;B
20241008;102943;8139;1;2030872691753356087;B
20241008;102948;8139;2;2030872691753356088;B
20241008;102948;8139;2;2030872691753356089;B
20241008;102948;8139.5;2;2030872691753356090;B
20241008;102948;8139.5;3;2030872691753356091;B
20241008;102948;8139.5;2;2030872691753356092;B
20241008;102948;8139.6;13;2030872691753356093;B
20241008;102951;8139.8;1;2030872691753356094;B
20241008;102958;8139.8;1;2030872691753356095;B
20241008;102958;8139.9;1;2030872691753356096;B
20241008;102959;8139.9;50;2030872691753356097;B
20241008;102959;8138.3;5;2030872691753356098;S
20241008;102959;8138.3;5;2030872691753356099;S
20241008;102959;8138.2;20;2030872691753356100;S
20241008;102959;8138.1;10;2030872691753356101;S
20241008;103005;8138;1;2030872691753356102;S
20241008;103006;8139.8;1;2030872691753356103;B
20241008;103006;8139.8;1;2030872691753356104;B
20241008;103013;8138.1;2;2030872691753356105;S
20241008;103013;8138.1;8;2030872691753356106;S
20241008;103013;8138;15;2030872691753356107;S
20241008;103014;8139.8;1;2030872691753356108;B
20241008;103014;8139.8;1;2030872691753356109;B
20241008;103021;8139.8;1;2030872691753356110;B
20241008;103024;8139.8;1;2030872691753356111;B
20241008;103028;8139.4;1;2030872691753356112;B
20241008;103028;8139.4;1;2030872691753356113;B
20241008;103035;8139.8;1;2030872691753356114;B
20241008;103041;8139.8;4;2030872691753356115;B
20241008;103041;8139.9;1;2030872691753356116;B
20241008;103041;8140;1;2030872691753356117;B
20241008;103041;8140;3;2030872691753356118;B
20241008;103041;8140;12;2030872691753356119;B
20241008;103041;8140;100;2030872691753356120;B
20241008;103041;8140.1;20;2030872691753356121;B
20241008;103041;8140.2;20;2030872691753356122;B
20241008;103041;8140.3;20;2030872691753356123;B
20241008;103041;8140.4;20;2030872691753356124;B
20241008;103041;8140.5;3;2030872691753356125;B
20241008;103041;8140.5;20;2030872691753356126;B
20241008;103041;8140.5;15;2030872691753356127;B
20241008;103041;8140.6;20;2030872691753356128;B
20241008;103041;8140.6;3;2030872691753356129;B
20241008;103041;8140.7;20;2030872691753356130;B
20241008;103041;8140.8;20;2030872691753356131;B
20241008;103041;8140.8;3;2030872691753356132;B
20241008;103041;8140.9;20;2030872691753356133;B
20241008;103041;8140.9;15;2030872691753356134;B
20241008;103041;8140.9;12;2030872691753356135;B
20241008;103041;8141;200;2030872691753356136;B
20241008;103041;8141;3;2030872691753356137;B
20241008;103041;8141;20;2030872691753356138;B
20241008;103041;8141;3;2030872691753356139;B
20241008;103041;8141.2;3;2030872691753356140;B
20241008;103041;8141.5;3;2030872691753356141;B
20241008;103041;8141.5;27;2030872691753356142;B
20241008;103041;8141.8;40;2030872691753356143;B
20241008;103041;8143.4;8;2030872691753356144;B
20241008;103041;8143.4;8;2030872691753356145;B
20241008;103041;8144;1;2030872691753356146;B
20241008;103041;8144.5;16;2030872691753356147;B
20241008;103041;8145.1;8;2030872691753356148;B
20241008;103041;8146.9;3;2030872691753356149;B
20241008;103041;8147;27;2030872691753356150;B
20241008;103041;8141.7;5;2030872691753356151;B
20241008;103042;8140.7;1;2030872691753356152;S
20241008;103043;8142.1;1;2030872691753356153;B
20241008;103043;8142.4;1;2030872691753356154;B
20241008;103049;8140.5;8;2030872691753356155;S
20241008;103049;8140.5;5;2030872691753356156;S
20241008;103049;8140.5;5;2030872691753356157;S
20241008;103049;8140.5;8;2030872691753356158;S
20241008;103049;8140.5;21;2030872691753356159;S
20241008;103050;8143;1;2030872691753356160;B
20241008;103050;8143;1;2030872691753356161;B
20241008;103050;8141.2;8;2030872691753356162;S
20241008;103050;8141.1;1;2030872691753356163;S
20241008;103050;8140.9;2;2030872691753356164;S
20241008;103050;8140.8;29;2030872691753356165;S
20241008;103050;8140.7;20;2030872691753356166;S
20241008;103050;8140.6;20;2030872691753356167;S
20241008;103050;8140.6;16;2030872691753356168;S
20241008;103050;8140.6;4;2030872691753356169;B
20241008;103050;8140.3;20;2030872691753356170;S
20241008;103050;8140.2;3;2030872691753356171;S
20241008;103050;8140.2;20;2030872691753356172;S
20241008;103050;8140.1;7;2030872691753356173;S
20241008;103052;8143.7;1;2030872691753356174;B
20241008;103052;8143.6;1;2030872691753356175;B
20241008;103052;8141.4;8;2030872691753356176;S
20241008;103052;8141.4;2;2030872691753356177;S
20241008;103052;8141.3;40;2030872691753356178;S
20241008;103052;8141.2;2;2030872691753356179;B
20241008;103052;8141;40;2030872691753356180;S
20241008;103052;8140.8;2;2030872691753356181;S
20241008;103052;8140.8;8;2030872691753356182;B
20241008;103058;8144.4;1;2030872691753356183;B
20241008;103105;8144.2;1;2030872691753356184;B
20241008;103105;8144.2;1;2030872691753356185;B
20241008;103105;8144.2;1;2030872691753356186;B
20241008;103106;8142.4;2;2030872691753356187;S
20241008;103106;8144.3;5;2030872691753356188;B
20241008;103106;8144.3;3;2030872691753356189;B
20241008;103106;8144.4;3;2030872691753356190;B
20241008;103106;8144.5;3;2030872691753356191;B
20241008;103106;8144.9;20;2030872691753356192;B
20241008;103106;8144.9;3;2030872691753356193;B
20241008;103106;8145;30;2030872691753356194;B
20241008;103106;8145;20;2030872691753356195;B
20241008;103106;8145.1;20;2030872691753356196;B
20241008;103106;8145.2;20;2030872691753356197;B
20241008;103106;8145.2;100;2030872691753356198;B
20241008;103106;8145.3;20;2030872691753356199;B
20241008;103106;8145.4;20;2030872691753356200;B
20241008;103106;8145.5;20;2030872691753356201;B
20241008;103108;8145.5;3;2030872691753356202;S
20241008;103112;8145.6;1;2030872691753356203;B
20241008;103113;8145.6;1;2030872691753356204;B
20241008;103113;8145.6;1;2030872691753356205;B
20241008;103114;8145.5;3;2030872691753356206;S
20241008;103114;8145.6;1;2030872691753356207;B
20241008;103116;8145.6;3;2030872691753356208;S
20241008;103118;8145.6;1;2030872691753356209;S
20241008;103118;8145.5;2;2030872691753356210;S
20241008;103120;8145.6;1;2030872691753356211;B
20241008;103124;8145.7;1;2030872691753356212;B
20241008;103128;8145.6;1;2030872691753356213;B
20241008;103128;8146.7;1;2030872691753356214;B
20241008;103135;8145.7;1;2030872691753356215;B
20241008;103135;8146.6;1;2030872691753356216;B
20241008;103139;8146;4;2030872691753356217;B
20241008;103143;8145.7;1;2030872691753356218;B
20241008;103151;8145.7;1;2030872691753356219;B
20241008;103151;8146.7;1;2030872691753356220;B
20241008;103154;8145.6;1;2030872691753356221;S
20241008;103156;8145.6;2;2030872691753356222;S
20241008;103156;8145.5;9;2030872691753356223;S
20241008;103158;8146;1;2030872691753356224;B
20241008;103158;8146.4;1;2030872691753356225;B
20241008;103205;8145.5;3;2030872691753356226;S
20241008;103205;8145.5;3;2030872691753356227;S
20241008;103205;8145.3;5;2030872691753356228;S
20241008;103205;8145.7;1;2030872691753356229;B
20241008;103213;8145;1;2030872691753356230;B
20241008;103213;8145;1;2030872691753356231;B
20241008;103214;8144.5;3;2030872691753356232;S
20241008;103214;8144;3;2030872691753356233;S
20241008;103214;8143.8;14;2030872691753356234;S
20241008;103220;8144.9;5;2030872691753356235;B
20241008;103220;8145;48;2030872691753356236;B
20241008;103221;8145;1;2030872691753356237;B
20241008;103221;8145.6;1;2030872691753356238;B
20241008;103224;8144.1;1;2030872691753356239;S
20241008;103224;8144;2;2030872691753356240;S
20241008;103224;8144;2;2030872691753356241;S
20241008;103228;8144.8;1;2030872691753356242;B
20241008;103228;8144.8;1;2030872691753356243;B
