<DATE>;<TIME>;<LAST>;<VOL>;<ID>;<OPER>
20241030;095906;20529;3;2024680310985202382;B
20241030;095906;20529;7;2024680310985202383;B
20241030;095906;20529;3;2024680310985202384;B
20241030;095906;20529;1;2024680310985202385;B
20241030;095906;20529;5;2024680310985202386;B
20241030;095906;20529;15;2024680310985202387;B
20241030;095906;20529;5;2024680310985202388;B
20241030;095906;20529;10;2024680310985202389;B
20241030;095906;20529;1;2024680310985202390;B
20241030;095906;20529;1;2024680310985202391;B
20241030;095906;20529;1;2024680310985202392;B
20241030;095906;20529;1;2024680310985202393;B
20241030;100000;20530;2;2024680310985202394;B
20241030;100000;20536;1;2024680310985202395;B
20241030;100000;20541;1;2024680310985202396;B
20241030;100000;20547;17;2024680310985202397;B
20241030;100000;20547;1;2024680310985202398;B
20241030;100000;20548;1;2024680310985202399;B
20241030;100000;20549;8;2024680310985202400;B
20241030;100000;20550;1;2024680310985202405;B
20241030;100000;20551;1;2024680310985202406;B
20241030;100000;20552;1;2024680310985202407;B
20241030;100000;20554;2;2024680310985202408;B
20241030;100000;20557;17;2024680310985202409;B
20241030;100000;20557;1;2024680310985202410;B
20241030;100000;20558;1;2024680310985202411;B
20241030;100000;20559;10;2024680310985202416;B
20241030;100000;20561;10;2024680310985202421;B
20241030;100000;20563;1;2024680310985202422;B
20241030;100000;20564;1;2024680310985202423;B
20241030;100000;20566;5;2024680310985202424;B
20241030;100000;20567;17;2024680310985202425;B
20241030;100000;20569;6;2024680310985202426;B
20241030;100000;20569;1;2024680310985202431;B
20241030;100000;20569;13;2024680310985202432;B
20241030;100000;20570;4;2024680310985202433;B
20241030;100000;20570;1;2024680310985202438;B
20241030;100000;20570;2;2024680310985202443;B
20241030;100000;20570;13;2024680310985202448;B
20241030;100000;20571;9;2024680310985202449;B
20241030;100000;20574;1;2024680310985202450;B
20241030;100000;20575;2;2024680310985202451;B
20241030;100000;20575;1;2024680310985202452;B
20241030;100000;20575;13;2024680310985202457;B
20241030;100000;20576;1;2024680310985202458;B
20241030;100000;20576;13;2024680310985202459;B
20241030;100000;20577;13;2024680310985202460;B
20241030;100000;20578;7;2024680310985202461;B
20241030;100000;20578;1;2024680310985202462;B
20241030;100000;20578;1;2024680310985202463;B
20241030;100000;20578;11;2024680310985202464;B
20241030;100000;20578;3;2024680310985202465;B
20241030;100000;20578;5;2024680310985202466;B
20241030;100001;20555;1;2024680310985202467;B
20241030;100001;20576;13;2024680310985202472;B
20241030;100001;20576;17;2024680310985202473;B
20241030;100001;20577;1;2024680310985202474;B
20241030;100001;20577;1;2024680310985202475;B
20241030;100001;20577;1;2024680310985202476;B
20241030;100001;20577;1;2024680310985202477;B
20241030;100001;20577;1;2024680310985202478;B
20241030;100001;20577;1;2024680310985202479;B
20241030;100001;20577;13;2024680310985202480;B
20241030;100001;20578;13;2024680310985202481;B
20241030;100001;20579;1;2024680310985202482;B
20241030;100001;20579;17;2024680310985202483;B
20241030;100001;20579;9;2024680310985202484;B
20241030;100001;20556;1;2024680310985202485;B
20241030;100001;20556;4;2024680310985202486;S
20241030;100002;20570;1;2024680310985202487;B
20241030;100002;20575;1;2024680310985202492;B
20241030;100002;20575;1;2024680310985202493;B
20241030;100002;20578;8;2024680310985202494;B
20241030;100002;20575;1;2024680310985202495;B
20241030;100002;20570;1;2024680310985202496;B
20241030;100002;20566;1;2024680310985202497;S
20241030;100003;20570;5;2024680310985202498;B
20241030;100004;20566;6;2024680310985202499;S
20241030;100004;20570;1;2024680310985202500;B
20241030;100004;20575;2;2024680310985202505;B
20241030;100004;20575;1;2024680310985202506;B
20241030;100007;20568;6;2024680310985202507;B
20241030;100007;20568;14;2024680310985202508;B
20241030;100007;20568;20;2024680310985202509;B
20241030;100007;20568;20;2024680310985202510;B
20241030;100007;20568;20;2024680310985202511;B
20241030;100007;20568;20;2024680310985202512;B
20241030;100007;20568;19;2024680310985202513;B
20241030;100007;20568;1;2024680310985202514;B
20241030;100007;20568;7;2024680310985202515;B
20241030;100007;20568;13;2024680310985202516;B
20241030;100007;20568;20;2024680310985202517;B
20241030;100007;20568;20;2024680310985202518;B
20241030;100007;20568;20;2024680310985202519;B
20241030;100007;20568;20;2024680310985202520;B
20241030;100007;20568;20;2024680310985202521;B
20241030;100007;20568;20;2024680310985202522;B
20241030;100007;20568;20;2024680310985202523;B
20241030;100007;20568;20;2024680310985202524;B
20241030;100007;20568;1;2024680310985202525;B
20241030;100007;20568;19;2024680310985202526;B
20241030;100008;20568;20;2024680310985202527;B
20241030;100009;20571;20;2024680310985202528;B
20241030;100010;20571;4;2024680310985202529;B
20241030;100011;20571;1;2024680310985202530;B
20241030;100012;20571;1;2024680310985202531;B
20241030;100013;20570;1;2024680310985202532;S
20241030;100014;20571;4;2024680310985202533;B
20241030;100015;20571;1;2024680310985202534;B
20241030;100018;20570;1;2024680310985202535;S
20241030;100021;20571;9;2024680310985202536;B
20241030;100021;20571;1;2024680310985202537;B
20241030;100021;20571;3;2024680310985202538;B
20241030;100021;20571;3;2024680310985202539;B
20241030;100021;20571;3;2024680310985202540;B
20241030;100021;20575;7;2024680310985202541;B
20241030;100021;20577;13;2024680310985202542;B
20241030;100021;20577;261;2024680310985202543;B
20241030;100022;20570;1;2024680310985202544;S
20241030;100024;20571;2;2024680310985202545;B
20241030;100026;20570;4;2024680310985202547;S
20241030;100029;20570;1;2024680310985202551;S
20241030;100030;20570;5;2024680310985202552;S
20241030;100030;20570;1;2024680310985202553;S
20241030;100030;20570;1;2024680310985202554;S
20241030;100030;20570;1;2024680310985202555;S
20241030;100030;20570;1;2024680310985202556;S
20241030;100030;20570;13;2024680310985202557;S
20241030;100031;20570;1;2024680310985202558;S
20241030;100035;20570;2;2024680310985202559;S
20241030;100039;20571;1;2024680310985202561;B
20241030;100039;20571;5;2024680310985202566;B
20241030;100039;20571;6;2024680310985202571;B
20241030;100039;20571;4;2024680310985202576;B
20241030;100039;20571;2;2024680310985202581;B
20241030;100041;20570;10;2024680310985202586;S
20241030;100049;20570;10;2024680310985202590;S
20241030;100056;20570;3;2024680310985202591;S
20241030;100056;20571;1;2024680310985202593;B
20241030;100056;20571;1;2024680310985202598;B
20241030;100056;20571;1;2024680310985202603;B
20241030;100056;20571;1;2024680310985202608;B
20241030;100057;20570;7;2024680310985202612;S
20241030;100057;20570;1;2024680310985202613;S
20241030;100057;20570;1;2024680310985202614;S
20241030;100057;20570;1;2024680310985202615;S
20241030;100059;20571;1;2024680310985202616;B
20241030;100059;20570;2;2024680310985202617;S
20241030;100059;20570;2;2024680310985202618;S
20241030;100100;20570;3;2024680310985202619;S
20241030;100102;20570;3;2024680310985202620;S
20241030;100102;20570;7;2024680310985202621;S
20241030;100107;20571;2;2024680310985202622;B
20241030;100107;20572;20;2024680310985202623;B
20241030;100107;20577;1;2024680310985202624;B
20241030;100107;20577;1;2024680310985202625;B
20241030;100107;20578;13;2024680310985202626;B
20241030;100107;20579;13;2024680310985202627;B
20241030;100107;20579;1;2024680310985202628;B
20241030;100107;20579;100;2024680310985202629;B
20241030;100107;20580;1;2024680310985202630;B
20241030;100107;20580;1;2024680310985202631;B
20241030;100107;20580;1;2024680310985202632;B
20241030;100107;20580;13;2024680310985202637;B
20241030;100107;20580;42;2024680310985202638;B
20241030;100108;20571;3;2024680310985202639;S
20241030;100114;20571;2;2024680310985202641;S
20241030;100115;20571;3;2024680310985202645;S
20241030;100118;20571;2;2024680310985202646;S
20241030;100120;20571;2;2024680310985202648;S
20241030;100121;20574;3;2024680310985202652;B
20241030;100122;20573;1;2024680310985202653;S
20241030;100125;20573;7;2024680310985202654;S
20241030;100142;20574;1;2024680310985202655;B
20241030;100144;20573;2;2024680310985202656;S
20241030;100145;20573;1;2024680310985202658;S
20241030;100145;20574;1;2024680310985202660;B
20241030;100146;20573;1;2024680310985202666;S
20241030;100147;20574;2;2024680310985202667;B
20241030;100147;20577;1;2024680310985202668;B
20241030;100147;20577;2;2024680310985202669;B
20241030;100147;20578;8;2024680310985202670;B
20241030;100151;20573;1;2024680310985202671;S
20241030;100151;20573;1;2024680310985202672;S
20241030;100156;20574;1;2024680310985202673;B
20241030;100200;20574;10;2024680310985202674;B
20241030;100201;20573;1;2024680310985202675;S
20241030;100201;20573;1;2024680310985202676;S
20241030;100201;20573;2;2024680310985202677;S
20241030;100204;20574;2;2024680310985202678;B
20241030;100204;20574;1;2024680310985202679;B
20241030;100204;20574;1;2024680310985202680;B
20241030;100204;20574;1;2024680310985202681;B
20241030;100204;20575;5;2024680310985202682;B
20241030;100212;20573;1;2024680310985202683;S
20241030;100215;20570;1;2024680310985202684;S
20241030;100215;20570;9;2024680310985202685;S
20241030;100216;20573;1;2024680310985202686;B
20241030;100216;20574;1;2024680310985202687;B
20241030;100219;20569;5;2024680310985202689;S
20241030;100230;20569;5;2024680310985202690;S
20241030;100231;20571;1;2024680310985202691;B
20241030;100246;20569;1;2024680310985202692;S
20241030;100248;20568;1;2024680310985202693;S
20241030;100254;20570;1;2024680310985202694;B
20241030;100258;20568;1;2024680310985202695;S
20241030;100300;20568;1;2024680310985202696;S
20241030;100300;20568;1;2024680310985202697;S
20241030;100305;20569;1;2024680310985202698;B
20241030;100310;20569;1;2024680310985202699;B
20241030;100311;20570;1;2024680310985202700;B
20241030;100311;20571;1;2024680310985202701;B
20241030;100311;20568;1;2024680310985202702;S
20241030;100311;20568;1;2024680310985202703;S
20241030;100311;20567;3;2024680310985202704;S
20241030;100321;20564;6;2024680310985202705;S
20241030;100322;20566;1;2024680310985202706;B
20241030;100325;20564;7;2024680310985202707;S
20241030;100325;20564;1;2024680310985202708;S
20241030;100325;20564;1;2024680310985202709;S
20241030;100327;20563;1;2024680310985202710;S
20241030;100327;20563;1;2024680310985202711;S
20241030;100327;20563;3;2024680310985202712;S
20241030;100332;20564;1;2024680310985202713;B
20241030;100337;20563;5;2024680310985202714;S
20241030;100341;20564;2;2024680310985202715;B
20241030;100343;20563;5;2024680310985202716;S
20241030;100343;20563;1;2024680310985202717;S
20241030;100343;20563;3;2024680310985202718;S
20241030;100344;20563;2;2024680310985202719;B
20241030;100349;20563;3;2024680310985202720;B
20241030;100351;20562;4;2024680310985202721;S
20241030;100354;20563;6;2024680310985202722;B
20241030;100354;20564;9;2024680310985202723;B
20241030;100358;20563;1;2024680310985202724;S
20241030;100359;20563;1;2024680310985202725;S
20241030;100418;20564;10;2024680310985202726;B
20241030;100418;20564;2;2024680310985202727;B
20241030;100422;20564;1;2024680310985202728;B
20241030;100427;20563;2;2024680310985202729;S
20241030;100442;20564;5;2024680310985202730;B
20241030;100522;20563;1;2024680310985202731;S
20241030;100524;20563;9;2024680310985202732;S
20241030;100524;20563;11;2024680310985202733;S
20241030;100526;20564;29;2024680310985202734;B
20241030;100526;20564;10;2024680310985202735;B
20241030;100526;20564;5;2024680310985202736;B
20241030;100540;20566;1;2024680310985202737;S
20241030;100549;20567;2;2024680310985202738;B
20241030;100549;20567;1;2024680310985202739;B
20241030;100550;20568;1;2024680310985202740;B
20241030;100559;20569;3;2024680310985202741;B
20241030;100601;20569;1;2024680310985202742;B
20241030;100601;20570;5;2024680310985202743;B
20241030;100601;20571;1;2024680310985202748;B
20241030;100601;20571;8;2024680310985202749;B
20241030;100609;20570;2;2024680310985202750;S
20241030;100612;20570;1;2024680310985202752;S
20241030;100613;20571;30;2024680310985202756;B
20241030;100621;20571;1;2024680310985202757;B
20241030;100626;20572;1;2024680310985202758;S
20241030;100626;20572;1;2024680310985202759;S
20241030;100626;20572;1;2024680310985202760;S
20241030;100640;20574;1;2024680310985202761;B
20241030;100640;20575;5;2024680310985202762;B
20241030;100640;20575;1;2024680310985202767;B
20241030;100640;20577;13;2024680310985202768;B
20241030;100655;20575;5;2024680310985202769;B
20241030;100700;20575;1;2024680310985202770;S
20241030;100708;20577;1;2024680310985202771;B
20241030;100708;20577;1;2024680310985202772;B
20241030;100708;20577;1;2024680310985202773;B
20241030;100708;20578;13;2024680310985202774;B
20241030;100708;20578;1;2024680310985202775;B
20241030;100708;20578;1;2024680310985202776;B
20241030;100708;20579;13;2024680310985202777;B
20241030;100708;20579;20;2024680310985202778;B
20241030;100708;20580;1;2024680310985202779;B
20241030;100708;20580;1;2024680310985202780;B
20241030;100708;20580;1;2024680310985202785;B
20241030;100708;20580;10;2024680310985202786;B
20241030;100708;20580;1;2024680310985202791;B
20241030;100709;20579;1;2024680310985202792;B
20241030;100709;20579;20;2024680310985202793;B
20241030;100709;20580;2;2024680310985202794;B
20241030;100709;20580;7;2024680310985202799;B
20241030;100712;20578;2;2024680310985202800;S
20241030;100712;20578;4;2024680310985202801;S
20241030;100719;20578;1;2024680310985202802;S
20241030;100723;20579;20;2024680310985202803;B
20241030;100723;20579;13;2024680310985202804;B
20241030;100723;20579;1;2024680310985202805;B
20241030;100725;20578;1;2024680310985202806;S
20241030;100725;20578;1;2024680310985202807;S
20241030;100731;20579;1;2024680310985202808;B
20241030;100731;20579;2;2024680310985202809;B
20241030;100731;20579;13;2024680310985202810;B
20241030;100731;20579;20;2024680310985202811;B
20241030;100731;20580;5;2024680310985202812;B
20241030;100731;20578;9;2024680310985202813;S
20241030;100731;20578;20;2024680310985202814;S
20241030;100731;20578;6;2024680310985202815;S
20241030;100731;20575;1;2024680310985202816;S
20241030;100743;20578;1;2024680310985202817;B
20241030;100743;20578;1;2024680310985202818;B
20241030;100745;20578;1;2024680310985202819;B
20241030;100815;20577;13;2024680310985202821;B
20241030;100815;20577;2;2024680310985202822;B
20241030;100815;20578;23;2024680310985202823;B
20241030;100823;20577;4;2024680310985202824;B
20241030;100831;20574;1;2024680310985202825;S
20241030;100831;20573;1;2024680310985202826;S
20241030;100831;20573;1;2024680310985202827;S
20241030;100831;20573;1;2024680310985202828;S
20241030;100831;20573;1;2024680310985202829;S
20241030;100831;20573;1;2024680310985202830;S
20241030;100831;20573;1;2024680310985202831;S
20241030;100831;20573;13;2024680310985202832;S
20241030;100837;20576;1;2024680310985202834;B
20241030;100837;20576;1;2024680310985202835;B
20241030;100837;20577;11;2024680310985202836;B
20241030;100852;20573;4;2024680310985202838;S
20241030;100853;20573;9;2024680310985202839;S
20241030;100853;20573;1;2024680310985202840;S
20241030;100908;20573;1;2024680310985202842;S
20241030;100920;20572;1;2024680310985202846;S
20241030;100922;20572;1;2024680310985202847;S
20241030;100922;20572;1;2024680310985202848;S
20241030;100922;20572;1;2024680310985202849;S
20241030;100922;20572;1;2024680310985202850;S
20241030;100922;20571;5;2024680310985202851;S
20241030;100938;20568;2;2024680310985202854;S
20241030;100945;20568;10;2024680310985202855;S
20241030;100950;20568;2;2024680310985202856;S
20241030;100951;20571;3;2024680310985202857;B
20241030;100952;20568;15;2024680310985202858;S
20241030;100954;20568;10;2024680310985202860;S
20241030;100955;20569;1;2024680310985202861;B
20241030;100955;20571;2;2024680310985202862;B
20241030;100955;20571;1;2024680310985202863;B
20241030;100956;20568;1;2024680310985202864;S
20241030;101001;20568;1;2024680310985202865;S
20241030;101009;20571;1;2024680310985202866;B
20241030;101009;20571;1;2024680310985202867;B
20241030;101009;20571;1;2024680310985202868;B
20241030;101009;20571;1;2024680310985202869;B
20241030;101009;20572;1;2024680310985202870;B
20241030;101009;20572;11;2024680310985202871;B
20241030;101023;20571;1;2024680310985202872;B
20241030;101023;20572;29;2024680310985202873;B
20241030;101023;20572;20;2024680310985202874;B
20241030;101027;20573;12;2024680310985202875;B
20241030;101034;20573;1;2024680310985202876;B
20241030;101058;20572;1;2024680310985202878;B
20241030;101058;20573;2;2024680310985202879;B
20241030;101058;20573;1;2024680310985202880;B
20241030;101058;20573;6;2024680310985202881;B
20241030;101103;20569;1;2024680310985202883;S
20241030;101103;20569;1;2024680310985202884;S
20241030;101103;20569;2;2024680310985202885;S
20241030;101103;20569;1;2024680310985202886;S
20241030;101105;20572;1;2024680310985202887;B
20241030;101107;20569;12;2024680310985202888;S
20241030;101107;20569;1;2024680310985202889;S
20241030;101107;20569;1;2024680310985202890;S
20241030;101107;20569;1;2024680310985202891;S
20241030;101107;20568;9;2024680310985202892;S
20241030;101107;20568;1;2024680310985202893;S
20241030;101107;20568;1;2024680310985202894;S
20241030;101107;20568;15;2024680310985202895;S
20241030;101107;20568;1;2024680310985202896;S
20241030;101107;20568;3;2024680310985202897;S
20241030;101113;20568;1;2024680310985202898;S
20241030;101115;20569;1;2024680310985202899;B
20241030;101115;20565;30;2024680310985202900;S
20241030;101120;20568;1;2024680310985202901;B
20241030;101126;20569;3;2024680310985202903;B
20241030;101126;20569;1;2024680310985202908;B
20241030;101126;20569;1;2024680310985202913;B
20241030;101126;20569;1;2024680310985202918;B
20241030;101126;20569;1;2024680310985202923;B
20241030;101126;20569;1;2024680310985202928;B
20241030;101126;20569;1;2024680310985202933;B
20241030;101126;20569;5;2024680310985202938;B
20241030;101126;20569;11;2024680310985202943;B
20241030;101128;20565;5;2024680310985202947;S
20241030;101129;20565;1;2024680310985202948;S
20241030;101129;20570;1;2024680310985202949;B
20241030;101141;20570;1;2024680310985202950;B
20241030;101144;20570;2;2024680310985202951;S
20241030;101145;20570;1;2024680310985202952;S
20241030;101153;20571;1;2024680310985202953;S
20241030;101156;20570;1;2024680310985202955;S
20241030;101201;20570;35;2024680310985202959;S
20241030;101201;20570;3;2024680310985202960;S
20241030;101201;20570;11;2024680310985202961;S
20241030;101224;20568;2;2024680310985202962;S
20241030;101227;20571;1;2024680310985202965;B
20241030;101227;20571;1;2024680310985202970;B
20241030;101227;20572;1;2024680310985202976;B
20241030;101227;20572;1;2024680310985202981;B
20241030;101227;20572;1;2024680310985202986;B
20241030;101227;20572;5;2024680310985202991;B
20241030;101313;20569;1;2024680310985202995;S
20241030;101313;20569;5;2024680310985202996;S
20241030;101319;20569;2;2024680310985202997;S
20241030;101327;20569;1;2024680310985202999;S
20241030;101350;20569;2;2024680310985203003;S
20241030;101401;20570;2;2024680310985203004;B
20241030;101406;20569;1;2024680310985203005;S
20241030;101418;20569;2;2024680310985203006;S
20241030;101426;20570;1;2024680310985203009;B
20241030;101426;20570;10;2024680310985203014;B
20241030;101426;20570;1;2024680310985203019;B
20241030;101426;20570;1;2024680310985203024;B
20241030;101426;20570;1;2024680310985203029;B
20241030;101426;20570;1;2024680310985203034;B
20241030;101426;20570;1;2024680310985203039;B
20241030;101426;20570;2;2024680310985203044;B
20241030;101426;20570;1;2024680310985203049;B
20241030;101427;20570;3;2024680310985203054;B
20241030;101427;20570;2;2024680310985203059;B
20241030;101427;20570;1;2024680310985203064;B
20241030;101427;20571;1;2024680310985203069;B
20241030;101427;20571;1;2024680310985203074;B
20241030;101427;20572;2;2024680310985203079;B
20241030;101427;20572;1;2024680310985203084;B
20241030;101427;20572;2;2024680310985203089;B
20241030;101427;20572;1;2024680310985203094;B
20241030;101427;20572;1;2024680310985203099;B
20241030;101427;20572;1;2024680310985203104;B
20241030;101427;20572;1;2024680310985203109;B
20241030;101427;20572;2;2024680310985203114;B
20241030;101427;20572;5;2024680310985203119;B
20241030;101427;20573;5;2024680310985203126;B
20241030;101427;20573;1;2024680310985203131;B
20241030;101427;20573;1;2024680310985203136;B
20241030;101427;20573;1;2024680310985203141;B
20241030;101427;20573;6;2024680310985203146;B
20241030;101427;20573;1;2024680310985203151;B
20241030;101427;20573;1;2024680310985203156;B
20241030;101427;20573;1;2024680310985203161;B
20241030;101427;20573;1;2024680310985203166;B
20241030;101427;20573;1;2024680310985203171;B
20241030;101427;20573;1;2024680310985203176;B
20241030;101427;20573;1;2024680310985203181;B
20241030;101427;20573;1;2024680310985203186;B
20241030;101427;20573;10;2024680310985203191;B
20241030;101427;20573;1;2024680310985203196;B
20241030;101427;20573;1;2024680310985203201;B
20241030;101427;20573;1;2024680310985203206;B
20241030;101427;20573;8;2024680310985203212;B
20241030;101435;20572;2;2024680310985203221;B
20241030;101435;20572;1;2024680310985203226;B
20241030;101435;20572;1;2024680310985203231;B
20241030;101435;20572;1;2024680310985203236;B
20241030;101435;20572;1;2024680310985203241;B
20241030;101435;20572;1;2024680310985203246;B
20241030;101435;20572;2;2024680310985203251;B
20241030;101435;20572;2;2024680310985203256;B
20241030;101435;20572;2;2024680310985203261;B
20241030;101437;20570;1;2024680310985203271;S
20241030;101448;20572;1;2024680310985203272;B
20241030;101448;20572;2;2024680310985203273;B
20241030;101458;20572;2;2024680310985203277;B
20241030;101458;20572;1;2024680310985203278;B
20241030;101458;20572;1;2024680310985203279;B
20241030;101505;20572;2;2024680310985203280;B
20241030;101518;20571;5;2024680310985203281;S
20241030;101518;20572;1;2024680310985203282;B
20241030;101527;20571;5;2024680310985203283;S
20241030;101527;20571;2;2024680310985203284;S
20241030;101527;20571;1;2024680310985203285;S
20241030;101527;20571;1;2024680310985203286;S
20241030;101527;20572;2;2024680310985203287;S
20241030;101529;20573;1;2024680310985203288;B
20241030;101530;20572;2;2024680310985203290;S
20241030;101530;20572;1;2024680310985203296;S
20241030;101530;20572;2;2024680310985203300;S
20241030;101534;20573;1;2024680310985203301;B
20241030;101536;20572;6;2024680310985203302;S
20241030;101536;20572;1;2024680310985203303;S
20241030;101536;20572;8;2024680310985203304;S
20241030;101536;20572;1;2024680310985203305;S
20241030;101536;20572;1;2024680310985203306;S
20241030;101536;20572;1;2024680310985203307;S
20241030;101536;20572;1;2024680310985203308;S
20241030;101536;20572;1;2024680310985203309;B
20241030;101536;20572;1;2024680310985203310;B
20241030;101608;20571;13;2024680310985203312;S
20241030;101608;20571;50;2024680310985203313;S
20241030;101608;20571;37;2024680310985203314;S
20241030;101610;20572;2;2024680310985203315;B
20241030;101610;20572;1;2024680310985203316;B
20241030;101610;20572;1;2024680310985203317;B
20241030;101630;20571;1;2024680310985203318;S
20241030;101630;20571;1;2024680310985203319;S
20241030;101630;20571;1;2024680310985203320;B
20241030;101655;20571;1;2024680310985203321;S
20241030;101655;20571;13;2024680310985203322;S
20241030;101655;20571;6;2024680310985203323;S
20241030;101657;20571;2;2024680310985203324;S
20241030;101711;20572;1;2024680310985203325;B
20241030;101711;20571;1;2024680310985203326;S
20241030;101716;20571;1;2024680310985203327;S
20241030;101729;20571;6;2024680310985203329;S
20241030;101731;20572;1;2024680310985203330;B
20241030;101740;20572;1;2024680310985203331;B
20241030;101740;20572;1;2024680310985203332;B
20241030;101740;20571;39;2024680310985203333;S
20241030;101740;20571;20;2024680310985203334;S
20241030;101740;20571;50;2024680310985203335;S
20241030;101740;20571;13;2024680310985203336;S
20241030;101740;20571;2;2024680310985203337;S
20241030;101740;20570;13;2024680310985203338;S
20241030;101740;20570;50;2024680310985203339;S
20241030;101809;20569;5;2024680310985203340;S
20241030;101809;20569;5;2024680310985203341;S
20241030;101820;20569;1;2024680310985203342;S
20241030;101821;20569;1;2024680310985203343;S
20241030;101856;20569;1;2024680310985203345;B
20241030;101856;20570;49;2024680310985203346;B
20241030;101856;20568;1;2024680310985203347;S
20241030;101858;20568;1;2024680310985203348;S
20241030;101913;20568;1;2024680310985203349;S
20241030;101922;20570;1;2024680310985203350;B
20241030;101943;20568;1;2024680310985203351;S
20241030;101950;20568;1;2024680310985203352;S
20241030;101957;20568;1;2024680310985203353;S
20241030;102015;20568;2;2024680310985203354;S
20241030;102028;20568;1;2024680310985203355;S
20241030;102034;20568;2;2024680310985203356;S
20241030;102044;20569;1;2024680310985203357;B
20241030;102052;20568;5;2024680310985203358;S
20241030;102058;20568;4;2024680310985203359;S
20241030;102114;20568;1;2024680310985203360;S
20241030;102125;20568;20;2024680310985203361;S
20241030;102137;20568;2;2024680310985203362;B
20241030;102202;20567;1;2024680310985203364;S
20241030;102230;20568;1;2024680310985203368;B
20241030;102235;20568;3;2024680310985203376;B
20241030;102235;20568;2;2024680310985203380;B
20241030;102235;20567;25;2024680310985203381;S
20241030;102238;20567;1;2024680310985203382;S
20241030;102245;20567;20;2024680310985203383;S
20241030;102252;20567;2;2024680310985203384;S
20241030;102256;20567;1;2024680310985203385;S
20241030;102302;20568;3;2024680310985203386;B
20241030;102302;20567;1;2024680310985203387;S
20241030;102313;20568;1;2024680310985203388;B
20241030;102317;20566;13;2024680310985203389;S
20241030;102317;20566;24;2024680310985203390;S
20241030;102338;20563;10;2024680310985203391;S
20241030;102342;20563;1;2024680310985203392;S
20241030;102406;20567;2;2024680310985203393;B
20241030;102414;20563;1;2024680310985203394;S
20241030;102440;20564;1;2024680310985203395;B
20241030;102440;20564;1;2024680310985203396;B
20241030;102440;20565;2;2024680310985203397;B
20241030;102440;20566;1;2024680310985203398;B
20241030;102442;20563;1;2024680310985203399;S
20241030;102451;20565;1;2024680310985203400;S
20241030;102510;20565;1;2024680310985203401;S
20241030;102633;20566;2;2024680310985203406;S
20241030;102634;20565;1;2024680310985203407;S
20241030;102646;20566;2;2024680310985203408;S
20241030;102722;20567;1;2024680310985203409;S
20241030;102723;20567;1;2024680310985203410;S
20241030;102725;20567;1;2024680310985203411;S
20241030;102728;20568;5;2024680310985203414;B
20241030;102728;20568;8;2024680310985203420;B
20241030;102728;20568;1;2024680310985203425;B
20241030;102728;20568;1;2024680310985203430;B
20241030;102728;20568;1;2024680310985203435;B
20241030;102728;20568;2;2024680310985203440;B
20241030;102728;20568;1;2024680310985203445;B
20241030;102728;20568;3;2024680310985203450;B
20241030;102751;20568;1;2024680310985203456;S
20241030;102755;20570;2;2024680310985203460;B
20241030;102758;20570;11;2024680310985203461;B
20241030;102758;20570;1;2024680310985203462;B
20241030;102758;20570;6;2024680310985203463;B
20241030;102819;20569;1;2024680310985203464;S
20241030;102819;20569;1;2024680310985203465;S
20241030;102828;20569;10;2024680310985203466;S
20241030;102841;20570;4;2024680310985203468;B
20241030;102848;20570;4;2024680310985203473;B
20241030;102907;20570;6;2024680310985203477;B
20241030;102907;20570;6;2024680310985203478;B
20241030;103009;20568;8;2024680310985203479;S
20241030;103012;20570;1;2024680310985203480;B
20241030;103105;20570;38;2024680310985203481;B
20241030;103105;20570;20;2024680310985203482;B
20241030;103105;20570;2;2024680310985203483;B
20241030;103105;20570;2;2024680310985203484;B
20241030;103105;20570;20;2024680310985203485;B
20241030;103105;20570;13;2024680310985203486;B
20241030;103105;20571;10;2024680310985203487;B
20241030;103105;20571;2;2024680310985203488;B
20241030;103105;20571;13;2024680310985203489;B
20241030;103105;20572;51;2024680310985203490;B
20241030;103105;20572;9;2024680310985203491;B
20241030;103110;20568;20;2024680310985203492;S
20241030;103112;20570;1;2024680310985203494;B
20241030;103120;20572;4;2024680310985203500;B
20241030;103129;20572;2;2024680310985203504;B
20241030;103303;20572;2;2024680310985203506;B
20241030;103306;20572;4;2024680310985203507;B
20241030;103342;20572;2;2024680310985203508;B
20241030;103347;20569;50;2024680310985203509;S
20241030;103347;20569;13;2024680310985203510;S
20241030;103347;20568;22;2024680310985203511;S
20241030;103347;20568;2;2024680310985203512;S
20241030;103347;20568;13;2024680310985203513;S
20241030;103347;20567;50;2024680310985203514;S
20241030;103347;20567;3;2024680310985203515;S
20241030;103347;20567;13;2024680310985203516;S
20241030;103347;20567;20;2024680310985203517;S
20241030;103347;20566;50;2024680310985203518;S
20241030;103347;20566;3;2024680310985203519;S
20241030;103347;20566;13;2024680310985203520;S
20241030;103347;20565;47;2024680310985203521;S
20241030;103347;20565;13;2024680310985203522;S
20241030;103347;20565;1;2024680310985203523;S
20241030;103347;20564;50;2024680310985203528;S
20241030;103347;20564;3;2024680310985203529;S
20241030;103347;20564;13;2024680310985203530;S
20241030;103347;20564;1;2024680310985203531;S
20241030;103347;20564;2;2024680310985203536;S
20241030;103347;20563;37;2024680310985203541;S
20241030;103347;20563;656;2024680310985203542;S
20241030;103347;20563;13;2024680310985203543;S
20241030;103347;20563;1;2024680310985203544;B
20241030;103404;20562;1;2024680310985203545;S
20241030;103406;20563;1;2024680310985203546;B
20241030;103406;20563;1;2024680310985203547;B
20241030;103426;20562;12;2024680310985203548;S
20241030;103426;20562;43;2024680310985203549;S
20241030;103444;20563;7;2024680310985203550;B
20241030;103459;20562;52;2024680310985203551;S
20241030;103459;20562;13;2024680310985203552;S
20241030;103459;20561;10;2024680310985203553;S
20241030;103459;20561;13;2024680310985203554;S
20241030;103459;20561;2;2024680310985203555;S
20241030;103519;20561;2;2024680310985203558;S
20241030;103535;20563;80;2024680310985203565;B
20241030;103545;20560;2;2024680310985203567;S
20241030;103545;20560;1;2024680310985203572;S
20241030;103545;20560;1;2024680310985203577;S
20241030;103545;20559;2;2024680310985203582;S
20241030;103558;20560;2;2024680310985203589;S
20241030;103616;20560;11;2024680310985203592;S
20241030;103616;20560;1;2024680310985203597;S
20241030;103616;20559;2;2024680310985203602;S
20241030;103616;20559;1;2024680310985203607;S
20241030;103616;20559;1;2024680310985203612;S
20241030;103616;20559;1;2024680310985203617;S
20241030;103616;20559;3;2024680310985203622;S
20241030;103616;20559;10;2024680310985203627;S
20241030;103616;20559;2;2024680310985203632;S
20241030;103616;20559;8;2024680310985203637;S
20241030;103616;20559;3;2024680310985203642;S
20241030;103616;20559;2;2024680310985203650;S
20241030;103622;20561;1;2024680310985203651;B
20241030;103622;20561;1;2024680310985203652;B
20241030;103622;20561;3;2024680310985203653;S
20241030;103633;20558;2;2024680310985203655;S
20241030;103633;20558;11;2024680310985203660;S
20241030;103633;20558;1;2024680310985203665;S
20241030;103633;20557;1;2024680310985203670;S
20241030;103633;20557;1;2024680310985203675;S
20241030;103633;20557;13;2024680310985203680;S
20241030;103633;20557;1;2024680310985203685;S
20241030;103633;20557;13;2024680310985203690;B
20241030;103633;20557;9;2024680310985203695;B
20241030;103633;20557;3;2024680310985203700;B
20241030;103633;20557;1;2024680310985203705;B
20241030;103633;20557;1;2024680310985203710;S
20241030;103639;20556;5;2024680310985203712;S
20241030;103642;20558;3;2024680310985203713;B
20241030;103642;20559;2;2024680310985203718;B
20241030;103651;20555;5;2024680310985203723;S
20241030;103701;20554;1;2024680310985203724;S
20241030;103701;20554;1;2024680310985203725;S
20241030;103727;20555;1;2024680310985203726;B
20241030;103733;20555;2;2024680310985203727;S
20241030;103754;20555;11;2024680310985203728;S
20241030;103754;20555;1;2024680310985203729;S
20241030;103754;20554;2;2024680310985203730;S
20241030;103754;20554;2;2024680310985203731;S
20241030;103754;20554;4;2024680310985203732;S
20241030;103754;20557;1;2024680310985203733;B
20241030;103754;20558;3;2024680310985203734;B
20241030;103754;20558;1;2024680310985203735;B
20241030;103754;20559;1;2024680310985203736;B
20241030;103754;20559;2;2024680310985203741;B
20241030;103754;20559;3;2024680310985203742;B
20241030;103754;20560;19;2024680310985203743;B
20241030;103813;20559;1;2024680310985203748;B
20241030;103818;20555;8;2024680310985203749;S
20241030;103830;20554;4;2024680310985203752;S
20241030;103850;20558;1;2024680310985203753;B
20241030;103850;20558;2;2024680310985203754;S
20241030;103856;20555;1;2024680310985203755;S
20241030;103856;20555;1;2024680310985203756;S
20241030;103913;20556;1;2024680310985203757;B
20241030;103926;20556;5;2024680310985203758;B
20241030;104038;20554;1;2024680310985203762;S
20241030;104038;20554;1;2024680310985203763;S
20241030;104045;20556;2;2024680310985203764;B
20241030;104056;20551;5;2024680310985203765;S
20241030;104056;20550;1;2024680310985203766;S
20241030;104056;20549;2;2024680310985203767;S
20241030;104122;20549;2;2024680310985203768;S
20241030;104122;20549;1;2024680310985203769;S
20241030;104154;20553;1;2024680310985203770;B
20241030;104219;20553;12;2024680310985203772;B
20241030;104219;20553;4;2024680310985203773;B
20241030;104219;20553;9;2024680310985203774;B
20241030;104223;20551;1;2024680310985203776;B
20241030;104223;20551;13;2024680310985203777;B
20241030;104223;20552;1;2024680310985203778;B
20241030;104239;20552;12;2024680310985203779;B
20241030;104240;20552;2;2024680310985203780;S
20241030;104250;20553;5;2024680310985203781;B
20241030;104250;20553;5;2024680310985203782;B
20241030;104323;20553;1;2024680310985203783;S
20241030;104323;20552;7;2024680310985203784;S
20241030;104334;20554;13;2024680310985203785;B
20241030;104334;20554;1;2024680310985203786;B
20241030;104356;20555;2;2024680310985203787;B
20241030;104356;20555;3;2024680310985203788;B
20241030;104358;20554;10;2024680310985203789;S
20241030;104358;20554;4;2024680310985203790;S
20241030;104358;20554;1;2024680310985203791;S
20241030;104358;20554;1;2024680310985203792;S
20241030;104358;20554;1;2024680310985203793;S
20241030;104358;20554;1;2024680310985203794;S
20241030;104439;20551;7;2024680310985203795;S
20241030;104516;20550;1;2024680310985203796;S
20241030;104516;20550;9;2024680310985203797;S
20241030;104523;20550;1;2024680310985203798;S
20241030;104534;20551;1;2024680310985203799;B
20241030;104615;20552;6;2024680310985203800;B
20241030;104631;20549;2;2024680310985203801;S
20241030;104652;20550;2;2024680310985203802;S
20241030;104703;20550;2;2024680310985203803;S
20241030;104730;20550;1;2024680310985203804;S
20241030;104734;20550;3;2024680310985203807;S
20241030;104738;20550;2;2024680310985203811;S
20241030;104818;20552;1;2024680310985203812;B
20241030;104818;20553;1;2024680310985203813;B
20241030;104818;20553;1;2024680310985203814;B
20241030;104820;20550;2;2024680310985203815;S
20241030;104844;20552;13;2024680310985203816;S
20241030;104844;20552;8;2024680310985203817;S
20241030;104844;20552;1;2024680310985203818;S
20241030;104844;20552;1;2024680310985203819;S
20241030;104844;20552;1;2024680310985203820;S
20241030;104844;20552;1;2024680310985203821;S
20241030;104844;20552;2;2024680310985203822;S
20241030;104844;20551;1;2024680310985203823;S
20241030;104844;20551;13;2024680310985203824;S
20241030;104844;20550;3;2024680310985203825;S
20241030;104844;20550;1;2024680310985203826;S
20241030;104844;20550;3;2024680310985203827;S
20241030;104844;20549;2;2024680310985203828;S
20241030;104903;20551;13;2024680310985203829;S
20241030;104903;20550;2;2024680310985203830;S
20241030;104923;20554;200;2024680310985203831;B
20241030;104928;20554;100;2024680310985203832;B
20241030;104932;20554;100;2024680310985203833;B
20241030;104950;20550;1;2024680310985203834;S
20241030;105000;20550;1;2024680310985203835;S
20241030;105002;20550;9;2024680310985203836;S
20241030;105002;20550;7;2024680310985203837;S
20241030;105002;20550;1;2024680310985203838;S
20241030;105002;20550;5;2024680310985203839;S
20241030;105002;20550;3;2024680310985203840;S
20241030;105012;20551;2;2024680310985203841;S
20241030;105019;20554;3;2024680310985203842;B
20241030;105033;20551;2;2024680310985203843;S
20241030;105033;20551;13;2024680310985203844;S
20241030;105111;20550;6;2024680310985203845;S
20241030;105111;20550;96;2024680310985203846;S
20241030;105134;20550;1;2024680310985203847;S
20241030;105223;20550;2;2024680310985203848;S
20241030;105223;20547;3;2024680310985203849;S
20241030;105315;20546;3;2024680310985203850;S
20241030;105315;20545;1;2024680310985203851;S
20241030;105315;20545;3;2024680310985203852;S
20241030;105315;20544;1;2024680310985203853;S
20241030;105315;20544;1;2024680310985203854;S
20241030;105315;20544;21;2024680310985203855;S
20241030;105429;20547;1;2024680310985203856;B
20241030;105448;20548;3;2024680310985203857;B
20241030;105502;20548;5;2024680310985203858;B
20241030;105514;20545;1;2024680310985203859;S
20241030;105514;20545;3;2024680310985203860;S
20241030;105604;20545;1;2024680310985203861;B
20241030;105623;20548;1;2024680310985203862;B
20241030;105647;20548;14;2024680310985203863;S
20241030;105647;20545;1;2024680310985203864;S
20241030;105647;20545;3;2024680310985203865;S
20241030;105647;20544;37;2024680310985203866;S
20241030;105707;20545;1;2024680310985203867;S
20241030;105707;20545;13;2024680310985203868;S
20241030;105709;20544;18;2024680310985203869;S
20241030;105821;20545;1;2024680310985203870;B
20241030;105821;20545;1;2024680310985203871;B
20241030;105821;20545;2;2024680310985203872;B
20241030;105835;20544;1;2024680310985203873;S
20241030;105838;20544;6;2024680310985203874;S
20241030;105928;20544;5;2024680310985203875;S
20241030;105952;20544;2;2024680310985203876;S
20241030;110018;20545;1;2024680310985203877;B
20241030;110018;20544;5;2024680310985203878;S
20241030;110019;20544;1;2024680310985203879;S
20241030;110047;20544;3;2024680310985203880;S
20241030;110047;20544;3;2024680310985203881;S
20241030;110101;20544;2;2024680310985203882;B
20241030;110101;20544;1;2024680310985203883;B
20241030;110103;20545;3;2024680310985203884;B
20241030;110227;20546;1;2024680310985203886;S
20241030;110307;20548;1;2024680310985203887;B
20241030;110307;20549;1;2024680310985203888;B
20241030;110307;20550;2;2024680310985203889;B
20241030;110307;20550;1;2024680310985203890;B
20241030;110313;20550;10;2024680310985203895;B
20241030;110313;20552;2;2024680310985203896;B
20241030;110313;20552;1;2024680310985203897;B
20241030;110313;20554;583;2024680310985203898;B
20241030;110313;20554;1;2024680310985203899;B
20241030;110313;20554;3;2024680310985203900;B
20241030;110313;20553;1;2024680310985203901;B
20241030;110313;20553;1;2024680310985203902;B
20241030;110313;20553;1;2024680310985203903;B
20241030;110314;20554;1;2024680310985203904;B
20241030;110314;20554;1;2024680310985203909;B
20241030;110314;20556;2;2024680310985203914;S
20241030;110315;20556;1;2024680310985203916;S
20241030;110326;20554;1;2024680310985203917;B
20241030;110326;20555;2;2024680310985203918;B
20241030;110404;20557;1;2024680310985203919;B
20241030;110404;20557;1;2024680310985203924;B
20241030;110405;20557;1;2024680310985203929;B
20241030;110433;20558;1;2024680310985203934;S
20241030;110441;20557;2;2024680310985203935;S
20241030;110443;20557;8;2024680310985203936;B
20241030;110443;20558;1;2024680310985203937;B
20241030;110443;20558;13;2024680310985203938;B
20241030;110443;20559;13;2024680310985203939;B
20241030;110443;20559;1;2024680310985203940;B
20241030;110443;20560;4;2024680310985203941;B
20241030;110509;20561;10;2024680310985203942;B
20241030;110510;20561;40;2024680310985203943;B
20241030;110511;20562;4;2024680310985203944;B
20241030;110511;20562;2;2024680310985203945;B
20241030;110511;20562;1;2024680310985203946;B
20241030;110511;20562;20;2024680310985203947;B
20241030;110511;20563;13;2024680310985203948;B
20241030;110511;20563;40;2024680310985203949;B
20241030;110511;20563;40;2024680310985203950;B
20241030;110511;20563;40;2024680310985203951;B
20241030;110511;20563;40;2024680310985203952;B
20241030;110511;20563;40;2024680310985203953;B
20241030;110513;20563;9;2024680310985203954;B
20241030;110513;20563;1;2024680310985203955;B
20241030;110518;20564;13;2024680310985203956;B
20241030;110524;20564;1;2024680310985203957;S
20241030;110524;20563;1;2024680310985203958;S
20241030;110531;20560;3;2024680310985203961;B
20241030;110553;20559;1;2024680310985203962;B
20241030;110555;20558;1;2024680310985203963;S
20241030;110555;20558;2;2024680310985203964;S
20241030;110555;20558;2;2024680310985203965;S
20241030;110610;20555;1;2024680310985203966;S
20241030;110610;20555;1;2024680310985203967;S
20241030;110709;20551;2;2024680310985203968;S
20241030;110714;20551;1;2024680310985203969;S
20241030;110720;20550;3;2024680310985203970;S
20241030;110720;20550;2;2024680310985203971;S
20241030;110720;20550;2;2024680310985203972;S
20241030;110732;20547;13;2024680310985203973;B
20241030;110732;20547;5;2024680310985203974;B
20241030;110732;20547;2;2024680310985203975;B
20241030;110817;20548;1;2024680310985203976;S
20241030;110817;20548;1;2024680310985203977;S
20241030;110830;20547;16;2024680310985203978;S
20241030;110840;20547;1;2024680310985203979;S
20241030;110846;20547;2;2024680310985203980;S
20241030;110902;20547;11;2024680310985203981;S
20241030;110914;20547;7;2024680310985203982;S
20241030;110914;20547;5;2024680310985203983;S
20241030;110914;20547;7;2024680310985203984;S
20241030;110914;20547;2;2024680310985203985;S
20241030;110914;20547;1;2024680310985203986;S
20241030;110928;20541;5;2024680310985203987;S
20241030;110937;20542;13;2024680310985203988;B
20241030;110948;20541;2;2024680310985203989;S
20241030;111001;20542;1;2024680310985203991;B
20241030;111001;20542;3;2024680310985203996;B
20241030;111007;20541;1;2024680310985204000;S
20241030;111007;20541;1;2024680310985204001;S
20241030;111007;20541;4;2024680310985204002;S
20241030;111007;20541;1;2024680310985204003;S
20241030;111008;20540;1;2024680310985204005;B
20241030;111014;20539;1;2024680310985204006;S
20241030;111014;20532;1;2024680310985204007;S
20241030;111014;20532;1;2024680310985204012;S
20241030;111014;20532;2;2024680310985204013;S
20241030;111014;20532;1;2024680310985204014;S
20241030;111014;20532;1;2024680310985204015;S
20241030;111014;20531;1;2024680310985204016;S
20241030;111030;20532;1;2024680310985204018;S
20241030;111030;20531;1;2024680310985204019;S
20241030;111034;20531;1;2024680310985204024;S
20241030;111039;20531;2;2024680310985204025;S
20241030;111039;20530;3;2024680310985204026;S
20241030;111040;20530;1;2024680310985204031;S
20241030;111041;20530;1;2024680310985204036;S
20241030;111049;20532;1;2024680310985204037;S
20241030;111049;20531;20;2024680310985204038;S
20241030;111049;20531;50;2024680310985204039;S
20241030;111049;20531;13;2024680310985204040;S
20241030;111049;20530;1;2024680310985204041;S
20241030;111049;20530;15;2024680310985204042;S
20241030;111057;20534;1;2024680310985204043;B
20241030;111057;20534;1;2024680310985204044;B
20241030;111059;20532;1;2024680310985204045;S
20241030;111059;20532;1;2024680310985204046;S
20241030;111105;20536;1;2024680310985204048;B
20241030;111105;20536;1;2024680310985204053;B
20241030;111119;20535;1;2024680310985204057;S
20241030;111229;20537;1;2024680310985204058;S
20241030;111230;20539;1;2024680310985204059;B
20241030;111231;20545;1;2024680310985204060;B
20241030;111310;20546;1;2024680310985204062;S
20241030;111312;20542;2;2024680310985204063;S
20241030;111314;20541;4;2024680310985204064;S
20241030;111314;20541;1;2024680310985204065;S
20241030;111315;20540;1;2024680310985204066;S
20241030;111315;20540;1;2024680310985204067;S
20241030;111319;20540;1;2024680310985204068;S
20241030;111333;20539;4;2024680310985204069;S
20241030;111333;20539;1;2024680310985204070;S
20241030;111356;20538;4;2024680310985204071;S
20241030;111356;20538;1;2024680310985204072;S
20241030;111400;20541;1;2024680310985204073;B
20241030;111400;20541;1;2024680310985204074;B
20241030;111420;20541;1;2024680310985204075;B
20241030;111503;20545;2;2024680310985204077;B
20241030;111504;20544;8;2024680310985204080;S
20241030;111513;20547;2;2024680310985204088;B
20241030;111530;20547;2;2024680310985204094;B
20241030;111602;20547;1;2024680310985204097;B
20241030;111640;20547;1;2024680310985204098;B
20241030;111640;20547;1;2024680310985204099;B
20241030;111643;20548;1;2024680310985204100;B
20241030;111643;20548;1;2024680310985204101;B
20241030;111703;20547;1;2024680310985204102;S
20241030;111703;20547;1;2024680310985204103;S
20241030;111753;20548;2;2024680310985204104;S
20241030;111753;20548;2;2024680310985204105;S
20241030;111753;20547;1;2024680310985204106;S
20241030;111754;20546;3;2024680310985204107;S
20241030;111754;20546;1;2024680310985204108;S
20241030;111754;20546;1;2024680310985204109;S
20241030;111835;20545;3;2024680310985204110;S
20241030;111835;20545;1;2024680310985204111;S
20241030;111835;20545;1;2024680310985204112;S
20241030;111852;20544;2;2024680310985204113;S
20241030;111903;20543;1;2024680310985204114;S
20241030;111911;20543;3;2024680310985204115;S
20241030;111911;20543;1;2024680310985204116;S
20241030;111914;20544;1;2024680310985204119;B
20241030;111925;20543;1;2024680310985204123;S
20241030;111937;20542;1;2024680310985204125;S
20241030;111943;20542;2;2024680310985204126;S
20241030;111943;20542;3;2024680310985204127;S
20241030;111946;20545;11;2024680310985204130;B
20241030;112027;20542;1;2024680310985204134;S
20241030;112038;20541;1;2024680310985204135;B
20241030;112038;20541;1;2024680310985204136;B
20241030;112054;20543;1;2024680310985204137;S
20241030;112057;20545;1;2024680310985204139;B
20241030;112057;20545;1;2024680310985204144;B
20241030;112057;20545;1;2024680310985204149;B
20241030;112057;20545;5;2024680310985204154;B
20241030;112130;20545;1;2024680310985204158;B
20241030;112133;20543;1;2024680310985204159;S
20241030;112137;20543;5;2024680310985204160;S
20241030;112154;20545;1;2024680310985204161;B
20241030;112154;20545;10;2024680310985204162;B
20241030;112203;20545;1;2024680310985204163;S
20241030;112220;20548;1;2024680310985204164;B
20241030;112220;20549;1;2024680310985204165;B
20241030;112224;20549;1;2024680310985204166;B
20241030;112224;20549;1;2024680310985204167;B
20241030;112224;20550;5;2024680310985204168;B
20241030;112224;20550;1;2024680310985204169;B
20241030;112248;20553;1;2024680310985204170;S
20241030;112248;20553;1;2024680310985204171;S
20241030;112430;20553;1;2024680310985204172;B
20241030;112440;20552;1;2024680310985204173;S
20241030;112442;20553;1;2024680310985204174;B
20241030;112442;20553;1;2024680310985204175;B
20241030;112442;20554;1;2024680310985204176;B
20241030;112442;20554;1;2024680310985204177;B
20241030;112442;20554;1;2024680310985204178;B
20241030;112442;20555;1;2024680310985204179;B
20241030;112442;20555;1;2024680310985204180;B
20241030;112442;20556;1;2024680310985204181;B
20241030;112442;20556;5;2024680310985204182;B
20241030;112442;20556;1;2024680310985204183;B
20241030;112546;20556;5;2024680310985204186;B
20241030;112546;20556;2;2024680310985204191;B
20241030;112546;20556;3;2024680310985204196;B
20241030;112546;20556;1;2024680310985204201;B
20241030;112546;20556;2;2024680310985204206;B
20241030;112551;20556;1;2024680310985204211;B
20241030;112551;20557;1;2024680310985204216;B
20241030;112551;20557;1;2024680310985204221;B
20241030;112551;20557;1;2024680310985204226;B
20241030;112658;20554;4;2024680310985204231;S
20241030;112707;20549;1;2024680310985204232;S
20241030;112822;20550;1;2024680310985204234;B
20241030;112822;20550;1;2024680310985204239;B
20241030;112822;20550;2;2024680310985204244;B
20241030;112827;20550;1;2024680310985204249;B
20241030;112827;20551;3;2024680310985204254;B
20241030;112827;20551;2;2024680310985204259;B
20241030;112833;20549;2;2024680310985204265;S
20241030;112833;20548;1;2024680310985204266;S
20241030;112833;20548;5;2024680310985204267;S
20241030;112914;20551;1;2024680310985204268;B
20241030;112914;20551;1;2024680310985204269;B
20241030;112920;20550;9;2024680310985204270;S
20241030;112934;20550;4;2024680310985204271;S
20241030;112937;20551;5;2024680310985204272;B
20241030;113042;20550;1;2024680310985204273;S
20241030;113042;20550;1;2024680310985204274;S
20241030;113118;20550;1;2024680310985204275;S
20241030;113211;20550;1;2024680310985204276;S
20241030;113218;20550;1;2024680310985204277;S
20241030;113227;20549;1;2024680310985204278;S
20241030;113227;20548;1;2024680310985204279;S
20241030;113236;20548;1;2024680310985204280;S
20241030;113238;20548;1;2024680310985204281;S
20241030;113256;20548;1;2024680310985204282;S
20241030;113256;20546;2;2024680310985204283;S
20241030;113405;20544;1;2024680310985204284;S
20241030;113405;20544;3;2024680310985204285;S
20241030;113405;20544;1;2024680310985204286;S
20241030;113413;20544;1;2024680310985204287;B
20241030;113424;20543;1;2024680310985204288;S
20241030;113424;20543;2;2024680310985204289;S
20241030;113523;20542;5;2024680310985204290;S
20241030;113537;20543;1;2024680310985204291;B
20241030;113537;20544;2;2024680310985204292;B
20241030;113548;20545;1;2024680310985204293;B
20241030;113548;20546;1;2024680310985204294;B
20241030;113611;20542;1;2024680310985204295;S
20241030;113611;20542;1;2024680310985204296;S
20241030;113611;20542;1;2024680310985204297;S
20241030;113611;20542;1;2024680310985204298;S
20241030;113611;20542;1;2024680310985204299;S
20241030;113615;20541;1;2024680310985204300;S
20241030;113615;20541;4;2024680310985204301;S
20241030;113621;20541;9;2024680310985204302;S
20241030;113621;20541;1;2024680310985204303;S
20241030;113621;20541;1;2024680310985204304;S
20241030;113621;20541;1;2024680310985204305;S
20241030;113621;20541;1;2024680310985204306;S
20241030;113622;20541;3;2024680310985204307;B
20241030;113637;20541;2;2024680310985204309;B
20241030;113802;20541;2;2024680310985204313;B
20241030;113802;20541;1;2024680310985204314;B
20241030;113824;20542;1;2024680310985204315;B
20241030;113830;20541;1;2024680310985204316;S
20241030;113839;20540;8;2024680310985204317;S
20241030;113839;20540;1;2024680310985204318;S
20241030;113839;20540;3;2024680310985204319;S
20241030;113846;20538;1;2024680310985204320;S
20241030;113846;20537;4;2024680310985204321;S
20241030;113846;20537;13;2024680310985204322;S
20241030;113846;20537;28;2024680310985204323;S
20241030;113853;20537;13;2024680310985204324;S
20241030;113853;20536;4;2024680310985204325;S
20241030;113853;20536;12;2024680310985204326;S
20241030;113914;20536;2;2024680310985204327;S
20241030;113919;20536;1;2024680310985204328;S
20241030;113929;20536;1;2024680310985204330;B
20241030;113929;20536;1;2024680310985204335;B
20241030;113941;20534;1;2024680310985204339;S
20241030;113951;20532;1;2024680310985204345;S
20241030;114015;20534;1;2024680310985204347;B
20241030;114015;20534;1;2024680310985204353;B
20241030;114016;20535;2;2024680310985204357;B
20241030;114023;20535;1;2024680310985204358;B
20241030;114033;20535;1;2024680310985204359;B
20241030;114035;20534;1;2024680310985204360;S
20241030;114035;20533;1;2024680310985204361;S
20241030;114040;20535;5;2024680310985204362;B
20241030;114040;20533;3;2024680310985204363;S
20241030;114046;20531;1;2024680310985204365;S
20241030;114055;20528;1;2024680310985204366;S
20241030;114055;20527;1;2024680310985204367;S
20241030;114055;20527;1;2024680310985204368;S
20241030;114056;20527;3;2024680310985204369;S
20241030;114059;20527;1;2024680310985204370;S
20241030;114059;20527;1;2024680310985204371;S
20241030;114107;20526;9;2024680310985204372;S
20241030;114108;20526;2;2024680310985204373;S
20241030;114113;20526;1;2024680310985204374;S
20241030;114121;20526;5;2024680310985204375;S
20241030;114122;20527;1;2024680310985204377;B
20241030;114126;20527;3;2024680310985204378;B
20241030;114133;20526;2;2024680310985204379;S
20241030;114134;20527;1;2024680310985204381;B
20241030;114134;20527;1;2024680310985204386;B
20241030;114140;20527;2;2024680310985204391;B
20241030;114140;20527;2;2024680310985204396;B
20241030;114211;20527;1;2024680310985204401;B
20241030;114211;20527;1;2024680310985204406;B
20241030;114211;20527;1;2024680310985204411;B
20241030;114211;20527;1;2024680310985204416;B
20241030;114233;20526;3;2024680310985204420;S
20241030;114236;20527;2;2024680310985204421;B
20241030;114238;20526;15;2024680310985204425;S
20241030;114251;20525;1;2024680310985204429;S
20241030;114251;20525;2;2024680310985204433;S
20241030;114251;20525;1;2024680310985204438;S
20241030;114251;20525;1;2024680310985204443;S
20241030;114251;20525;1;2024680310985204448;S
20241030;114251;20525;1;2024680310985204453;S
20241030;114251;20525;3;2024680310985204458;S
20241030;114251;20525;1;2024680310985204463;S
20241030;114251;20525;2;2024680310985204468;S
20241030;114251;20525;1;2024680310985204473;S
20241030;114251;20525;1;2024680310985204478;S
20241030;114251;20525;1;2024680310985204483;S
20241030;114251;20525;2;2024680310985204489;S
20241030;114251;20525;8;2024680310985204494;S
20241030;114251;20525;19;2024680310985204499;S
20241030;114254;20525;1;2024680310985204503;B
20241030;114259;20523;2;2024680310985204504;S
20241030;114259;20523;1;2024680310985204505;S
20241030;114259;20523;1;2024680310985204506;S
20241030;114302;20522;10;2024680310985204507;S
20241030;114307;20522;10;2024680310985204508;S
20241030;114314;20523;5;2024680310985204509;S
20241030;114323;20524;1;2024680310985204511;B
20241030;114323;20524;3;2024680310985204516;B
20241030;114323;20524;2;2024680310985204521;B
20241030;114323;20524;6;2024680310985204526;B
20241030;114334;20522;2;2024680310985204530;S
20241030;114339;20522;3;2024680310985204531;S
20241030;114348;20522;4;2024680310985204532;S
20241030;114349;20523;3;2024680310985204533;B
20241030;114349;20523;4;2024680310985204534;B
20241030;114349;20525;1;2024680310985204535;B
20241030;114349;20525;2;2024680310985204536;B
20241030;114352;20523;1;2024680310985204537;S
20241030;114416;20526;1;2024680310985204538;B
20241030;114416;20526;1;2024680310985204539;B
20241030;114440;20524;1;2024680310985204540;S
20241030;114440;20523;4;2024680310985204541;S
20241030;114444;20526;1;2024680310985204542;B
20241030;114444;20527;1;2024680310985204543;B
20241030;114444;20527;5;2024680310985204544;B
20241030;114456;20523;2;2024680310985204545;S
20241030;114512;20523;2;2024680310985204546;S
20241030;114515;20527;2;2024680310985204549;B
20241030;114515;20527;1;2024680310985204554;B
20241030;114515;20527;3;2024680310985204559;B
20241030;114516;20527;1;2024680310985204563;B
20241030;114521;20527;1;2024680310985204565;B
20241030;114521;20527;1;2024680310985204571;B
20241030;114521;20527;2;2024680310985204576;B
20241030;114521;20527;2;2024680310985204580;B
20241030;114522;20526;6;2024680310985204581;S
20241030;114522;20526;6;2024680310985204582;S
20241030;114522;20523;41;2024680310985204583;S
20241030;114522;20523;4;2024680310985204584;S
20241030;114522;20522;21;2024680310985204585;S
20241030;114522;20522;2;2024680310985204586;S
20241030;114522;20522;13;2024680310985204587;S
20241030;114522;20522;1;2024680310985204588;S
20241030;114522;20522;12;2024680310985204589;S
20241030;114525;20523;1;2024680310985204590;S
20241030;114601;20526;8;2024680310985204591;B
20241030;114641;20525;9;2024680310985204592;S
20241030;114641;20525;9;2024680310985204593;S
20241030;114641;20525;5;2024680310985204594;S
20241030;114641;20525;5;2024680310985204595;S
20241030;114641;20522;4;2024680310985204596;S
20241030;114641;20522;1;2024680310985204597;S
20241030;114641;20521;1;2024680310985204598;S
20241030;114641;20521;4;2024680310985204599;S
20241030;114641;20520;22;2024680310985204600;S
20241030;114641;20520;40;2024680310985204601;S
20241030;114641;20521;1;2024680310985204602;S
20241030;114641;20519;6;2024680310985204603;S
20241030;114641;20519;50;2024680310985204604;S
20241030;114641;20519;4;2024680310985204605;S
20241030;114641;20518;50;2024680310985204606;S
20241030;114641;20518;3;2024680310985204607;S
20241030;114642;20521;1;2024680310985204609;B
20241030;114643;20519;2;2024680310985204610;S
20241030;114643;20518;40;2024680310985204611;S
20241030;114643;20518;1;2024680310985204612;S
20241030;114643;20518;3;2024680310985204613;S
20241030;114643;20517;13;2024680310985204614;S
20241030;114643;20517;4;2024680310985204615;S
20241030;114643;20517;37;2024680310985204616;S
20241030;114645;20516;2;2024680310985204617;S
20241030;114645;20516;13;2024680310985204618;S
20241030;114645;20516;3;2024680310985204619;S
20241030;114645;20516;40;2024680310985204620;S
20241030;114645;20515;13;2024680310985204621;S
20241030;114645;20515;29;2024680310985204622;S
20241030;114654;20515;2;2024680310985204623;S
20241030;114654;20515;40;2024680310985204628;S
20241030;114654;20514;13;2024680310985204629;S
20241030;114654;20514;45;2024680310985204630;S
20241030;114656;20514;4;2024680310985204631;S
20241030;114656;20514;13;2024680310985204632;S
20241030;114656;20514;40;2024680310985204633;S
20241030;114656;20513;1;2024680310985204634;S
20241030;114656;20513;3;2024680310985204635;S
20241030;114656;20513;13;2024680310985204640;S
20241030;114656;20513;26;2024680310985204641;S
20241030;114709;20515;1;2024680310985204642;B
20241030;114709;20516;1;2024680310985204643;B
20241030;114709;20516;1;2024680310985204644;B
20241030;114709;20516;1;2024680310985204645;B
20241030;114709;20516;1;2024680310985204646;B
20241030;114711;20513;3;2024680310985204647;S
20241030;114711;20513;1;2024680310985204648;S
20241030;114711;20513;1;2024680310985204653;S
20241030;114711;20513;1;2024680310985204658;S
20241030;114711;20513;1;2024680310985204663;S
20241030;114711;20513;1;2024680310985204664;S
20241030;114711;20513;1;2024680310985204665;S
20241030;114711;20513;1;2024680310985204666;S
20241030;114711;20513;2;2024680310985204669;B
20241030;114711;20513;2;2024680310985204671;B
20241030;114729;20513;1;2024680310985204672;B
20241030;114729;20514;1;2024680310985204673;B
20241030;114729;20515;1;2024680310985204674;B
20241030;114729;20515;1;2024680310985204675;B
20241030;114729;20515;1;2024680310985204676;B
20241030;114756;20519;1;2024680310985204677;S
20241030;114756;20518;1;2024680310985204678;S
20241030;114756;20518;3;2024680310985204679;S
20241030;114825;20522;3;2024680310985204680;B
20241030;114839;20523;5;2024680310985204681;B
20241030;114842;20520;1;2024680310985204682;S
20241030;114842;20520;20;2024680310985204683;S
20241030;114842;20519;29;2024680310985204684;S
20241030;114843;20523;2;2024680310985204685;B
20241030;114927;20520;8;2024680310985204686;S
20241030;114928;20520;3;2024680310985204687;S
20241030;114929;20524;1;2024680310985204688;B
20241030;114931;20520;10;2024680310985204689;S
20241030;114942;20524;1;2024680310985204690;B
20241030;114942;20524;1;2024680310985204691;B
20241030;115011;20524;5;2024680310985204692;B
20241030;115014;20522;1;2024680310985204693;S
20241030;115014;20522;4;2024680310985204694;S
20241030;115020;20524;2;2024680310985204695;B
20241030;115022;20525;1;2024680310985204696;B
20241030;115028;20523;1;2024680310985204697;S
20241030;115028;20523;1;2024680310985204698;S
20241030;115043;20523;5;2024680310985204699;S
20241030;115104;20525;1;2024680310985204701;B
20241030;115104;20525;1;2024680310985204706;B
20241030;115116;20524;6;2024680310985204710;B
20241030;115116;20525;1;2024680310985204711;B
20241030;115116;20526;2;2024680310985204712;B
20241030;115206;20525;1;2024680310985204713;B
20241030;115212;20526;1;2024680310985204714;B
20241030;115212;20526;1;2024680310985204715;B
20241030;115213;20528;2;2024680310985204716;B
20241030;115310;20527;13;2024680310985204717;S
20241030;115310;20527;1;2024680310985204718;S
20241030;115310;20527;1;2024680310985204719;S
20241030;115310;20527;1;2024680310985204720;S
20241030;115310;20527;1;2024680310985204721;S
20241030;115310;20527;1;2024680310985204722;S
20241030;115310;20527;2;2024680310985204723;S
20241030;115310;20527;3;2024680310985204724;S
20241030;115310;20526;13;2024680310985204725;S
20241030;115310;20526;9;2024680310985204726;S
20241030;115313;20527;3;2024680310985204727;B
20241030;115409;20527;1;2024680310985204728;B
20241030;115409;20527;1;2024680310985204729;B
20241030;115439;20528;1;2024680310985204730;B
20241030;115445;20528;3;2024680310985204731;B
20241030;115502;20527;2;2024680310985204732;S
20241030;115502;20527;1;2024680310985204733;S
20241030;115504;20526;1;2024680310985204734;B
20241030;115522;20526;1;2024680310985204735;B
20241030;115528;20526;1;2024680310985204736;B
20241030;115541;20525;10;2024680310985204737;S
20241030;115541;20525;10;2024680310985204738;S
20241030;115541;20525;1;2024680310985204739;S
20241030;115546;20525;9;2024680310985204740;S
20241030;115546;20525;8;2024680310985204741;S
20241030;115652;20525;2;2024680310985204742;S
20241030;115652;20525;10;2024680310985204743;S
20241030;115652;20525;10;2024680310985204744;S
20241030;115652;20525;10;2024680310985204745;S
20241030;115757;20525;10;2024680310985204747;S
20241030;115757;20525;10;2024680310985204748;S
20241030;115757;20525;10;2024680310985204749;S
20241030;115806;20525;10;2024680310985204750;S
20241030;115806;20523;13;2024680310985204751;S
20241030;115806;20523;2;2024680310985204752;S
20241030;115806;20522;3;2024680310985204753;S
20241030;115806;20522;1;2024680310985204754;S
20241030;115806;20522;1;2024680310985204755;S
20241030;115814;20522;12;2024680310985204756;S
20241030;115814;20522;40;2024680310985204757;S
20241030;115814;20522;2;2024680310985204758;S
20241030;115814;20521;13;2024680310985204759;S
20241030;115814;20521;3;2024680310985204760;S
20241030;115814;20521;30;2024680310985204761;S
20241030;115815;20522;13;2024680310985204762;S
20241030;115815;20522;17;2024680310985204763;S
20241030;115816;20521;13;2024680310985204764;S
20241030;115816;20521;17;2024680310985204765;S
20241030;115817;20521;1;2024680310985204766;S
20241030;115817;20521;3;2024680310985204767;S
20241030;115817;20520;3;2024680310985204768;S
20241030;115817;20520;6;2024680310985204769;S
20241030;115817;20520;13;2024680310985204770;S
20241030;115817;20520;48;2024680310985204771;S
20241030;115817;20520;26;2024680310985204772;S
20241030;115818;20518;13;2024680310985204773;S
20241030;115818;20518;3;2024680310985204774;S
20241030;115818;20517;13;2024680310985204775;S
20241030;115818;20517;3;2024680310985204776;S
20241030;115818;20517;40;2024680310985204777;S
20241030;115818;20516;3;2024680310985204778;S
20241030;115818;20516;20;2024680310985204779;S
20241030;115818;20516;5;2024680310985204780;S
20241030;115824;20519;20;2024680310985204781;S
20241030;115824;20517;3;2024680310985204782;S
20241030;115824;20516;8;2024680310985204783;S
20241030;115824;20516;2;2024680310985204784;S
20241030;115824;20516;3;2024680310985204789;S
20241030;115824;20515;3;2024680310985204790;S
20241030;115824;20515;13;2024680310985204791;S
20241030;115824;20515;2;2024680310985204792;S
20241030;115824;20515;34;2024680310985204797;S
20241030;115834;20519;1;2024680310985204798;S
20241030;115848;20519;19;2024680310985204799;S
20241030;115848;20519;3;2024680310985204800;S
20241030;115848;20516;3;2024680310985204801;S
20241030;115848;20516;5;2024680310985204802;S
20241030;120000;20519;6;2024680310985204803;S
20241030;120000;20519;7;2024680310985204804;S
20241030;120000;20519;2;2024680310985204805;S
20241030;120000;20519;2;2024680310985204806;S
20241030;120000;20519;3;2024680310985204807;S
20241030;120011;20515;6;2024680310985204808;S
20241030;120011;20515;4;2024680310985204809;S
20241030;120011;20515;3;2024680310985204810;S
20241030;120011;20515;2;2024680310985204811;S
20241030;120027;20513;1;2024680310985204812;B
20241030;120027;20513;1;2024680310985204813;B
20241030;120027;20513;1;2024680310985204814;B
20241030;120027;20513;1;2024680310985204815;B
20241030;120027;20513;1;2024680310985204816;B
20241030;120042;20512;1;2024680310985204817;S
20241030;120042;20511;1;2024680310985204818;S
20241030;120053;20511;1;2024680310985204819;S
20241030;120053;20510;1;2024680310985204820;S
20241030;120114;20511;1;2024680310985204821;B
20241030;120125;20515;1;2024680310985204822;B
20241030;120153;20519;1;2024680310985204823;B
20241030;120204;20520;1;2024680310985204824;B
20241030;120206;20526;10;2024680310985204825;B
20241030;120212;20525;1;2024680310985204826;B
20241030;120213;20525;1;2024680310985204827;B
20241030;120226;20523;50;2024680310985204828;B
20241030;120301;20524;1;2024680310985204829;S
20241030;120307;20523;18;2024680310985204830;S
20241030;120308;20523;11;2024680310985204831;S
20241030;120308;20523;7;2024680310985204832;S
20241030;120308;20523;5;2024680310985204833;S
20241030;120308;20523;2;2024680310985204834;S
20241030;120311;20523;3;2024680310985204835;S
20241030;120311;20523;4;2024680310985204836;S
20241030;120318;20514;2;2024680310985204837;S
20241030;120318;20514;3;2024680310985204838;S
20241030;120338;20517;1;2024680310985204839;S
20241030;120338;20515;1;2024680310985204840;S
20241030;120338;20515;1;2024680310985204841;S
20241030;120338;20515;3;2024680310985204842;S
20241030;120405;20512;1;2024680310985204843;B
20241030;120410;20512;1;2024680310985204844;B
20241030;120412;20511;4;2024680310985204845;S
20241030;120414;20511;1;2024680310985204846;B
20241030;120414;20511;1;2024680310985204847;B
20241030;120414;20511;1;2024680310985204848;B
20241030;120414;20511;1;2024680310985204849;B
20241030;120414;20511;1;2024680310985204850;B
20241030;120426;20511;1;2024680310985204853;B
20241030;120426;20511;2;2024680310985204858;B
20241030;120426;20511;1;2024680310985204863;B
20241030;120426;20511;1;2024680310985204868;B
20241030;120426;20511;1;2024680310985204873;B
20241030;120426;20511;8;2024680310985204878;B
20241030;120449;20510;1;2024680310985204883;S
20241030;120453;20511;7;2024680310985204885;B
20241030;120453;20511;1;2024680310985204890;B
20241030;120558;20511;1;2024680310985204895;B
20241030;120609;20510;1;2024680310985204896;S
20241030;120609;20510;1;2024680310985204897;S
20241030;120609;20510;1;2024680310985204898;S
20241030;120609;20510;1;2024680310985204899;S
20241030;120609;20510;1;2024680310985204900;S
20241030;120609;20510;5;2024680310985204901;S
20241030;120609;20508;3;2024680310985204902;S
20241030;120609;20508;2;2024680310985204903;S
20241030;120609;20508;1;2024680310985204904;S
20241030;120609;20508;4;2024680310985204905;S
20241030;120627;20511;5;2024680310985204906;B
20241030;120628;20508;4;2024680310985204907;S
20241030;120648;20508;1;2024680310985204908;S
20241030;120703;20511;13;2024680310985204909;B
20241030;120703;20511;2;2024680310985204910;B
20241030;120818;20521;2;2024680310985204911;S
20241030;120830;20521;1;2024680310985204914;S
20241030;120911;20522;1;2024680310985204921;B
20241030;120911;20522;1;2024680310985204926;B
20241030;120911;20522;1;2024680310985204931;B
20241030;121052;20523;1;2024680310985204937;B
20241030;121052;20523;1;2024680310985204942;B
20241030;121052;20525;1;2024680310985204947;B
20241030;121052;20525;1;2024680310985204948;B
20241030;121115;20526;1;2024680310985204949;S
20241030;121226;20527;4;2024680310985204951;S
20241030;121433;20528;1;2024680310985204952;B
20241030;121434;20529;1;2024680310985204953;B
20241030;121435;20530;5;2024680310985204954;B
20241030;121453;20535;1;2024680310985204955;B
20241030;121509;20534;50;2024680310985204956;S
20241030;121523;20535;1;2024680310985204957;B
20241030;121555;20535;1;2024680310985204958;B
20241030;121653;20534;1;2024680310985204959;S
20241030;121715;20534;5;2024680310985204960;S
20241030;121718;20534;1;2024680310985204961;S
20241030;121741;20534;13;2024680310985204962;S
20241030;121741;20534;7;2024680310985204963;S
20241030;121748;20535;3;2024680310985204964;B
20241030;121814;20535;1;2024680310985204965;B
20241030;121817;20535;1;2024680310985204966;B
20241030;121944;20534;1;2024680310985204967;S
20241030;121952;20534;10;2024680310985204968;S
20241030;122022;20534;2;2024680310985204969;S
20241030;122037;20534;10;2024680310985204970;S
20241030;122154;20534;3;2024680310985204971;S
20241030;122240;20534;1;2024680310985204973;S
20241030;122251;20535;6;2024680310985204974;B
20241030;122300;20535;1;2024680310985204975;B
20241030;122300;20536;14;2024680310985204976;B
20241030;122550;20535;5;2024680310985204977;S
20241030;122802;20536;1;2024680310985204978;B
20241030;122809;20536;1;2024680310985204980;B
20241030;122809;20536;1;2024680310985204985;B
20241030;122809;20536;1;2024680310985204990;B
20241030;122936;20536;32;2024680310985204994;B
20241030;122936;20536;3;2024680310985204995;B
20241030;122959;20536;1;2024680310985204996;B
20241030;123000;20536;1;2024680310985204997;B
20241030;123003;20539;1;2024680310985204998;S
20241030;123028;20539;12;2024680310985204999;S
20241030;123028;20539;6;2024680310985205000;S
20241030;123049;20540;3;2024680310985205001;B
20241030;123116;20540;1;2024680310985205002;B
20241030;123153;20540;1;2024680310985205003;B
20241030;123215;20543;33;2024680310985205004;B
20241030;123215;20543;5;2024680310985205005;B
20241030;123327;20542;1;2024680310985205006;S
20241030;123432;20542;4;2024680310985205007;S
20241030;123452;20543;2;2024680310985205008;B
20241030;123555;20543;15;2024680310985205009;B
20241030;123618;20542;6;2024680310985205010;S
20241030;123623;20543;3;2024680310985205011;B
20241030;123715;20543;30;2024680310985205012;B
20241030;123715;20543;20;2024680310985205013;B
20241030;123715;20543;13;2024680310985205014;B
20241030;123715;20543;2;2024680310985205015;B
20241030;123715;20543;1;2024680310985205020;B
20241030;123715;20543;1;2024680310985205025;B
20241030;123715;20543;1;2024680310985205026;B
20241030;123715;20542;5;2024680310985205028;S
20241030;123720;20542;7;2024680310985205032;B
20241030;123720;20543;13;2024680310985205037;B
20241030;123720;20543;10;2024680310985205038;B
20241030;123720;20543;38;2024680310985205039;B
20241030;123722;20543;12;2024680310985205040;B
20241030;123722;20543;4;2024680310985205041;B
20241030;123722;20543;13;2024680310985205046;B
20241030;123722;20543;3;2024680310985205047;B
20241030;123722;20543;1;2024680310985205048;B
20241030;123722;20544;3;2024680310985205049;B
20241030;123722;20544;3;2024680310985205050;B
20241030;123722;20544;5;2024680310985205051;B
20241030;123722;20544;24;2024680310985205052;B
20241030;123723;20542;50;2024680310985205053;B
20241030;123723;20543;1;2024680310985205054;B
20241030;123723;20543;13;2024680310985205055;B
20241030;123723;20543;4;2024680310985205056;B
20241030;123724;20543;1;2024680310985205057;B
20241030;123724;20543;50;2024680310985205058;B
20241030;123724;20543;13;2024680310985205059;B
20241030;123724;20544;3;2024680310985205060;B
20241030;123724;20544;1;2024680310985205065;B
20241030;123725;20544;1;2024680310985205070;B
20241030;123725;20544;13;2024680310985205075;B
20241030;123725;20544;50;2024680310985205076;B
20241030;123725;20545;4;2024680310985205077;B
20241030;123726;20544;1;2024680310985205082;B
20241030;123726;20544;1;2024680310985205083;B
20241030;123726;20545;4;2024680310985205084;B
20241030;123726;20545;2;2024680310985205089;B
20241030;123726;20545;13;2024680310985205090;B
20241030;123726;20545;47;2024680310985205091;B
20241030;123727;20542;2;2024680310985205092;B
20241030;123727;20547;1;2024680310985205093;B
20241030;123727;20547;13;2024680310985205098;B
20241030;123727;20547;8;2024680310985205099;B
20241030;123727;20547;44;2024680310985205100;B
20241030;123734;20547;13;2024680310985205101;B
20241030;123734;20547;50;2024680310985205102;B
20241030;123734;20548;2;2024680310985205103;B
20241030;123734;20548;3;2024680310985205104;B
20241030;123734;20543;1;2024680310985205105;S
20241030;123737;20546;1;2024680310985205106;B
20241030;123737;20546;50;2024680310985205107;B
20241030;123849;20546;2;2024680310985205108;S
20241030;123850;20546;1;2024680310985205109;S
20241030;123902;20546;2;2024680310985205110;S
20241030;123926;20547;18;2024680310985205111;B
20241030;123953;20546;5;2024680310985205112;S
20241030;123959;20546;1;2024680310985205113;S
20241030;124007;20546;1;2024680310985205114;S
20241030;124017;20547;30;2024680310985205115;B
20241030;124019;20547;1;2024680310985205116;B
20241030;124024;20546;1;2024680310985205117;S
20241030;124029;20547;1;2024680310985205118;B
20241030;124034;20546;1;2024680310985205119;S
20241030;124035;20547;1;2024680310985205120;B
20241030;124049;20547;1;2024680310985205121;B
20241030;124135;20547;3;2024680310985205122;B
20241030;124135;20547;13;2024680310985205123;B
20241030;124135;20547;1;2024680310985205124;B
20241030;124135;20547;1;2024680310985205125;B
20241030;124135;20547;2;2024680310985205126;B
20241030;124135;20547;3;2024680310985205127;B
20241030;124135;20547;45;2024680310985205128;B
20241030;124203;20546;1;2024680310985205129;S
20241030;124255;20546;2;2024680310985205130;S
20241030;124255;20546;1;2024680310985205131;S
20241030;124315;20541;1;2024680310985205132;S
20241030;124315;20541;1;2024680310985205133;S
20241030;124317;20540;5;2024680310985205134;S
20241030;124317;20540;39;2024680310985205135;S
20241030;124317;20540;1;2024680310985205136;S
20241030;124317;20539;5;2024680310985205137;S
20241030;124355;20538;5;2024680310985205138;S
20241030;124355;20538;1;2024680310985205139;S
20241030;124355;20537;4;2024680310985205140;S
20241030;124426;20537;1;2024680310985205141;S
20241030;124426;20535;1;2024680310985205142;S
20241030;124433;20535;6;2024680310985205143;S
20241030;124517;20535;4;2024680310985205144;S
20241030;124517;20534;1;2024680310985205145;S
20241030;124517;20533;2;2024680310985205146;S
20241030;124517;20533;2;2024680310985205147;S
20241030;124517;20533;2;2024680310985205148;S
20241030;124517;20533;13;2024680310985205149;S
20241030;124517;20532;1;2024680310985205150;S
20241030;124523;20534;3;2024680310985205151;S
20241030;124548;20536;1;2024680310985205152;B
20241030;124548;20536;1;2024680310985205153;B
20241030;124548;20536;1;2024680310985205154;B
20241030;124554;20537;2;2024680310985205155;B
20241030;124554;20537;4;2024680310985205156;B
20241030;124607;20537;6;2024680310985205157;B
20241030;124645;20535;1;2024680310985205158;B
20241030;124645;20536;2;2024680310985205159;B
20241030;124645;20536;2;2024680310985205160;B
20241030;124656;20534;1;2024680310985205161;S
20241030;124656;20533;13;2024680310985205162;S
20241030;124656;20533;1;2024680310985205163;S
20241030;124656;20533;2;2024680310985205164;S
20241030;124656;20532;13;2024680310985205165;S
20241030;124744;20532;1;2024680310985205166;S
20241030;124744;20531;2;2024680310985205167;S
20241030;124935;20537;1;2024680310985205168;B
20241030;124935;20537;1;2024680310985205169;B
20241030;124935;20537;1;2024680310985205170;B
20241030;125020;20536;1;2024680310985205171;S
20241030;125239;20541;2;2024680310985205172;B
20241030;125239;20541;1;2024680310985205173;B
20241030;125239;20542;2;2024680310985205174;B
20241030;125239;20542;1;2024680310985205176;B
20241030;125311;20536;1;2024680310985205177;S
20241030;125311;20536;1;2024680310985205178;S
20241030;125311;20535;1;2024680310985205179;S
20241030;125454;20536;1;2024680310985205180;S
20241030;125454;20535;1;2024680310985205181;S
20241030;125454;20535;1;2024680310985205182;S
20241030;125534;20531;5;2024680310985205183;S
20241030;125556;20534;1;2024680310985205185;B
20241030;125556;20535;1;2024680310985205190;B
20241030;125556;20535;1;2024680310985205195;B
20241030;125556;20535;1;2024680310985205200;B
20241030;125601;20531;2;2024680310985205204;S
20241030;125606;20535;1;2024680310985205206;B
20241030;125606;20536;1;2024680310985205211;B
20241030;125634;20537;13;2024680310985205215;B
20241030;125634;20538;13;2024680310985205216;B
20241030;125634;20538;1;2024680310985205217;B
20241030;125634;20538;1;2024680310985205218;B
20241030;125634;20539;2;2024680310985205219;B
20241030;125644;20538;13;2024680310985205220;B
20241030;125644;20538;1;2024680310985205221;B
20241030;125644;20539;11;2024680310985205222;B
20241030;125644;20539;1;2024680310985205223;B
20241030;125644;20539;24;2024680310985205224;B
20241030;125647;20538;1;2024680310985205226;B
20241030;125647;20539;1;2024680310985205231;B
20241030;125659;20539;1;2024680310985205235;B
20241030;125707;20540;1;2024680310985205236;B
20241030;125707;20540;11;2024680310985205237;B
20241030;125819;20543;10;2024680310985205251;B
20241030;125819;20543;1;2024680310985205256;B
20241030;125819;20543;1;2024680310985205261;B
20241030;125819;20543;1;2024680310985205266;B
20241030;125819;20543;1;2024680310985205271;B
20241030;125820;20544;1;2024680310985205278;B
20241030;125820;20544;4;2024680310985205279;B
20241030;125824;20544;9;2024680310985205283;B
20241030;125824;20544;1;2024680310985205288;B
20241030;125824;20544;1;2024680310985205293;B
20241030;125824;20544;1;2024680310985205298;B
20241030;125827;20545;1;2024680310985205303;B
20241030;125831;20543;2;2024680310985205307;S
20241030;125831;20542;1;2024680310985205308;S
20241030;125918;20538;1;2024680310985205310;B
20241030;125921;20534;1;2024680310985205314;S
20241030;125921;20534;13;2024680310985205315;S
20241030;125921;20533;1;2024680310985205316;S
20241030;125921;20533;13;2024680310985205317;S
20241030;125928;20533;10;2024680310985205319;B
20241030;125928;20533;1;2024680310985205324;B
20241030;125928;20533;1;2024680310985205329;B
20241030;125933;20533;1;2024680310985205334;B
20241030;125933;20533;10;2024680310985205339;B
20241030;125933;20533;1;2024680310985205344;B
20241030;125956;20533;1;2024680310985205348;B
20241030;130003;20533;1;2024680310985205349;B
20241030;130008;20533;4;2024680310985205350;B
20241030;130018;20533;2;2024680310985205351;B
20241030;130019;20533;1;2024680310985205352;B
20241030;130024;20533;4;2024680310985205353;B
20241030;130107;20532;1;2024680310985205355;S
20241030;130107;20532;1;2024680310985205360;S
20241030;130107;20532;1;2024680310985205365;S
20241030;130107;20532;2;2024680310985205370;S
20241030;130128;20532;7;2024680310985205374;S
20241030;130139;20533;2;2024680310985205375;B
20241030;130149;20532;4;2024680310985205376;S
20241030;130149;20532;2;2024680310985205377;S
20241030;130149;20531;1;2024680310985205378;S
20241030;130152;20532;3;2024680310985205379;S
20241030;130254;20533;1;2024680310985205381;B
20241030;130254;20533;1;2024680310985205386;B
20241030;130254;20533;1;2024680310985205391;B
20241030;130254;20533;1;2024680310985205397;B
20241030;130332;20533;15;2024680310985205402;B
20241030;130332;20533;2;2024680310985205407;B
20241030;130332;20533;1;2024680310985205412;B
20241030;130426;20533;3;2024680310985205416;B
20241030;130426;20533;2;2024680310985205417;B
20241030;130426;20533;3;2024680310985205418;B
20241030;130426;20533;3;2024680310985205419;B
20241030;130526;20537;1;2024680310985205420;S
20241030;130526;20537;1;2024680310985205421;S
20241030;130526;20537;1;2024680310985205422;S
20241030;130537;20539;1;2024680310985205423;B
20241030;130538;20539;1;2024680310985205424;B
20241030;130543;20539;1;2024680310985205425;B
20241030;130543;20539;1;2024680310985205426;B
20241030;130615;20535;13;2024680310985205427;B
20241030;130615;20535;3;2024680310985205428;B
20241030;130615;20535;1;2024680310985205429;B
20241030;130615;20536;13;2024680310985205430;B
20241030;130615;20536;1;2024680310985205431;B
20241030;130615;20537;13;2024680310985205432;B
20241030;130615;20537;1;2024680310985205433;B
20241030;130615;20538;13;2024680310985205434;B
20241030;130615;20538;1;2024680310985205435;B
20241030;130615;20538;9;2024680310985205436;B
20241030;130616;20536;13;2024680310985205437;B
20241030;130616;20536;1;2024680310985205438;B
20241030;130616;20537;1;2024680310985205439;B
20241030;130616;20537;13;2024680310985205440;B
20241030;130616;20537;1;2024680310985205441;B
20241030;130616;20537;1;2024680310985205442;B
20241030;130616;20537;38;2024680310985205443;B
20241030;130617;20537;12;2024680310985205444;B
20241030;130617;20537;13;2024680310985205445;B
20241030;130617;20538;41;2024680310985205446;B
20241030;130617;20538;2;2024680310985205447;B
20241030;130617;20537;13;2024680310985205448;B
20241030;130617;20538;55;2024680310985205449;B
20241030;130618;20538;36;2024680310985205450;B
20241030;130618;20538;32;2024680310985205451;B
20241030;130618;20538;8;2024680310985205452;B
20241030;130618;20538;13;2024680310985205453;B
20241030;130618;20538;47;2024680310985205454;B
20241030;130637;20539;12;2024680310985205455;B
20241030;130637;20539;50;2024680310985205456;B
20241030;130637;20539;6;2024680310985205457;B
20241030;130641;20535;2;2024680310985205458;S
20241030;130643;20539;34;2024680310985205459;B
20241030;130643;20540;1;2024680310985205460;B
20241030;130643;20540;13;2024680310985205461;B
20241030;130643;20540;20;2024680310985205462;B
20241030;130643;20540;30;2024680310985205463;B
20241030;130643;20541;13;2024680310985205464;B
20241030;130643;20541;1;2024680310985205465;B
20241030;130643;20541;24;2024680310985205466;B
20241030;130644;20541;26;2024680310985205467;B
20241030;130644;20541;5;2024680310985205468;B
20241030;130644;20541;13;2024680310985205473;B
20241030;130644;20542;1;2024680310985205474;B
20241030;130644;20542;13;2024680310985205475;B
20241030;130644;20542;10;2024680310985205476;B
20241030;130644;20542;40;2024680310985205477;B
20241030;130644;20542;13;2024680310985205478;B
20241030;130644;20543;13;2024680310985205479;B
20241030;130644;20543;2;2024680310985205480;B
20241030;130852;20532;1;2024680310985205481;S
20241030;130857;20536;40;2024680310985205482;B
20241030;130857;20537;1;2024680310985205483;B
20241030;130857;20537;27;2024680310985205484;B
20241030;130858;20538;13;2024680310985205485;B
20241030;130858;20538;1;2024680310985205486;B
20241030;130858;20538;50;2024680310985205487;B
20241030;130858;20539;4;2024680310985205488;B
20241030;130858;20539;9;2024680310985205489;B
20241030;130858;20539;50;2024680310985205490;B
20241030;130858;20540;1;2024680310985205491;B
20241030;130858;20540;8;2024680310985205492;B
20241030;130901;20536;40;2024680310985205493;B
20241030;130901;20540;13;2024680310985205494;B
20241030;130902;20540;1;2024680310985205495;S
20241030;130902;20543;50;2024680310985205496;B
20241030;130902;20543;13;2024680310985205497;B
20241030;130902;20543;3;2024680310985205498;B
20241030;130902;20544;1;2024680310985205499;B
20241030;130902;20544;1;2024680310985205500;B
20241030;130902;20543;13;2024680310985205501;B
20241030;130902;20543;8;2024680310985205502;B
20241030;130902;20544;47;2024680310985205503;B
20241030;130903;20543;13;2024680310985205504;B
20241030;130903;20544;2;2024680310985205505;B
20241030;130903;20544;13;2024680310985205506;B
20241030;130903;20544;40;2024680310985205507;B
20241030;130904;20541;1;2024680310985205508;B
20241030;130904;20544;13;2024680310985205509;B
20241030;130904;20544;2;2024680310985205510;B
20241030;130904;20544;40;2024680310985205511;S
20241030;130904;20545;49;2024680310985205512;B
20241030;130904;20545;13;2024680310985205513;B
20241030;130904;20546;3;2024680310985205514;B
20241030;130904;20546;3;2024680310985205515;B
20241030;130905;20546;13;2024680310985205516;B
20241030;130905;20547;3;2024680310985205517;B
20241030;130905;20547;13;2024680310985205518;B
20241030;130905;20547;39;2024680310985205519;B
20241030;130905;20547;11;2024680310985205520;B
20241030;130905;20547;13;2024680310985205521;B
20241030;130905;20548;3;2024680310985205522;B
20241030;130905;20548;20;2024680310985205523;B
20241030;130905;20548;13;2024680310985205524;B
20241030;130905;20548;8;2024680310985205525;B
20241030;130905;20547;1;2024680310985205526;B
20241030;130905;20548;42;2024680310985205527;B
20241030;130905;20548;13;2024680310985205528;B
20241030;130905;20548;12;2024680310985205529;S
20241030;130905;20545;1;2024680310985205530;S
20241030;130905;20545;1;2024680310985205531;S
20241030;130905;20545;1;2024680310985205532;S
20241030;130905;20544;12;2024680310985205533;S
20241030;130905;20544;13;2024680310985205534;S
20241030;130905;20544;1;2024680310985205535;S
20241030;130905;20543;1;2024680310985205536;S
20241030;130905;20543;13;2024680310985205537;S
20241030;130905;20543;2;2024680310985205538;S
20241030;130906;20542;1;2024680310985205539;S
20241030;130906;20545;1;2024680310985205540;B
20241030;130906;20545;1;2024680310985205541;B
20241030;130906;20545;1;2024680310985205542;B
20241030;130906;20546;40;2024680310985205543;B
20241030;130906;20546;1;2024680310985205544;B
20241030;130906;20546;24;2024680310985205545;S
20241030;130906;20546;1;2024680310985205546;B
20241030;130906;20546;1;2024680310985205547;B
20241030;130906;20547;40;2024680310985205548;B
20241030;130906;20548;13;2024680310985205549;B
20241030;130906;20548;2;2024680310985205550;B
20241030;130906;20548;5;2024680310985205551;B
20241030;130906;20549;3;2024680310985205552;B
20241030;130906;20549;13;2024680310985205553;B
20241030;130906;20549;2;2024680310985205554;B
20241030;130906;20549;30;2024680310985205555;S
20241030;130906;20547;26;2024680310985205556;S
20241030;130907;20549;13;2024680310985205557;B
20241030;130907;20549;40;2024680310985205558;B
20241030;130907;20549;3;2024680310985205559;B
20241030;130907;20550;1;2024680310985205560;B
20241030;130907;20550;1;2024680310985205561;B
20241030;130907;20550;5;2024680310985205562;B
20241030;130907;20550;5;2024680310985205563;B
20241030;130907;20549;13;2024680310985205564;B
20241030;130907;20550;5;2024680310985205565;B
20241030;130907;20550;13;2024680310985205566;B
20241030;130907;20550;20;2024680310985205567;B
20241030;130907;20550;17;2024680310985205568;B
20241030;130908;20547;1;2024680310985205569;B
20241030;130908;20550;20;2024680310985205570;B
20241030;130908;20550;2;2024680310985205571;B
20241030;130908;20550;40;2024680310985205572;S
20241030;130908;20550;2;2024680310985205573;S
20241030;130908;20551;1;2024680310985205574;B
20241030;130910;20550;3;2024680310985205579;S
20241030;130924;20551;3;2024680310985205580;B
20241030;130924;20551;20;2024680310985205585;B
20241030;130924;20551;5;2024680310985205586;B
20241030;130924;20551;40;2024680310985205587;B
20241030;130925;20549;20;2024680310985205588;B
20241030;130925;20551;1;2024680310985205589;B
20241030;130925;20551;13;2024680310985205590;B
20241030;130925;20551;5;2024680310985205591;B
20241030;130925;20551;5;2024680310985205592;B
20241030;130925;20551;3;2024680310985205593;B
20241030;130925;20552;2;2024680310985205594;B
20241030;130925;20552;13;2024680310985205595;B
20241030;130925;20552;6;2024680310985205596;B
20241030;130925;20552;20;2024680310985205597;B
20241030;130925;20553;1;2024680310985205598;B
20241030;130925;20553;2;2024680310985205599;B
20241030;130925;20553;10;2024680310985205600;B
20241030;130925;20553;1;2024680310985205601;B
20241030;130925;20553;13;2024680310985205606;B
20241030;130927;20551;21;2024680310985205607;S
20241030;130927;20552;13;2024680310985205608;B
20241030;130927;20552;20;2024680310985205609;B
20241030;130927;20552;3;2024680310985205610;B
20241030;130927;20552;3;2024680310985205611;B
20241030;130927;20552;5;2024680310985205612;B
20241030;130927;20552;24;2024680310985205613;B
20241030;130928;20552;20;2024680310985205614;B
20241030;130928;20553;37;2024680310985205615;B
20241030;130928;20553;11;2024680310985205616;B
20241030;130928;20552;20;2024680310985205617;B
20241030;130928;20553;40;2024680310985205618;B
20241030;130928;20553;3;2024680310985205619;B
20241030;130928;20553;5;2024680310985205620;S
20241030;130929;20554;11;2024680310985205621;B
20241030;130929;20554;13;2024680310985205626;B
20241030;130929;20554;20;2024680310985205627;B
20241030;130929;20554;24;2024680310985205628;B
20241030;130930;20550;5;2024680310985205629;B
20241030;130930;20552;20;2024680310985205630;B
20241030;130930;20552;3;2024680310985205631;B
20241030;130930;20552;40;2024680310985205632;S
20241030;130930;20552;20;2024680310985205633;B
20241030;130930;20553;40;2024680310985205634;B
20241030;130930;20553;3;2024680310985205635;B
20241030;130933;20553;5;2024680310985205636;S
20241030;130942;20550;5;2024680310985205637;S
20241030;131008;20553;13;2024680310985205638;B
20241030;131008;20553;50;2024680310985205639;B
20241030;131008;20553;5;2024680310985205640;B
20241030;131008;20553;35;2024680310985205641;B
20241030;131008;20553;33;2024680310985205642;B
20241030;131008;20553;17;2024680310985205643;B
20241030;131008;20553;13;2024680310985205644;B
20241030;131008;20554;3;2024680310985205645;B
20241030;131008;20554;20;2024680310985205646;B
20241030;131008;20554;10;2024680310985205647;B
20241030;131008;20554;1;2024680310985205652;B
20241030;131008;20554;1;2024680310985205657;B
20241030;131008;20554;3;2024680310985205662;B
20241030;131009;20551;20;2024680310985205663;B
20241030;131009;20553;13;2024680310985205664;B
20241030;131009;20553;3;2024680310985205665;B
20241030;131009;20553;5;2024680310985205666;S
20241030;131009;20554;10;2024680310985205667;B
20241030;131009;20554;20;2024680310985205668;B
20241030;131009;20554;1;2024680310985205669;B
20241030;131009;20555;3;2024680310985205670;B
20241030;131009;20555;5;2024680310985205671;B
20241030;131009;20555;9;2024680310985205672;B
20241030;131009;20555;2;2024680310985205677;B
20241030;131009;20555;13;2024680310985205678;B
20241030;131009;20555;5;2024680310985205679;B
20241030;131010;20554;20;2024680310985205680;B
20241030;131010;20555;45;2024680310985205681;B
20241030;131010;20555;3;2024680310985205682;B
20241030;131010;20553;27;2024680310985205683;S
20241030;131010;20552;1;2024680310985205684;S
20241030;131010;20552;1;2024680310985205685;S
20241030;131010;20552;20;2024680310985205686;B
20241030;131010;20555;10;2024680310985205687;B
20241030;131010;20555;3;2024680310985205688;B
20241030;131010;20555;35;2024680310985205689;S
20241030;131011;20553;20;2024680310985205690;B
20241030;131011;20555;40;2024680310985205691;S
20241030;131012;20556;3;2024680310985205692;B
20241030;131012;20556;20;2024680310985205693;B
20241030;131012;20556;5;2024680310985205694;B
20241030;131012;20557;1;2024680310985205695;B
20241030;131012;20557;2;2024680310985205696;B
20241030;131012;20557;13;2024680310985205697;B
20241030;131012;20557;24;2024680310985205698;B
20241030;131012;20556;20;2024680310985205699;B
20241030;131012;20557;1;2024680310985205700;B
20241030;131012;20557;3;2024680310985205701;B
20241030;131012;20557;40;2024680310985205702;S
20241030;131013;20558;13;2024680310985205703;B
20241030;131013;20558;20;2024680310985205704;B
20241030;131013;20559;2;2024680310985205705;B
20241030;131013;20559;33;2024680310985205706;B
20241030;131015;20557;4;2024680310985205707;S
20241030;131015;20555;8;2024680310985205708;S
20241030;131027;20558;20;2024680310985205709;B
20241030;131027;20558;3;2024680310985205710;B
20241030;131027;20558;40;2024680310985205711;B
20241030;131027;20558;5;2024680310985205712;B
20241030;131028;20555;20;2024680310985205713;B
20241030;131028;20556;1;2024680310985205714;S
20241030;131033;20557;20;2024680310985205715;B
20241030;131033;20557;40;2024680310985205716;S
20241030;131037;20557;8;2024680310985205717;S
20241030;131037;20557;1;2024680310985205718;S
20241030;131037;20557;1;2024680310985205719;S
20241030;131039;20558;68;2024680310985205720;B
20241030;131041;20558;68;2024680310985205721;B
20241030;131042;20558;64;2024680310985205722;B
20241030;131042;20558;1;2024680310985205723;B
20241030;131042;20558;3;2024680310985205724;B
20241030;131044;20558;17;2024680310985205725;B
20241030;131044;20558;13;2024680310985205726;B
20241030;131044;20558;38;2024680310985205727;S
20241030;131046;20556;1;2024680310985205728;S
20241030;131046;20556;1;2024680310985205729;S
20241030;131046;20555;8;2024680310985205730;S
20241030;131054;20557;17;2024680310985205731;B
20241030;131059;20555;5;2024680310985205732;S
20241030;131106;20555;8;2024680310985205733;S
20241030;131116;20553;8;2024680310985205734;S
20241030;131119;20555;1;2024680310985205735;S
20241030;131131;20554;1;2024680310985205737;S
20241030;131207;20552;2;2024680310985205741;S
20241030;131235;20552;2;2024680310985205742;S
20241030;131312;20552;9;2024680310985205743;S
20241030;131312;20552;3;2024680310985205744;S
20241030;131312;20551;13;2024680310985205745;S
20241030;131312;20551;1;2024680310985205746;S
20241030;131312;20550;13;2024680310985205747;S
20241030;131312;20549;13;2024680310985205748;S
20241030;131312;20549;1;2024680310985205749;S
20241030;131312;20548;13;2024680310985205750;S
20241030;131312;20548;1;2024680310985205751;S
20241030;131312;20547;13;2024680310985205752;S
20241030;131312;20547;3;2024680310985205753;S
20241030;131312;20547;17;2024680310985205754;S
20241030;131318;20550;1;2024680310985205755;B
20241030;131318;20550;1;2024680310985205756;B
20241030;131345;20546;10;2024680310985205757;S
20241030;131346;20550;1;2024680310985205758;B
20241030;131351;20552;10;2024680310985205760;B
20241030;131351;20552;2;2024680310985205765;B
20241030;131408;20551;5;2024680310985205772;S
20241030;131416;20551;2;2024680310985205773;S
20241030;131435;20553;1;2024680310985205775;B
20241030;131435;20553;1;2024680310985205780;B
20241030;131438;20551;1;2024680310985205784;S
20241030;131439;20553;1;2024680310985205785;B
20241030;131450;20551;1;2024680310985205786;S
20241030;131543;20551;4;2024680310985205787;S
20241030;131543;20551;53;2024680310985205788;S
20241030;131543;20551;1;2024680310985205789;S
20241030;131543;20551;20;2024680310985205790;S
20241030;131543;20551;22;2024680310985205791;S
20241030;131619;20551;28;2024680310985205792;S
20241030;131619;20551;13;2024680310985205793;S
20241030;131619;20551;42;2024680310985205794;S
20241030;131619;20550;1;2024680310985205795;S
20241030;131619;20550;1;2024680310985205796;S
20241030;131619;20550;1;2024680310985205797;S
20241030;131619;20550;13;2024680310985205798;S
20241030;131619;20550;2;2024680310985205799;S
20241030;131619;20550;50;2024680310985205800;S
20241030;131619;20550;40;2024680310985205801;S
20241030;131656;20548;4;2024680310985205802;S
20241030;131717;20546;1;2024680310985205803;B
20241030;131741;20547;1;2024680310985205804;B
20241030;131741;20547;1;2024680310985205805;B
20241030;131741;20547;1;2024680310985205806;B
20241030;131837;20548;1;2024680310985205808;B
20241030;131837;20549;1;2024680310985205813;B
20241030;131837;20549;1;2024680310985205818;B
20241030;131837;20549;1;2024680310985205823;B
20241030;131841;20549;4;2024680310985205828;B
20241030;131923;20547;7;2024680310985205832;S
20241030;132014;20547;2;2024680310985205833;S
20241030;132046;20548;1;2024680310985205835;B
20241030;132046;20549;20;2024680310985205840;B
20241030;132046;20549;4;2024680310985205845;B
20241030;132046;20549;1;2024680310985205850;B
20241030;132046;20549;4;2024680310985205855;B
20241030;132046;20549;2;2024680310985205860;B
20241030;132113;20550;8;2024680310985205864;B
20241030;132133;20550;1;2024680310985205866;B
20241030;132133;20550;21;2024680310985205871;B
20241030;132147;20548;13;2024680310985205875;S
20241030;132147;20548;1;2024680310985205876;S
20241030;132147;20548;3;2024680310985205877;S
20241030;132147;20548;1;2024680310985205878;S
20241030;132147;20547;2;2024680310985205879;S
20241030;132147;20547;10;2024680310985205880;S
20241030;132225;20550;3;2024680310985205881;B
20241030;132236;20550;9;2024680310985205883;B
20241030;132236;20550;13;2024680310985205888;B
20241030;132330;20548;1;2024680310985205892;S
20241030;132502;20548;3;2024680310985205894;B
20241030;132502;20548;2;2024680310985205899;B
20241030;132502;20548;1;2024680310985205904;B
20241030;132502;20548;8;2024680310985205909;B
20241030;132506;20546;1;2024680310985205913;S
20241030;132530;20549;1;2024680310985205914;B
20241030;132611;20546;3;2024680310985205915;S
20241030;132714;20549;1;2024680310985205916;B
20241030;132714;20550;1;2024680310985205917;B
20241030;132829;20549;1;2024680310985205918;B
20241030;132829;20550;29;2024680310985205919;B
20241030;132916;20546;9;2024680310985205922;S
20241030;132916;20546;3;2024680310985205927;S
20241030;132941;20550;7;2024680310985205932;B
20241030;132941;20550;5;2024680310985205937;B
20241030;132941;20550;1;2024680310985205942;B
20241030;132941;20550;1;2024680310985205947;B
20241030;132941;20550;1;2024680310985205952;B
20241030;132941;20550;1;2024680310985205957;B
20241030;132947;20547;1;2024680310985205961;S
20241030;132953;20547;12;2024680310985205962;S
20241030;132953;20547;1;2024680310985205963;S
20241030;132953;20547;37;2024680310985205964;S
20241030;133046;20548;13;2024680310985205965;S
20241030;133046;20548;1;2024680310985205966;S
20241030;133046;20548;2;2024680310985205967;S
20241030;133046;20547;1;2024680310985205968;S
20241030;133046;20547;13;2024680310985205969;S
20241030;133101;20547;13;2024680310985205970;S
20241030;133101;20547;37;2024680310985205971;S
20241030;133121;20546;1;2024680310985205972;S
20241030;133121;20546;1;2024680310985205973;S
20241030;133121;20545;11;2024680310985205974;S
20241030;133202;20545;1;2024680310985205975;S
20241030;133220;20545;1;2024680310985205976;S
20241030;133231;20545;1;2024680310985205977;S
20241030;133231;20544;2;2024680310985205978;S
20241030;133306;20544;1;2024680310985205979;S
20241030;133306;20543;50;2024680310985205980;S
20241030;133306;20543;13;2024680310985205981;S
20241030;133306;20542;50;2024680310985205982;S
20241030;133306;20542;13;2024680310985205983;S
20241030;133306;20542;6;2024680310985205984;S
20241030;133306;20541;50;2024680310985205985;S
20241030;133306;20541;13;2024680310985205986;S
20241030;133306;20541;500;2024680310985205987;S
20241030;133306;20540;12;2024680310985205988;S
20241030;133603;20537;1;2024680310985205991;B
20241030;133611;20537;1;2024680310985205994;S
20241030;133617;20537;12;2024680310985205995;S
20241030;133624;20537;1;2024680310985205996;B
20241030;133627;20537;1;2024680310985205997;B
20241030;133637;20537;1;2024680310985205998;B
20241030;134022;20535;1;2024680310985206000;B
20241030;134056;20536;1;2024680310985206006;B
20241030;134056;20537;7;2024680310985206011;B
20241030;134056;20537;1;2024680310985206015;B
20241030;134103;20536;1;2024680310985206016;S
20241030;134103;20535;1;2024680310985206017;S
20241030;134121;20535;5;2024680310985206018;S
20241030;134138;20535;4;2024680310985206019;S
20241030;134210;20535;1;2024680310985206020;S
20241030;134253;20534;6;2024680310985206021;S
20241030;134308;20534;1;2024680310985206022;S
20241030;134359;20537;1;2024680310985206024;B
20241030;134434;20537;1;2024680310985206026;B
20241030;134434;20537;1;2024680310985206031;B
20241030;134434;20537;1;2024680310985206036;B
