<DATE>;<TIME>;<LAST>;<VOL>;<ID>;<OPER>
20241017;095917;14195;1;1896046207973723231;S
20241017;095917;14195;1;1896046207973723232;B
20241017;095917;14195;1;1896046207973723233;B
20241017;100000;14194;2;1896046207973723234;B
20241017;100000;14194;2;1896046207973723235;B
20241017;100000;14194;1;1896046207973723236;B
20241017;100000;14194;2;1896046207973723237;B
20241017;100000;14195;3;1896046207973723238;B
20241017;100000;14195;4;1896046207973723239;B
20241017;100001;14195;8;1896046207973723240;B
20241017;100001;14195;6;1896046207973723241;B
20241017;100001;14194;2;1896046207973723242;B
20241017;100001;14195;4;1896046207973723243;B
20241017;100001;14195;20;1896046207973723244;B
20241017;100001;14195;2;1896046207973723245;B
20241017;100001;14200;5;1896046207973723246;B
20241017;100001;14200;1;1896046207973723247;B
20241017;100001;14199;2;1896046207973723248;B
20241017;100001;14200;4;1896046207973723249;B
20241017;100001;14200;3;1896046207973723250;B
20241017;100001;14200;3;1896046207973723251;B
20241017;100001;14191;2;1896046207973723252;S
20241017;100001;14191;1;1896046207973723253;S
20241017;100001;14191;4;1896046207973723254;S
20241017;100001;14191;2;1896046207973723255;S
20241017;100001;14190;2;1896046207973723256;S
20241017;100001;14190;2;1896046207973723257;S
20241017;100001;14190;3;1896046207973723258;S
20241017;100001;14199;2;1896046207973723259;B
20241017;100001;14200;1;1896046207973723260;B
20241017;100001;14199;2;1896046207973723261;B
20241017;100001;14200;3;1896046207973723262;B
20241017;100001;14200;5;1896046207973723263;B
20241017;100001;14199;1;1896046207973723264;B
20241017;100001;14199;1;1896046207973723265;B
20241017;100001;14200;5;1896046207973723266;B
20241017;100001;14202;2;1896046207973723267;B
20241017;100001;14203;2;1896046207973723268;B
20241017;100001;14203;3;1896046207973723269;B
20241017;100001;14203;2;1896046207973723270;B
20241017;100001;14204;1;1896046207973723271;B
20241017;100001;14204;2;1896046207973723272;B
20241017;100001;14205;10;1896046207973723273;B
20241017;100001;14205;2;1896046207973723274;B
20241017;100001;14205;2;1896046207973723275;B
20241017;100001;14206;2;1896046207973723276;B
20241017;100001;14209;1;1896046207973723277;B
20241017;100001;14209;5;1896046207973723278;B
20241017;100001;14209;2;1896046207973723279;B
20241017;100001;14210;8;1896046207973723280;B
20241017;100001;14209;2;1896046207973723281;B
20241017;100001;14210;2;1896046207973723282;B
20241017;100001;14210;10;1896046207973723283;B
20241017;100001;14210;5;1896046207973723284;B
20241017;100001;14210;1;1896046207973723285;B
20241017;100002;14207;2;1896046207973723286;B
20241017;100002;14208;2;1896046207973723287;B
20241017;100002;14194;2;1896046207973723288;S
20241017;100002;14194;5;1896046207973723289;S
20241017;100002;14193;2;1896046207973723290;S
20241017;100002;14193;2;1896046207973723291;S
20241017;100002;14193;5;1896046207973723292;S
20241017;100002;14192;4;1896046207973723293;S
20241017;100002;14207;1;1896046207973723294;B
20241017;100002;14207;1;1896046207973723295;B
20241017;100002;14195;2;1896046207973723296;S
20241017;100002;14195;5;1896046207973723297;S
20241017;100002;14194;1;1896046207973723298;S
20241017;100002;14194;5;1896046207973723299;S
20241017;100002;14193;1;1896046207973723300;S
20241017;100002;14199;3;1896046207973723301;B
20241017;100002;14208;3;1896046207973723302;B
20241017;100002;14209;2;1896046207973723303;B
20241017;100002;14210;1;1896046207973723304;B
20241017;100002;14210;2;1896046207973723305;B
20241017;100002;14210;3;1896046207973723306;B
20241017;100002;14210;3;1896046207973723307;B
20241017;100002;14211;5;1896046207973723308;B
20241017;100002;14211;2;1896046207973723309;B
20241017;100002;14212;5;1896046207973723310;B
20241017;100002;14212;2;1896046207973723311;B
20241017;100002;14213;3;1896046207973723312;B
20241017;100002;14213;2;1896046207973723313;B
20241017;100002;14213;2;1896046207973723314;B
20241017;100002;14214;5;1896046207973723315;B
20241017;100002;14214;2;1896046207973723316;B
20241017;100002;14215;7;1896046207973723317;B
20241017;100002;14214;2;1896046207973723318;B
20241017;100002;14215;3;1896046207973723319;B
20241017;100002;14215;1;1896046207973723320;B
20241017;100002;14198;1;1896046207973723321;S
20241017;100003;14198;1;1896046207973723322;S
20241017;100003;14198;3;1896046207973723323;S
20241017;100003;14198;2;1896046207973723324;S
20241017;100003;14197;1;1896046207973723325;S
20241017;100003;14197;4;1896046207973723326;S
20241017;100003;14213;1;1896046207973723327;B
20241017;100003;14214;2;1896046207973723328;B
20241017;100003;14215;2;1896046207973723329;B
20241017;100003;14212;2;1896046207973723330;S
20241017;100003;14211;12;1896046207973723331;S
20241017;100004;14214;2;1896046207973723332;B
20241017;100004;14215;2;1896046207973723333;B
20241017;100004;14215;2;1896046207973723334;B
20241017;100004;14216;5;1896046207973723335;B
20241017;100004;14216;2;1896046207973723336;B
20241017;100004;14217;3;1896046207973723337;B
20241017;100004;14217;2;1896046207973723338;B
20241017;100004;14218;1;1896046207973723339;B
20241017;100004;14218;1;1896046207973723340;B
20241017;100005;14213;1;1896046207973723341;S
20241017;100005;14213;2;1896046207973723342;S
20241017;100005;14212;2;1896046207973723343;S
20241017;100006;14218;4;1896046207973723344;B
20241017;100006;14219;2;1896046207973723345;B
20241017;100006;14219;3;1896046207973723346;B
20241017;100006;14219;5;1896046207973723347;B
20241017;100006;14220;5;1896046207973723348;B
20241017;100006;14220;5;1896046207973723349;B
20241017;100006;14221;5;1896046207973723350;B
20241017;100006;14221;1;1896046207973723351;B
20241017;100006;14221;5;1896046207973723352;B
20241017;100006;14222;5;1896046207973723353;B
20241017;100006;14222;1;1896046207973723354;B
20241017;100006;14222;5;1896046207973723355;B
20241017;100006;14222;5;1896046207973723356;B
20241017;100006;14223;5;1896046207973723357;B
20241017;100006;14215;2;1896046207973723358;S
20241017;100006;14214;15;1896046207973723359;S
20241017;100006;14214;2;1896046207973723360;S
20241017;100006;14213;1;1896046207973723361;S
20241017;100007;14216;2;1896046207973723362;S
20241017;100007;14216;13;1896046207973723363;S
20241017;100007;14211;2;1896046207973723364;S
20241017;100007;14211;2;1896046207973723365;S
20241017;100008;14211;2;1896046207973723366;S
20241017;100008;14211;2;1896046207973723367;S
20241017;100008;14214;2;1896046207973723368;S
20241017;100008;14214;2;1896046207973723369;S
20241017;100008;14214;2;1896046207973723370;S
20241017;100008;14214;2;1896046207973723371;S
20241017;100008;14214;1;1896046207973723372;S
20241017;100008;14214;2;1896046207973723373;S
20241017;100009;14217;1;1896046207973723374;B
20241017;100009;14213;2;1896046207973723375;S
20241017;100009;14212;15;1896046207973723376;S
20241017;100009;14210;3;1896046207973723377;S
20241017;100009;14213;1;1896046207973723378;S
20241017;100009;14211;1;1896046207973723379;S
20241017;100009;14211;2;1896046207973723380;S
20241017;100010;14211;2;1896046207973723381;S
20241017;100010;14217;1;1896046207973723382;B
20241017;100010;14218;6;1896046207973723383;B
20241017;100010;14218;13;1896046207973723384;B
20241017;100010;14219;2;1896046207973723385;B
20241017;100010;14220;2;1896046207973723386;B
20241017;100010;14220;2;1896046207973723387;B
20241017;100010;14220;5;1896046207973723388;B
20241017;100010;14221;5;1896046207973723389;B
20241017;100010;14221;5;1896046207973723390;B
20241017;100010;14222;5;1896046207973723391;B
20241017;100010;14222;2;1896046207973723392;B
20241017;100010;14223;2;1896046207973723393;B
20241017;100010;14212;2;1896046207973723394;S
20241017;100010;14213;2;1896046207973723395;S
20241017;100010;14213;2;1896046207973723396;S
20241017;100010;14213;15;1896046207973723397;S
20241017;100010;14212;2;1896046207973723398;S
20241017;100010;14211;3;1896046207973723399;S
20241017;100010;14213;2;1896046207973723400;S
20241017;100010;14213;2;1896046207973723401;S
20241017;100010;14212;6;1896046207973723402;S
20241017;100010;14216;2;1896046207973723403;S
20241017;100010;14220;6;1896046207973723404;B
20241017;100010;14216;2;1896046207973723405;S
20241017;100010;14216;2;1896046207973723406;S
20241017;100010;14219;2;1896046207973723407;B
20241017;100011;14219;2;1896046207973723408;B
20241017;100011;14220;4;1896046207973723409;B
20241017;100011;14220;2;1896046207973723410;B
20241017;100011;14221;4;1896046207973723411;B
20241017;100012;14223;3;1896046207973723412;B
20241017;100012;14223;2;1896046207973723413;B
20241017;100012;14223;5;1896046207973723414;B
20241017;100012;14223;5;1896046207973723415;B
20241017;100012;14224;5;1896046207973723416;B
20241017;100013;14218;2;1896046207973723417;S
20241017;100013;14217;14;1896046207973723418;S
20241017;100013;14221;5;1896046207973723419;B
20241017;100013;14222;2;1896046207973723420;B
20241017;100013;14222;6;1896046207973723421;B
20241017;100013;14222;2;1896046207973723422;B
20241017;100013;14223;5;1896046207973723423;B
20241017;100013;14223;5;1896046207973723424;B
20241017;100013;14223;5;1896046207973723425;B
20241017;100013;14223;5;1896046207973723426;B
20241017;100014;14224;5;1896046207973723427;B
20241017;100014;14224;5;1896046207973723428;B
20241017;100014;14224;10;1896046207973723429;B
20241017;100014;14224;15;1896046207973723430;B
20241017;100014;14224;15;1896046207973723431;B
20241017;100014;14224;15;1896046207973723432;B
20241017;100014;14224;15;1896046207973723433;B
20241017;100014;14224;15;1896046207973723434;B
20241017;100014;14224;9;1896046207973723435;B
20241017;100014;14224;4;1896046207973723436;B
20241017;100014;14224;4;1896046207973723437;B
20241017;100014;14224;93;1896046207973723439;B
20241017;100014;14224;2;1896046207973723440;B
20241017;100014;14224;5;1896046207973723441;B
20241017;100014;14225;10;1896046207973723442;B
20241017;100014;14225;5;1896046207973723443;B
20241017;100014;14226;5;1896046207973723444;B
20241017;100014;14226;10;1896046207973723445;B
20241017;100014;14227;5;1896046207973723446;B
20241017;100014;14227;7;1896046207973723447;B
20241017;100014;14227;5;1896046207973723448;B
20241017;100014;14228;3;1896046207973723449;B
20241017;100014;14224;2;1896046207973723450;S
20241017;100014;14224;2;1896046207973723451;S
20241017;100014;14223;3;1896046207973723452;S
20241017;100014;14223;9;1896046207973723453;S
20241017;100014;14224;2;1896046207973723454;S
20241017;100014;14224;2;1896046207973723455;B
20241017;100014;14227;1;1896046207973723456;B
20241017;100014;14227;1;1896046207973723457;B
20241017;100015;14228;2;1896046207973723458;B
20241017;100015;14228;1;1896046207973723459;B
20241017;100015;14228;5;1896046207973723460;B
20241017;100015;14228;5;1896046207973723461;B
20241017;100015;14228;5;1896046207973723462;B
20241017;100015;14229;2;1896046207973723463;B
20241017;100015;14228;4;1896046207973723464;B
20241017;100015;14229;1;1896046207973723465;B
20241017;100015;14226;2;1896046207973723466;S
20241017;100015;14225;5;1896046207973723467;S
20241017;100015;14225;2;1896046207973723468;S
20241017;100015;14224;2;1896046207973723469;S
20241017;100015;14224;1;1896046207973723470;S
20241017;100017;14223;6;1896046207973723471;S
20241017;100017;14223;2;1896046207973723472;S
20241017;100017;14223;6;1896046207973723473;S
20241017;100017;14224;33;1896046207973723474;B
20241017;100017;14228;1;1896046207973723475;B
20241017;100017;14229;2;1896046207973723476;B
20241017;100017;14229;95;1896046207973723477;B
20241017;100019;14229;1;1896046207973723478;B
20241017;100019;14229;4;1896046207973723479;B
20241017;100019;14229;4;1896046207973723480;B
20241017;100019;14229;1;1896046207973723481;B
20241017;100019;14230;10;1896046207973723482;B
20241017;100019;14230;5;1896046207973723483;B
20241017;100019;14230;2;1896046207973723484;B
20241017;100020;14231;1;1896046207973723485;B
20241017;100020;14231;1;1896046207973723486;B
20241017;100020;14231;3;1896046207973723487;B
20241017;100020;14232;1;1896046207973723488;B
20241017;100020;14232;5;1896046207973723489;B
20241017;100020;14233;1;1896046207973723490;B
20241017;100020;14233;4;1896046207973723491;B
20241017;100020;14234;5;1896046207973723492;B
20241017;100020;14234;5;1896046207973723493;B
20241017;100020;14235;10;1896046207973723494;B
20241017;100020;14235;5;1896046207973723495;B
20241017;100020;14234;5;1896046207973723496;S
20241017;100020;14235;4;1896046207973723497;B
20241017;100020;14232;2;1896046207973723498;S
20241017;100020;14231;2;1896046207973723499;S
20241017;100020;14230;10;1896046207973723500;S
20241017;100020;14230;15;1896046207973723501;S
20241017;100020;14229;2;1896046207973723502;S
20241017;100020;14228;4;1896046207973723503;S
20241017;100020;14230;15;1896046207973723504;S
20241017;100020;14230;3;1896046207973723505;S
20241017;100020;14227;5;1896046207973723506;S
20241017;100020;14226;1;1896046207973723507;S
20241017;100020;14225;2;1896046207973723508;S
20241017;100020;14225;2;1896046207973723509;S
20241017;100020;14224;15;1896046207973723510;S
20241017;100020;14224;2;1896046207973723511;B
20241017;100021;14232;3;1896046207973723512;B
20241017;100021;14230;1;1896046207973723513;B
20241017;100021;14223;6;1896046207973723514;S
20241017;100021;14223;5;1896046207973723515;S
20241017;100022;14226;3;1896046207973723516;B
20241017;100022;14225;1;1896046207973723517;S
20241017;100022;14226;2;1896046207973723518;B
20241017;100022;14226;1;1896046207973723519;B
20241017;100022;14226;1;1896046207973723520;B
20241017;100023;14226;1;1896046207973723521;B
20241017;100023;14226;1;1896046207973723522;B
20241017;100024;14226;3;1896046207973723523;B
20241017;100024;14227;5;1896046207973723524;B
20241017;100024;14227;2;1896046207973723525;B
20241017;100024;14227;19;1896046207973723526;B
20241017;100024;14227;9;1896046207973723527;B
20241017;100024;14227;5;1896046207973723528;B
20241017;100024;14228;5;1896046207973723529;B
20241017;100024;14229;1;1896046207973723530;B
20241017;100024;14229;4;1896046207973723531;B
20241017;100024;14230;5;1896046207973723532;B
20241017;100024;14230;1;1896046207973723533;B
20241017;100024;14231;5;1896046207973723534;B
20241017;100024;14231;5;1896046207973723535;B
20241017;100025;14229;15;1896046207973723536;S
20241017;100025;14227;15;1896046207973723537;S
20241017;100025;14226;15;1896046207973723538;S
20241017;100025;14226;15;1896046207973723539;S
20241017;100025;14226;15;1896046207973723540;S
20241017;100025;14225;3;1896046207973723541;S
20241017;100025;14225;4;1896046207973723542;S
20241017;100025;14224;1;1896046207973723543;S
20241017;100025;14221;1;1896046207973723544;S
20241017;100025;14220;2;1896046207973723545;S
20241017;100025;14225;1;1896046207973723546;S
20241017;100025;14224;9;1896046207973723547;S
20241017;100025;14222;1;1896046207973723548;S
20241017;100025;14219;2;1896046207973723549;S
20241017;100025;14222;1;1896046207973723550;S
20241017;100025;14221;10;1896046207973723551;S
20241017;100025;14221;10;1896046207973723552;S
20241017;100025;14221;5;1896046207973723553;S
20241017;100025;14221;1;1896046207973723554;S
20241017;100025;14220;15;1896046207973723555;S
20241017;100025;14220;1;1896046207973723556;S
20241017;100025;14220;15;1896046207973723557;S
20241017;100025;14220;15;1896046207973723558;S
20241017;100025;14222;10;1896046207973723559;B
20241017;100025;14220;15;1896046207973723560;S
20241017;100025;14220;15;1896046207973723561;S
20241017;100025;14220;15;1896046207973723562;S
20241017;100025;14220;15;1896046207973723563;S
20241017;100025;14220;15;1896046207973723564;S
20241017;100025;14220;15;1896046207973723565;S
20241017;100025;14220;15;1896046207973723566;S
20241017;100025;14220;15;1896046207973723567;S
20241017;100025;14220;15;1896046207973723568;S
20241017;100025;14218;15;1896046207973723569;S
20241017;100025;14218;1;1896046207973723570;S
20241017;100025;14218;1;1896046207973723571;S
20241017;100025;14217;10;1896046207973723572;S
20241017;100025;14217;10;1896046207973723573;S
20241017;100025;14217;10;1896046207973723574;S
20241017;100025;14218;15;1896046207973723575;S
20241017;100025;14217;10;1896046207973723576;S
20241017;100025;14217;1;1896046207973723577;S
20241017;100025;14217;10;1896046207973723578;S
20241017;100025;14216;10;1896046207973723579;S
20241017;100025;14216;1;1896046207973723580;S
20241017;100025;14221;15;1896046207973723581;B
20241017;100025;14221;2;1896046207973723582;B
20241017;100025;14221;5;1896046207973723583;S
20241017;100025;14222;5;1896046207973723584;B
20241017;100025;14222;6;1896046207973723585;B
20241017;100025;14223;1;1896046207973723586;B
20241017;100026;14219;15;1896046207973723587;S
20241017;100026;14219;15;1896046207973723588;S
20241017;100026;14218;15;1896046207973723589;S
20241017;100026;14218;15;1896046207973723590;S
20241017;100026;14218;15;1896046207973723591;S
20241017;100026;14218;15;1896046207973723592;S
20241017;100026;14218;15;1896046207973723593;S
20241017;100026;14218;15;1896046207973723594;S
20241017;100026;14218;15;1896046207973723595;S
20241017;100026;14218;15;1896046207973723596;S
20241017;100026;14218;15;1896046207973723597;S
20241017;100026;14218;15;1896046207973723598;S
20241017;100026;14218;15;1896046207973723599;S
20241017;100026;14218;15;1896046207973723600;S
20241017;100026;14218;15;1896046207973723601;S
20241017;100026;14217;1;1896046207973723602;S
20241017;100026;14217;14;1896046207973723603;S
20241017;100026;14217;1;1896046207973723604;S
20241017;100026;14216;15;1896046207973723605;S
20241017;100026;14220;10;1896046207973723606;B
20241017;100027;14211;15;1896046207973723607;B
20241017;100027;14212;5;1896046207973723608;B
20241017;100028;14211;2;1896046207973723609;B
20241017;100028;14212;4;1896046207973723610;B
20241017;100028;14213;2;1896046207973723611;B
20241017;100028;14214;2;1896046207973723612;B
20241017;100028;14215;15;1896046207973723613;B
20241017;100028;14215;2;1896046207973723614;B
20241017;100028;14216;16;1896046207973723615;B
20241017;100028;14219;15;1896046207973723616;B
20241017;100028;14219;2;1896046207973723617;B
20241017;100028;14219;11;1896046207973723618;B
20241017;100028;14219;5;1896046207973723619;B
20241017;100028;14219;5;1896046207973723620;B
20241017;100028;14219;5;1896046207973723621;B
20241017;100028;14220;20;1896046207973723622;B
20241017;100028;14220;110;1896046207973723623;B
20241017;100028;14221;2;1896046207973723624;B
20241017;100028;14221;5;1896046207973723625;B
20241017;100028;14222;8;1896046207973723626;B
20241017;100028;14222;5;1896046207973723627;B
20241017;100028;14223;5;1896046207973723628;B
20241017;100028;14224;5;1896046207973723629;B
20241017;100028;14225;5;1896046207973723630;B
20241017;100028;14226;5;1896046207973723631;B
20241017;100028;14227;5;1896046207973723632;B
20241017;100028;14228;5;1896046207973723633;B
20241017;100028;14229;5;1896046207973723634;B
20241017;100028;14229;15;1896046207973723635;B
20241017;100028;14229;5;1896046207973723636;B
20241017;100028;14229;5;1896046207973723637;B
20241017;100028;14230;5;1896046207973723638;B
20241017;100028;14230;30;1896046207973723639;B
20241017;100028;14230;19;1896046207973723640;B
20241017;100029;14212;2;1896046207973723641;S
20241017;100030;14229;1;1896046207973723642;B
20241017;100030;14214;2;1896046207973723643;S
20241017;100030;14214;2;1896046207973723644;S
20241017;100031;14214;1;1896046207973723645;S
20241017;100031;14213;1;1896046207973723646;S
20241017;100031;14213;1;1896046207973723647;S
20241017;100031;14212;2;1896046207973723648;S
20241017;100031;14229;10;1896046207973723649;B
20241017;100031;14212;1;1896046207973723650;S
20241017;100031;14211;1;1896046207973723651;S
20241017;100031;14212;2;1896046207973723652;S
20241017;100032;14227;10;1896046207973723653;B
20241017;100032;14212;2;1896046207973723654;S
20241017;100032;14212;1;1896046207973723655;S
20241017;100032;14212;1;1896046207973723656;S
20241017;100032;14212;2;1896046207973723657;S
20241017;100032;14212;2;1896046207973723658;S
20241017;100032;14214;2;1896046207973723659;S
20241017;100033;14214;2;1896046207973723660;S
20241017;100033;14214;1;1896046207973723661;S
20241017;100033;14213;1;1896046207973723662;S
20241017;100033;14212;1;1896046207973723663;S
20241017;100033;14212;1;1896046207973723664;S
20241017;100033;14213;2;1896046207973723665;S
20241017;100033;14212;2;1896046207973723666;S
20241017;100033;14224;10;1896046207973723667;B
20241017;100033;14212;2;1896046207973723668;S
20241017;100033;14212;1;1896046207973723669;S
20241017;100033;14211;1;1896046207973723670;S
20241017;100033;14224;5;1896046207973723671;B
20241017;100033;14224;2;1896046207973723672;B
20241017;100033;14224;3;1896046207973723673;B
20241017;100034;14212;2;1896046207973723674;S
20241017;100034;14216;2;1896046207973723675;S
20241017;100034;14215;2;1896046207973723676;S
20241017;100034;14217;2;1896046207973723677;S
20241017;100034;14217;2;1896046207973723678;S
20241017;100035;14216;2;1896046207973723679;S
20241017;100035;14216;2;1896046207973723680;S
20241017;100035;14216;2;1896046207973723681;S
20241017;100035;14224;2;1896046207973723682;B
20241017;100036;14226;2;1896046207973723683;B
20241017;100036;14226;8;1896046207973723684;B
20241017;100037;14217;2;1896046207973723685;S
20241017;100037;14217;2;1896046207973723686;S
20241017;100038;14217;2;1896046207973723687;S
20241017;100038;14217;2;1896046207973723688;S
20241017;100038;14215;2;1896046207973723689;S
20241017;100038;14215;3;1896046207973723690;S
20241017;100038;14215;2;1896046207973723691;S
20241017;100039;14214;2;1896046207973723692;S
20241017;100039;14214;2;1896046207973723693;S
20241017;100040;14214;2;1896046207973723694;S
20241017;100040;14214;2;1896046207973723695;S
20241017;100040;14217;1;1896046207973723696;B
20241017;100040;14214;3;1896046207973723697;S
20241017;100040;14214;11;1896046207973723698;S
20241017;100040;14213;2;1896046207973723699;S
20241017;100041;14214;1;1896046207973723700;B
20241017;100042;14213;2;1896046207973723701;S
20241017;100042;14214;1;1896046207973723702;B
20241017;100042;14214;1;1896046207973723703;B
20241017;100042;14214;1;1896046207973723704;B
20241017;100042;14215;17;1896046207973723705;B
20241017;100042;14214;2;1896046207973723706;B
20241017;100042;14215;18;1896046207973723707;B
20241017;100042;14214;1;1896046207973723708;B
20241017;100043;14215;8;1896046207973723709;B
20241017;100044;14215;2;1896046207973723710;B
20241017;100044;14214;5;1896046207973723711;B
20241017;100044;14215;5;1896046207973723712;B
20241017;100045;14215;2;1896046207973723713;B
20241017;100045;14211;1;1896046207973723714;S
20241017;100047;14214;1;1896046207973723715;B
20241017;100047;14215;49;1896046207973723716;B
20241017;100048;14214;4;1896046207973723717;B
20241017;100048;14215;5;1896046207973723718;B
20241017;100050;14212;1;1896046207973723719;B
20241017;100052;14208;1;1896046207973723720;S
20241017;100052;14208;5;1896046207973723721;B
20241017;100053;14205;5;1896046207973723722;S
20241017;100053;14205;5;1896046207973723723;S
20241017;100053;14205;5;1896046207973723724;S
20241017;100055;14204;1;1896046207973723725;S
20241017;100056;14206;11;1896046207973723726;B
20241017;100056;14206;1;1896046207973723727;B
20241017;100056;14207;4;1896046207973723728;B
20241017;100056;14207;1;1896046207973723729;B
20241017;100056;14208;1;1896046207973723730;B
20241017;100056;14208;4;1896046207973723731;B
20241017;100057;14200;5;1896046207973723732;S
20241017;100057;14200;1;1896046207973723733;S
20241017;100057;14200;15;1896046207973723734;S
20241017;100057;14200;3;1896046207973723735;S
20241017;100057;14199;1;1896046207973723736;S
20241017;100058;14206;1;1896046207973723737;S
20241017;100102;14195;4;1896046207973723738;S
20241017;100102;14195;1;1896046207973723739;S
20241017;100102;14195;5;1896046207973723740;S
20241017;100103;14197;1;1896046207973723741;B
20241017;100104;14196;1;1896046207973723742;B
20241017;100105;14195;10;1896046207973723743;S
20241017;100107;14192;1;1896046207973723744;S
20241017;100107;14191;9;1896046207973723745;S
20241017;100107;14191;6;1896046207973723746;S
20241017;100108;14191;1;1896046207973723747;B
20241017;100108;14190;1;1896046207973723748;S
20241017;100108;14190;9;1896046207973723749;S
20241017;100108;14191;1;1896046207973723750;B
20241017;100109;14191;1;1896046207973723751;B
20241017;100109;14190;2;1896046207973723752;S
20241017;100110;14190;4;1896046207973723753;S
20241017;100110;14189;1;1896046207973723754;S
20241017;100110;14191;10;1896046207973723755;B
20241017;100110;14191;5;1896046207973723756;B
20241017;100111;14189;10;1896046207973723757;S
20241017;100111;14189;4;1896046207973723758;S
20241017;100111;14188;6;1896046207973723759;S
20241017;100111;14188;4;1896046207973723760;S
20241017;100111;14189;2;1896046207973723761;B
20241017;100111;14188;11;1896046207973723762;S
20241017;100111;14186;1;1896046207973723763;S
20241017;100111;14186;1;1896046207973723764;S
20241017;100111;14186;2;1896046207973723765;S
20241017;100111;14186;2;1896046207973723766;S
20241017;100111;14186;6;1896046207973723767;S
20241017;100111;14185;10;1896046207973723768;S
20241017;100111;14185;7;1896046207973723769;S
20241017;100112;14187;7;1896046207973723770;B
20241017;100112;14186;1;1896046207973723771;S
20241017;100112;14187;11;1896046207973723772;B
20241017;100112;14187;1;1896046207973723773;B
20241017;100112;14186;2;1896046207973723774;S
20241017;100113;14186;1;1896046207973723775;S
20241017;100113;14186;11;1896046207973723776;S
20241017;100113;14185;1;1896046207973723777;S
20241017;100114;14185;14;1896046207973723778;S
20241017;100114;14184;2;1896046207973723779;S
20241017;100114;14184;2;1896046207973723780;S
20241017;100114;14184;11;1896046207973723781;S
20241017;100114;14183;8;1896046207973723782;S
20241017;100114;14182;6;1896046207973723783;S
20241017;100114;14182;3;1896046207973723784;S
20241017;100114;14182;5;1896046207973723785;S
20241017;100114;14182;1;1896046207973723786;S
20241017;100114;14182;11;1896046207973723787;B
20241017;100114;14182;1;1896046207973723788;B
20241017;100115;14181;15;1896046207973723789;S
20241017;100115;14181;10;1896046207973723790;S
20241017;100115;14180;2;1896046207973723791;S
20241017;100115;14180;2;1896046207973723792;S
20241017;100115;14180;7;1896046207973723793;B
20241017;100116;14179;1;1896046207973723794;S
20241017;100116;14179;1;1896046207973723795;S
20241017;100116;14180;3;1896046207973723796;B
20241017;100116;14180;2;1896046207973723797;B
20241017;100116;14180;2;1896046207973723798;B
20241017;100116;14180;1;1896046207973723799;B
20241017;100116;14180;1;1896046207973723800;B
20241017;100116;14180;7;1896046207973723801;B
20241017;100116;14180;2;1896046207973723802;B
20241017;100116;14181;1;1896046207973723803;S
20241017;100117;14181;6;1896046207973723804;S
20241017;100117;14181;10;1896046207973723805;S
20241017;100117;14181;10;1896046207973723806;S
20241017;100117;14181;1;1896046207973723807;S
20241017;100117;14181;7;1896046207973723808;S
20241017;100117;14181;3;1896046207973723809;S
20241017;100118;14181;10;1896046207973723810;S
20241017;100121;14181;2;1896046207973723811;S
20241017;100121;14181;10;1896046207973723812;S
20241017;100121;14180;5;1896046207973723813;S
20241017;100121;14179;1;1896046207973723814;S
20241017;100121;14179;10;1896046207973723815;S
20241017;100121;14179;2;1896046207973723816;S
20241017;100122;14181;1;1896046207973723817;S
20241017;100123;14181;8;1896046207973723818;S
20241017;100123;14181;45;1896046207973723819;S
20241017;100123;14181;2;1896046207973723820;B
20241017;100123;14182;11;1896046207973723821;B
20241017;100123;14182;2;1896046207973723822;B
20241017;100123;14182;2;1896046207973723823;B
20241017;100123;14182;2;1896046207973723824;B
20241017;100123;14182;1;1896046207973723825;B
20241017;100125;14178;15;1896046207973723826;S
20241017;100125;14177;1;1896046207973723827;S
20241017;100125;14176;1;1896046207973723828;S
20241017;100125;14176;1;1896046207973723829;S
20241017;100125;14176;1;1896046207973723830;S
20241017;100125;14175;15;1896046207973723831;S
20241017;100125;14174;3;1896046207973723832;S
20241017;100125;14174;20;1896046207973723833;S
20241017;100126;14171;1;1896046207973723834;S
20241017;100126;14171;10;1896046207973723835;S
20241017;100126;14169;2;1896046207973723836;S
20241017;100126;14168;15;1896046207973723837;S
20241017;100126;14167;1;1896046207973723838;S
20241017;100126;14163;2;1896046207973723839;S
20241017;100126;14169;2;1896046207973723840;B
20241017;100126;14169;1;1896046207973723841;B
20241017;100126;14170;1;1896046207973723842;B
20241017;100126;14171;2;1896046207973723843;B
20241017;100126;14172;2;1896046207973723844;B
20241017;100126;14172;5;1896046207973723845;B
20241017;100126;14173;2;1896046207973723846;B
20241017;100126;14173;5;1896046207973723847;B
20241017;100126;14174;1;1896046207973723848;B
20241017;100126;14174;2;1896046207973723849;B
20241017;100126;14174;5;1896046207973723850;B
20241017;100126;14175;2;1896046207973723851;B
20241017;100126;14175;5;1896046207973723852;B
20241017;100126;14175;5;1896046207973723853;B
20241017;100126;14175;6;1896046207973723854;B
20241017;100126;14176;4;1896046207973723855;B
20241017;100127;14165;1;1896046207973723856;S
20241017;100127;14165;1;1896046207973723857;S
20241017;100127;14165;1;1896046207973723858;S
20241017;100128;14168;250;1896046207973723859;S
20241017;100128;14165;1;1896046207973723860;S
20241017;100131;14165;1;1896046207973723861;S
20241017;100132;14165;5;1896046207973723862;S
20241017;100132;14165;5;1896046207973723863;S
20241017;100132;14165;5;1896046207973723864;S
20241017;100133;14166;1;1896046207973723865;S
20241017;100133;14165;21;1896046207973723866;S
20241017;100135;14163;1;1896046207973723867;S
20241017;100135;14163;2;1896046207973723868;S
20241017;100135;14163;1;1896046207973723869;S
20241017;100135;14162;1;1896046207973723870;S
20241017;100135;14162;1;1896046207973723871;S
20241017;100135;14162;1;1896046207973723872;S
20241017;100135;14162;1;1896046207973723873;S
20241017;100135;14161;2;1896046207973723874;S
20241017;100135;14161;6;1896046207973723875;S
20241017;100135;14160;1;1896046207973723876;S
20241017;100135;14160;2;1896046207973723877;S
20241017;100136;14166;1;1896046207973723878;S
20241017;100136;14159;1;1896046207973723880;S
20241017;100136;14169;19;1896046207973723881;B
20241017;100136;14170;1;1896046207973723882;B
20241017;100136;14170;5;1896046207973723883;B
20241017;100136;14170;2;1896046207973723884;B
20241017;100136;14171;11;1896046207973723885;B
20241017;100136;14171;12;1896046207973723886;B
20241017;100138;14162;4;1896046207973723887;S
20241017;100138;14161;5;1896046207973723888;S
20241017;100138;14161;1;1896046207973723889;S
20241017;100139;14165;1;1896046207973723890;B
20241017;100139;14166;4;1896046207973723891;B
20241017;100139;14170;5;1896046207973723892;B
20241017;100141;14162;1;1896046207973723893;S
20241017;100141;14160;2;1896046207973723894;S
20241017;100141;14160;12;1896046207973723895;S
20241017;100143;14165;2;1896046207973723896;B
20241017;100143;14166;3;1896046207973723897;B
20241017;100145;14162;1;1896046207973723898;S
20241017;100145;14166;2;1896046207973723899;B
20241017;100145;14167;11;1896046207973723900;B
20241017;100145;14168;2;1896046207973723901;B
20241017;100145;14169;5;1896046207973723902;B
20241017;100145;14170;5;1896046207973723903;B
20241017;100145;14171;25;1896046207973723904;B
20241017;100147;14170;5;1896046207973723905;B
20241017;100147;14170;5;1896046207973723906;B
20241017;100147;14161;2;1896046207973723907;S
20241017;100147;14161;3;1896046207973723908;S
20241017;100149;14161;2;1896046207973723909;S
20241017;100150;14161;4;1896046207973723910;S
20241017;100150;14161;1;1896046207973723911;S
20241017;100150;14161;1;1896046207973723912;S
20241017;100150;14161;1;1896046207973723913;S
20241017;100150;14161;4;1896046207973723914;S
20241017;100152;14163;2;1896046207973723915;S
20241017;100152;14163;5;1896046207973723916;S
20241017;100152;14163;5;1896046207973723917;S
20241017;100152;14162;138;1896046207973723918;S
20241017;100154;14162;12;1896046207973723919;S
20241017;100154;14162;3;1896046207973723920;S
20241017;100154;14160;33;1896046207973723921;S
20241017;100154;14160;52;1896046207973723922;S
20241017;100154;14160;98;1896046207973723923;S
20241017;100154;14158;2;1896046207973723924;S
20241017;100154;14160;1;1896046207973723925;S
20241017;100154;14161;5;1896046207973723926;S
20241017;100154;14162;2;1896046207973723927;B
20241017;100154;14163;104;1896046207973723928;B
20241017;100154;14163;5;1896046207973723929;B
20241017;100154;14163;39;1896046207973723930;S
20241017;100156;14158;1;1896046207973723931;S
20241017;100158;14158;1;1896046207973723932;S
20241017;100159;14158;2;1896046207973723933;S
20241017;100159;14157;1;1896046207973723934;S
20241017;100159;14157;10;1896046207973723935;S
20241017;100159;14157;7;1896046207973723936;S
20241017;100200;14159;1;1896046207973723937;B
20241017;100200;14159;1;1896046207973723938;B
20241017;100200;14158;1;1896046207973723939;S
20241017;100200;14158;1;1896046207973723940;S
20241017;100200;14159;1;1896046207973723941;B
20241017;100201;14162;2;1896046207973723942;B
20241017;100201;14163;1;1896046207973723943;B
20241017;100201;14165;2;1896046207973723944;B
20241017;100201;14161;1;1896046207973723945;S
20241017;100201;14161;1;1896046207973723946;S
20241017;100201;14161;2;1896046207973723947;S
20241017;100202;14161;2;1896046207973723948;S
20241017;100202;14161;2;1896046207973723949;S
20241017;100203;14163;3;1896046207973723950;S
20241017;100204;14167;1;1896046207973723951;B
20241017;100204;14165;2;1896046207973723952;S
20241017;100204;14165;6;1896046207973723953;S
20241017;100211;14164;1;1896046207973723954;S
20241017;100212;14164;1;1896046207973723955;S
20241017;100212;14164;3;1896046207973723956;S
20241017;100212;14163;4;1896046207973723957;S
20241017;100212;14163;26;1896046207973723958;S
20241017;100212;14163;1;1896046207973723959;S
20241017;100212;14162;5;1896046207973723960;S
20241017;100213;14163;5;1896046207973723961;S
20241017;100213;14162;25;1896046207973723962;S
20241017;100213;14162;30;1896046207973723963;S
20241017;100213;14162;30;1896046207973723964;S
20241017;100213;14161;5;1896046207973723965;S
20241017;100214;14163;3;1896046207973723966;S
20241017;100215;14164;3;1896046207973723967;S
20241017;100215;14164;2;1896046207973723968;B
20241017;100215;14165;5;1896046207973723969;B
20241017;100215;14167;5;1896046207973723970;B
20241017;100215;14167;2;1896046207973723971;B
20241017;100215;14168;2;1896046207973723972;B
20241017;100215;14168;4;1896046207973723973;B
20241017;100216;14165;1;1896046207973723974;S
20241017;100218;14168;2;1896046207973723975;B
20241017;100219;14167;10;1896046207973723976;S
20241017;100221;14166;1;1896046207973723977;B
20241017;100223;14165;30;1896046207973723978;S
20241017;100223;14165;20;1896046207973723979;S
20241017;100223;14164;25;1896046207973723980;S
20241017;100224;14165;1;1896046207973723981;S
20241017;100225;14166;5;1896046207973723982;B
20241017;100226;14166;1;1896046207973723983;B
20241017;100226;14166;1;1896046207973723984;B
20241017;100226;14166;2;1896046207973723985;B
20241017;100226;14166;16;1896046207973723986;B
20241017;100227;14166;6;1896046207973723987;B
20241017;100227;14167;19;1896046207973723988;B
20241017;100227;14167;8;1896046207973723989;B
20241017;100228;14167;12;1896046207973723990;B
20241017;100230;14167;28;1896046207973723991;B
20241017;100231;14167;3;1896046207973723992;B
20241017;100231;14168;47;1896046207973723993;B
20241017;100231;14168;19;1896046207973723994;B
20241017;100231;14170;11;1896046207973723995;B
20241017;100231;14170;30;1896046207973723996;B
20241017;100231;14170;60;1896046207973723997;B
20241017;100231;14170;10;1896046207973723998;B
20241017;100231;14170;23;1896046207973723999;B
20241017;100231;14170;3;1896046207973724000;B
20241017;100231;14170;20;1896046207973724001;B
20241017;100231;14170;21;1896046207973724002;B
20241017;100231;14169;2;1896046207973724003;S
20241017;100231;14169;30;1896046207973724004;S
20241017;100231;14169;15;1896046207973724005;S
20241017;100231;14169;2;1896046207973724006;S
20241017;100231;14169;5;1896046207973724007;S
20241017;100231;14169;104;1896046207973724008;S
20241017;100231;14168;5;1896046207973724009;S
20241017;100231;14167;5;1896046207973724010;S
20241017;100231;14167;2;1896046207973724011;S
20241017;100231;14167;15;1896046207973724012;S
20241017;100231;14167;5;1896046207973724013;S
20241017;100231;14167;2;1896046207973724014;B
20241017;100231;14167;15;1896046207973724015;B
20241017;100231;14167;15;1896046207973724016;B
20241017;100231;14167;15;1896046207973724017;B
20241017;100231;14167;59;1896046207973724018;B
20241017;100231;14170;11;1896046207973724019;B
20241017;100231;14170;2;1896046207973724020;B
20241017;100232;14169;5;1896046207973724021;S
20241017;100232;14169;1;1896046207973724022;S
20241017;100232;14168;30;1896046207973724023;S
20241017;100232;14168;5;1896046207973724024;S
20241017;100232;14168;15;1896046207973724025;S
20241017;100232;14168;6;1896046207973724026;B
20241017;100232;14168;10;1896046207973724027;B
20241017;100232;14168;14;1896046207973724028;B
20241017;100232;14168;34;1896046207973724029;B
20241017;100232;14170;5;1896046207973724030;B
20241017;100232;14169;15;1896046207973724031;S
20241017;100232;14169;30;1896046207973724032;S
20241017;100232;14169;5;1896046207973724033;S
20241017;100232;14169;2;1896046207973724034;S
20241017;100232;14169;8;1896046207973724035;S
20241017;100232;14169;36;1896046207973724036;S
20241017;100232;14168;5;1896046207973724037;S
20241017;100232;14168;5;1896046207973724038;S
20241017;100232;14168;2;1896046207973724039;S
20241017;100233;14168;5;1896046207973724040;B
20241017;100233;14168;15;1896046207973724041;B
20241017;100233;14168;52;1896046207973724042;B
20241017;100233;14170;1;1896046207973724043;B
20241017;100233;14170;4;1896046207973724044;B
20241017;100233;14170;9;1896046207973724045;B
20241017;100233;14171;15;1896046207973724046;B
20241017;100233;14171;15;1896046207973724047;B
20241017;100233;14171;15;1896046207973724048;B
20241017;100233;14171;30;1896046207973724049;B
20241017;100233;14174;4;1896046207973724050;B
20241017;100233;14175;5;1896046207973724051;B
20241017;100233;14179;1;1896046207973724052;B
20241017;100233;14178;2;1896046207973724053;B
20241017;100233;14179;1;1896046207973724054;B
20241017;100233;14179;1;1896046207973724055;B
20241017;100233;14186;1;1896046207973724056;B
20241017;100233;14186;5;1896046207973724057;B
20241017;100233;14183;30;1896046207973724058;S
20241017;100233;14182;2;1896046207973724059;S
20241017;100233;14181;2;1896046207973724060;S
20241017;100233;14180;2;1896046207973724061;S
20241017;100233;14180;2;1896046207973724062;S
20241017;100233;14178;2;1896046207973724063;S
20241017;100233;14178;5;1896046207973724064;S
20241017;100233;14177;5;1896046207973724065;S
20241017;100233;14177;1;1896046207973724066;S
20241017;100233;14176;5;1896046207973724067;S
20241017;100233;14175;5;1896046207973724068;S
20241017;100233;14174;5;1896046207973724069;S
20241017;100233;14174;3;1896046207973724070;S
20241017;100233;14174;2;1896046207973724071;S
20241017;100233;14173;5;1896046207973724072;S
20241017;100233;14173;10;1896046207973724073;S
20241017;100233;14172;5;1896046207973724074;S
20241017;100233;14172;2;1896046207973724075;S
20241017;100233;14171;5;1896046207973724076;S
20241017;100233;14170;5;1896046207973724077;S
20241017;100233;14169;5;1896046207973724078;S
20241017;100233;14168;3;1896046207973724079;S
20241017;100233;14168;5;1896046207973724080;B
20241017;100233;14168;506;1896046207973724081;B
20241017;100233;14186;6;1896046207973724082;B
20241017;100233;14186;2;1896046207973724083;B
20241017;100233;14186;5;1896046207973724084;S
20241017;100233;14186;5;1896046207973724085;S
20241017;100233;14186;5;1896046207973724086;S
20241017;100233;14186;5;1896046207973724087;S
20241017;100233;14186;2;1896046207973724088;S
20241017;100233;14182;8;1896046207973724089;B
20241017;100233;14183;12;1896046207973724090;B
20241017;100233;14180;2;1896046207973724091;B
20241017;100233;14180;2;1896046207973724092;B
20241017;100233;14181;3;1896046207973724093;B
20241017;100233;14182;5;1896046207973724094;B
20241017;100233;14183;2;1896046207973724095;B
20241017;100233;14183;1;1896046207973724096;B
20241017;100233;14173;2;1896046207973724097;S
20241017;100233;14173;1;1896046207973724098;S
20241017;100233;14182;2;1896046207973724099;B
20241017;100233;14182;2;1896046207973724100;B
20241017;100234;14182;3;1896046207973724101;B
20241017;100234;14183;4;1896046207973724102;B
20241017;100234;14183;2;1896046207973724103;B
20241017;100234;14183;1;1896046207973724104;B
20241017;100234;14183;5;1896046207973724105;B
20241017;100234;14183;2;1896046207973724106;B
20241017;100234;14184;2;1896046207973724107;B
20241017;100234;14184;1;1896046207973724108;B
20241017;100234;14183;5;1896046207973724109;B
20241017;100234;14184;4;1896046207973724110;B
20241017;100234;14184;1;1896046207973724111;B
20241017;100234;14183;2;1896046207973724112;B
20241017;100234;14184;8;1896046207973724113;B
20241017;100234;14183;5;1896046207973724114;B
20241017;100234;14183;2;1896046207973724115;B
20241017;100234;14184;3;1896046207973724116;B
20241017;100234;14183;2;1896046207973724117;B
20241017;100234;14183;5;1896046207973724118;B
20241017;100234;14184;3;1896046207973724119;B
20241017;100234;14182;2;1896046207973724120;B
20241017;100234;14184;8;1896046207973724121;B
20241017;100234;14184;10;1896046207973724122;B
20241017;100234;14184;10;1896046207973724123;B
20241017;100234;14186;1;1896046207973724124;B
20241017;100234;14187;1;1896046207973724125;B
20241017;100234;14187;1;1896046207973724126;B
20241017;100234;14186;2;1896046207973724127;S
20241017;100234;14187;1;1896046207973724128;B
20241017;100234;14187;2;1896046207973724129;B
20241017;100235;14187;1;1896046207973724130;B
20241017;100235;14186;2;1896046207973724131;S
20241017;100235;14186;8;1896046207973724132;S
20241017;100236;14179;2;1896046207973724133;S
20241017;100236;14179;2;1896046207973724134;S
20241017;100236;14179;5;1896046207973724135;S
20241017;100236;14178;2;1896046207973724136;S
20241017;100236;14178;5;1896046207973724137;S
20241017;100236;14178;5;1896046207973724138;S
20241017;100236;14178;8;1896046207973724139;S
20241017;100236;14177;5;1896046207973724140;S
20241017;100236;14177;36;1896046207973724141;S
20241017;100237;14175;2;1896046207973724142;S
20241017;100237;14175;18;1896046207973724143;S
20241017;100237;14181;2;1896046207973724144;B
20241017;100237;14181;1;1896046207973724145;B
20241017;100239;14179;1;1896046207973724146;S
20241017;100247;14180;1;1896046207973724147;B
20241017;100247;14179;1;1896046207973724148;S
20241017;100248;14179;1;1896046207973724149;S
20241017;100248;14179;2;1896046207973724150;S
20241017;100248;14179;2;1896046207973724151;S
20241017;100248;14179;1;1896046207973724152;S
20241017;100249;14180;2;1896046207973724153;B
20241017;100249;14181;1;1896046207973724154;B
20241017;100256;14180;1;1896046207973724156;S
20241017;100258;14181;2;1896046207973724157;B
20241017;100258;14181;1;1896046207973724158;B
20241017;100259;14185;1;1896046207973724159;B
20241017;100259;14186;1;1896046207973724160;B
20241017;100259;14186;35;1896046207973724161;B
20241017;100259;14187;3;1896046207973724162;B
20241017;100300;14186;3;1896046207973724163;S
20241017;100300;14186;1;1896046207973724164;S
20241017;100300;14183;1;1896046207973724165;S
20241017;100300;14183;1;1896046207973724166;S
20241017;100301;14181;1;1896046207973724168;S
20241017;100302;14181;8;1896046207973724169;S
20241017;100302;14182;1;1896046207973724170;S
20241017;100302;14182;1;1896046207973724171;S
20241017;100302;14181;7;1896046207973724172;S
20241017;100303;14182;1;1896046207973724173;S
20241017;100304;14183;1;1896046207973724174;B
20241017;100304;14183;2;1896046207973724175;B
20241017;100305;14183;2;1896046207973724176;S
20241017;100305;14183;4;1896046207973724177;S
20241017;100306;14183;26;1896046207973724178;S
20241017;100306;14183;2;1896046207973724179;S
20241017;100306;14183;2;1896046207973724180;S
20241017;100306;14183;1;1896046207973724181;S
20241017;100306;14182;1;1896046207973724182;S
20241017;100306;14182;2;1896046207973724183;S
20241017;100306;14181;15;1896046207973724184;S
20241017;100306;14181;1;1896046207973724185;S
20241017;100308;14183;2;1896046207973724186;S
20241017;100313;14184;1;1896046207973724187;B
20241017;100313;14184;4;1896046207973724188;B
20241017;100318;14185;3;1896046207973724189;B
20241017;100318;14185;2;1896046207973724190;B
20241017;100318;14186;3;1896046207973724191;B
20241017;100319;14185;5;1896046207973724192;B
20241017;100319;14185;5;1896046207973724193;B
20241017;100319;14185;5;1896046207973724194;B
20241017;100325;14185;1;1896046207973724197;B
20241017;100325;14185;1;1896046207973724202;B
20241017;100325;14185;2;1896046207973724207;B
20241017;100325;14185;1;1896046207973724212;B
20241017;100325;14185;1;1896046207973724217;B
20241017;100328;14185;5;1896046207973724221;B
20241017;100328;14186;5;1896046207973724222;B
20241017;100328;14186;1;1896046207973724223;B
20241017;100329;14186;20;1896046207973724224;S
20241017;100333;14186;10;1896046207973724225;S
20241017;100333;14186;20;1896046207973724226;S
20241017;100333;14186;39;1896046207973724227;S
20241017;100333;14186;2;1896046207973724228;S
20241017;100333;14185;4;1896046207973724229;S
20241017;100335;14185;1;1896046207973724230;S
20241017;100335;14184;18;1896046207973724231;S
20241017;100336;14184;7;1896046207973724232;S
20241017;100338;14183;5;1896046207973724233;S
20241017;100338;14183;21;1896046207973724234;S
20241017;100338;14183;4;1896046207973724235;S
20241017;100338;14180;2;1896046207973724236;S
20241017;100342;14180;28;1896046207973724237;S
20241017;100342;14180;5;1896046207973724238;S
20241017;100342;14178;1;1896046207973724239;S
20241017;100348;14177;1;1896046207973724241;B
20241017;100348;14179;2;1896046207973724242;B
20241017;100352;14176;6;1896046207973724243;B
20241017;100356;14186;2;1896046207973724244;S
20241017;100356;14187;1;1896046207973724245;B
20241017;100400;14186;1;1896046207973724246;S
20241017;100400;14186;1;1896046207973724247;S
20241017;100400;14186;1;1896046207973724248;S
20241017;100400;14186;2;1896046207973724249;S
20241017;100401;14186;5;1896046207973724250;S
20241017;100401;14186;1;1896046207973724251;S
20241017;100401;14186;2;1896046207973724252;S
20241017;100401;14186;2;1896046207973724253;B
20241017;100401;14185;3;1896046207973724254;S
20241017;100401;14185;6;1896046207973724255;S
20241017;100401;14186;2;1896046207973724256;S
20241017;100401;14186;5;1896046207973724257;S
20241017;100401;14186;2;1896046207973724258;S
20241017;100401;14186;3;1896046207973724259;S
20241017;100401;14185;6;1896046207973724260;S
20241017;100401;14187;1;1896046207973724261;B
20241017;100401;14188;2;1896046207973724262;B
20241017;100402;14188;5;1896046207973724263;B
20241017;100404;14188;1;1896046207973724264;S
20241017;100404;14186;3;1896046207973724265;S
20241017;100404;14186;2;1896046207973724266;S
20241017;100404;14186;1;1896046207973724267;S
20241017;100413;14187;1;1896046207973724268;B
20241017;100418;14183;1;1896046207973724269;B
20241017;100425;14183;5;1896046207973724270;S
20241017;100425;14183;5;1896046207973724271;S
20241017;100425;14182;25;1896046207973724272;S
20241017;100425;14182;75;1896046207973724273;S
20241017;100425;14180;2;1896046207973724274;S
20241017;100425;14179;1;1896046207973724275;S
20241017;100425;14178;1;1896046207973724276;S
20241017;100429;14176;2;1896046207973724277;S
20241017;100429;14176;11;1896046207973724278;S
20241017;100429;14176;2;1896046207973724279;S
20241017;100429;14176;30;1896046207973724280;S
20241017;100429;14174;2;1896046207973724281;S
20241017;100429;14173;30;1896046207973724282;S
20241017;100429;14171;2;1896046207973724283;S
20241017;100429;14170;1;1896046207973724284;S
20241017;100429;14170;1;1896046207973724285;S
20241017;100429;14169;2;1896046207973724286;S
20241017;100429;14168;1;1896046207973724287;S
20241017;100429;14168;15;1896046207973724288;S
20241017;100429;14168;5;1896046207973724289;S
20241017;100429;14168;2;1896046207973724290;S
20241017;100429;14168;5;1896046207973724291;S
20241017;100429;14168;5;1896046207973724292;S
20241017;100429;14167;1;1896046207973724293;S
20241017;100429;14167;24;1896046207973724294;S
20241017;100429;14167;1;1896046207973724295;S
20241017;100429;14167;5;1896046207973724296;S
20241017;100429;14166;1;1896046207973724297;S
20241017;100429;14166;2;1896046207973724298;S
20241017;100429;14172;1;1896046207973724299;S
20241017;100434;14172;2;1896046207973724300;S
20241017;100436;14172;1;1896046207973724301;S
20241017;100437;14170;1;1896046207973724302;B
20241017;100438;14170;1;1896046207973724303;B
20241017;100438;14170;9;1896046207973724304;B
20241017;100444;14172;1;1896046207973724305;S
20241017;100447;14172;1;1896046207973724306;S
20241017;100447;14172;1;1896046207973724307;S
20241017;100448;14177;2;1896046207973724308;S
20241017;100448;14177;2;1896046207973724309;S
20241017;100449;14177;1;1896046207973724310;S
20241017;100449;14177;2;1896046207973724311;S
20241017;100449;14177;4;1896046207973724312;S
20241017;100449;14176;3;1896046207973724313;S
20241017;100450;14177;2;1896046207973724314;S
20241017;100450;14176;8;1896046207973724315;S
20241017;100457;14177;6;1896046207973724321;S
20241017;100458;14177;24;1896046207973724323;S
20241017;100458;14177;2;1896046207973724324;S
20241017;100458;14177;15;1896046207973724325;S
20241017;100458;14177;2;1896046207973724326;S
20241017;100458;14176;2;1896046207973724327;S
20241017;100500;14178;2;1896046207973724328;B
20241017;100500;14178;2;1896046207973724329;B
20241017;100501;14178;31;1896046207973724330;S
20241017;100502;14177;1;1896046207973724332;S
20241017;100502;14177;1;1896046207973724337;S
20241017;100502;14177;2;1896046207973724342;S
20241017;100502;14177;2;1896046207973724347;S
20241017;100502;14177;2;1896046207973724352;S
20241017;100502;14177;25;1896046207973724356;S
20241017;100502;14176;15;1896046207973724357;S
20241017;100502;14175;8;1896046207973724358;S
20241017;100502;14176;2;1896046207973724359;B
20241017;100502;14176;2;1896046207973724360;B
20241017;100502;14176;8;1896046207973724361;S
20241017;100505;14176;6;1896046207973724362;S
20241017;100516;14176;5;1896046207973724364;S
20241017;100516;14176;15;1896046207973724365;S
20241017;100517;14176;6;1896046207973724366;S
20241017;100518;14176;2;1896046207973724369;S
20241017;100518;14176;11;1896046207973724370;S
20241017;100518;14175;25;1896046207973724371;S
20241017;100520;14170;2;1896046207973724372;S
20241017;100520;14170;11;1896046207973724373;S
20241017;100520;14170;2;1896046207973724374;S
20241017;100520;14169;5;1896046207973724375;S
20241017;100520;14169;10;1896046207973724376;S
20241017;100526;14171;1;1896046207973724381;S
20241017;100527;14171;11;1896046207973724382;S
20241017;100527;14171;1;1896046207973724383;S
20241017;100534;14170;30;1896046207973724384;S
20241017;100536;14169;30;1896046207973724385;S
20241017;100537;14169;1;1896046207973724386;B
20241017;100537;14168;30;1896046207973724387;S
20241017;100538;14167;30;1896046207973724388;S
20241017;100538;14166;5;1896046207973724389;S
20241017;100538;14166;11;1896046207973724390;S
20241017;100538;14165;4;1896046207973724391;S
20241017;100538;14167;3;1896046207973724392;B
20241017;100538;14167;1;1896046207973724393;B
20241017;100539;14167;4;1896046207973724394;B
20241017;100539;14167;2;1896046207973724395;B
20241017;100539;14167;2;1896046207973724396;B
20241017;100539;14167;2;1896046207973724397;B
20241017;100540;14166;1;1896046207973724398;S
20241017;100541;14166;29;1896046207973724399;S
20241017;100541;14165;6;1896046207973724400;S
20241017;100541;14165;30;1896046207973724401;S
20241017;100541;14164;35;1896046207973724402;S
20241017;100541;14163;2;1896046207973724403;S
20241017;100541;14162;10;1896046207973724404;S
20241017;100541;14162;1;1896046207973724405;S
20241017;100541;14161;145;1896046207973724406;S
20241017;100541;14160;10;1896046207973724407;S
20241017;100541;14160;10;1896046207973724408;S
20241017;100541;14160;2;1896046207973724409;S
20241017;100541;14159;1;1896046207973724410;S
20241017;100542;14158;30;1896046207973724411;S
20241017;100543;14157;19;1896046207973724412;S
20241017;100544;14155;1;1896046207973724413;S
20241017;100544;14155;1;1896046207973724414;S
20241017;100544;14155;10;1896046207973724415;S
20241017;100544;14154;1;1896046207973724416;S
20241017;100544;14154;2;1896046207973724417;S
20241017;100544;14153;1;1896046207973724418;S
20241017;100544;14153;2;1896046207973724419;S
20241017;100544;14153;5;1896046207973724420;S
20241017;100544;14153;5;1896046207973724421;S
20241017;100544;14153;5;1896046207973724422;S
20241017;100544;14153;25;1896046207973724423;S
20241017;100544;14153;1;1896046207973724424;S
20241017;100545;14153;1;1896046207973724425;S
20241017;100545;14153;30;1896046207973724426;S
20241017;100545;14153;2;1896046207973724427;S
20241017;100547;14153;30;1896046207973724428;S
20241017;100548;14152;127;1896046207973724429;S
20241017;100548;14152;30;1896046207973724430;S
20241017;100548;14152;5;1896046207973724431;S
20241017;100548;14152;25;1896046207973724432;S
20241017;100548;14151;1;1896046207973724433;S
20241017;100548;14151;2;1896046207973724434;S
20241017;100549;14151;1;1896046207973724435;S
20241017;100549;14151;29;1896046207973724436;S
20241017;100549;14151;30;1896046207973724437;S
20241017;100549;14151;30;1896046207973724438;S
20241017;100549;14151;30;1896046207973724439;S
20241017;100549;14151;30;1896046207973724440;S
20241017;100549;14151;30;1896046207973724441;S
20241017;100549;14151;6;1896046207973724442;S
20241017;100549;14150;1;1896046207973724443;S
20241017;100549;14150;1;1896046207973724444;S
20241017;100549;14150;1;1896046207973724445;S
20241017;100549;14150;10;1896046207973724446;S
20241017;100549;14150;1;1896046207973724447;S
20241017;100549;14149;1;1896046207973724448;S
20241017;100549;14152;1;1896046207973724449;B
20241017;100550;14152;1;1896046207973724450;B
20241017;100550;14152;5;1896046207973724451;B
20241017;100550;14149;15;1896046207973724452;S
20241017;100551;14149;4;1896046207973724453;S
20241017;100552;14148;1;1896046207973724454;S
20241017;100553;14147;10;1896046207973724455;S
20241017;100554;14147;10;1896046207973724456;S
20241017;100554;14147;10;1896046207973724457;S
20241017;100554;14146;1;1896046207973724458;S
20241017;100554;14146;10;1896046207973724459;S
20241017;100554;14145;10;1896046207973724460;S
20241017;100554;14144;1;1896046207973724461;S
20241017;100554;14144;11;1896046207973724462;S
20241017;100554;14143;2;1896046207973724463;S
20241017;100554;14142;2;1896046207973724464;S
20241017;100554;14141;1;1896046207973724465;S
20241017;100554;14141;1;1896046207973724466;S
20241017;100554;14141;1;1896046207973724467;S
20241017;100555;14141;20;1896046207973724468;S
20241017;100557;14141;3;1896046207973724469;S
20241017;100557;14141;7;1896046207973724470;S
20241017;100557;14140;1;1896046207973724471;S
20241017;100557;14140;2;1896046207973724472;S
20241017;100558;14140;1;1896046207973724473;S
20241017;100558;14140;1;1896046207973724474;S
20241017;100558;14140;3;1896046207973724475;S
20241017;100559;14140;5;1896046207973724476;S
20241017;100559;14140;5;1896046207973724477;S
20241017;100559;14140;10;1896046207973724478;S
20241017;100559;14140;10;1896046207973724479;S
20241017;100559;14140;5;1896046207973724480;S
20241017;100559;14138;1;1896046207973724481;S
20241017;100600;14138;1;1896046207973724482;S
20241017;100600;14138;30;1896046207973724483;S
20241017;100600;14137;5;1896046207973724484;S
20241017;100600;14137;2;1896046207973724485;S
20241017;100600;14136;1;1896046207973724486;S
20241017;100600;14135;1;1896046207973724487;S
20241017;100600;14135;2;1896046207973724488;S
20241017;100600;14136;1;1896046207973724489;B
20241017;100600;14136;1;1896046207973724490;B
20241017;100601;14135;2;1896046207973724491;S
20241017;100601;14135;8;1896046207973724492;S
20241017;100601;14135;1;1896046207973724493;S
20241017;100601;14135;1;1896046207973724494;S
20241017;100601;14135;30;1896046207973724495;S
20241017;100601;14134;1;1896046207973724496;S
20241017;100601;14133;7;1896046207973724497;S
20241017;100601;14131;1;1896046207973724498;S
20241017;100602;14131;1;1896046207973724499;S
20241017;100602;14131;7;1896046207973724500;S
20241017;100602;14131;1;1896046207973724501;S
20241017;100602;14131;1;1896046207973724502;S
20241017;100602;14131;1;1896046207973724503;S
20241017;100603;14131;20;1896046207973724504;S
20241017;100603;14130;30;1896046207973724505;S
20241017;100603;14131;2;1896046207973724506;B
20241017;100604;14131;1;1896046207973724507;S
20241017;100604;14131;50;1896046207973724508;S
20241017;100606;14131;5;1896046207973724509;S
20241017;100606;14131;1;1896046207973724510;S
20241017;100607;14130;1;1896046207973724511;S
20241017;100607;14130;14;1896046207973724512;S
20241017;100607;14130;1;1896046207973724513;S
20241017;100607;14130;10;1896046207973724514;S
20241017;100607;14129;11;1896046207973724515;S
20241017;100607;14128;2;1896046207973724516;S
20241017;100607;14128;5;1896046207973724517;B
20241017;100607;14128;7;1896046207973724518;B
20241017;100608;14130;1;1896046207973724519;S
20241017;100609;14131;1;1896046207973724520;B
20241017;100609;14131;19;1896046207973724521;B
20241017;100609;14131;1;1896046207973724522;B
20241017;100609;14132;1;1896046207973724523;B
20241017;100609;14132;1;1896046207973724524;B
20241017;100609;14132;1;1896046207973724525;B
20241017;100609;14132;1;1896046207973724526;B
20241017;100609;14134;2;1896046207973724527;S
20241017;100609;14133;1;1896046207973724528;S
20241017;100609;14135;4;1896046207973724529;B
20241017;100609;14135;1;1896046207973724530;S
20241017;100610;14136;5;1896046207973724531;B
20241017;100610;14137;2;1896046207973724532;B
20241017;100610;14137;5;1896046207973724533;B
20241017;100610;14138;5;1896046207973724534;B
20241017;100610;14139;5;1896046207973724535;B
20241017;100610;14139;8;1896046207973724536;B
20241017;100610;14132;2;1896046207973724537;S
20241017;100610;14132;2;1896046207973724538;S
20241017;100610;14132;36;1896046207973724539;S
20241017;100610;14132;10;1896046207973724540;S
20241017;100610;14138;4;1896046207973724541;B
20241017;100610;14134;2;1896046207973724542;S
20241017;100611;14136;2;1896046207973724543;B
20241017;100611;14137;2;1896046207973724544;B
20241017;100611;14134;2;1896046207973724545;S
20241017;100611;14134;5;1896046207973724546;S
20241017;100611;14133;23;1896046207973724547;S
20241017;100611;14133;2;1896046207973724548;S
20241017;100611;14132;15;1896046207973724549;S
20241017;100611;14132;2;1896046207973724550;S
20241017;100611;14132;1;1896046207973724551;S
20241017;100611;14133;2;1896046207973724552;S
20241017;100611;14133;12;1896046207973724553;S
20241017;100611;14133;15;1896046207973724554;S
20241017;100611;14133;1;1896046207973724555;S
20241017;100611;14132;2;1896046207973724556;S
20241017;100611;14132;12;1896046207973724557;S
20241017;100614;14135;1;1896046207973724558;S
20241017;100615;14139;2;1896046207973724559;B
20241017;100615;14139;5;1896046207973724560;B
20241017;100616;14140;5;1896046207973724561;B
20241017;100616;14140;2;1896046207973724562;B
20241017;100616;14140;2;1896046207973724563;B
20241017;100616;14140;2;1896046207973724564;B
20241017;100616;14141;5;1896046207973724565;B
20241017;100616;14141;1;1896046207973724566;B
20241017;100616;14142;5;1896046207973724567;B
20241017;100616;14143;5;1896046207973724568;B
20241017;100616;14144;5;1896046207973724569;B
20241017;100616;14144;2;1896046207973724570;B
20241017;100616;14145;2;1896046207973724571;B
20241017;100616;14145;5;1896046207973724572;B
20241017;100616;14145;2;1896046207973724573;B
20241017;100616;14146;5;1896046207973724574;B
20241017;100616;14146;1;1896046207973724575;B
20241017;100616;14146;2;1896046207973724576;B
20241017;100616;14147;2;1896046207973724577;B
20241017;100616;14147;2;1896046207973724578;B
20241017;100618;14143;1;1896046207973724580;B
20241017;100619;14143;1;1896046207973724581;B
20241017;100623;14143;1;1896046207973724582;B
20241017;100626;14143;17;1896046207973724583;B
20241017;100627;14147;1;1896046207973724584;S
20241017;100627;14149;5;1896046207973724585;B
20241017;100627;14150;5;1896046207973724586;B
20241017;100627;14149;5;1896046207973724587;B
20241017;100627;14150;5;1896046207973724588;B
20241017;100627;14149;5;1896046207973724589;B
20241017;100627;14150;5;1896046207973724590;B
20241017;100627;14149;5;1896046207973724591;B
20241017;100627;14150;1;1896046207973724592;B
20241017;100627;14150;4;1896046207973724593;B
20241017;100627;14150;1;1896046207973724594;B
20241017;100627;14150;1;1896046207973724595;B
20241017;100627;14150;2;1896046207973724596;B
20241017;100627;14150;2;1896046207973724597;B
20241017;100627;14151;1;1896046207973724598;B
20241017;100627;14151;3;1896046207973724599;B
20241017;100627;14153;5;1896046207973724600;B
20241017;100627;14154;5;1896046207973724601;B
20241017;100627;14153;2;1896046207973724602;B
20241017;100627;14153;5;1896046207973724603;B
20241017;100627;14153;3;1896046207973724604;B
20241017;100628;14153;1;1896046207973724605;B
20241017;100629;14153;1;1896046207973724606;B
20241017;100629;14153;1;1896046207973724607;B
20241017;100630;14150;1;1896046207973724608;S
20241017;100630;14154;2;1896046207973724609;B
20241017;100631;14151;2;1896046207973724610;S
20241017;100632;14152;1;1896046207973724611;S
20241017;100632;14154;2;1896046207973724612;B
20241017;100636;14155;5;1896046207973724613;B
20241017;100637;14155;1;1896046207973724614;B
20241017;100643;14155;1;1896046207973724615;B
20241017;100643;14154;1;1896046207973724616;S
20241017;100643;14154;7;1896046207973724617;S
20241017;100646;14153;2;1896046207973724619;B
20241017;100648;14152;1;1896046207973724620;S
20241017;100648;14152;1;1896046207973724621;S
20241017;100649;14151;1;1896046207973724623;S
20241017;100650;14151;2;1896046207973724624;S
20241017;100650;14151;2;1896046207973724625;S
20241017;100650;14150;1;1896046207973724626;S
20241017;100654;14149;1;1896046207973724627;S
20241017;100654;14148;1;1896046207973724628;S
20241017;100654;14147;5;1896046207973724629;S
20241017;100654;14146;2;1896046207973724630;S
20241017;100654;14145;5;1896046207973724631;S
20241017;100654;14145;2;1896046207973724632;S
20241017;100654;14145;2;1896046207973724633;S
20241017;100654;14144;57;1896046207973724634;S
20241017;100655;14150;2;1896046207973724635;B
20241017;100655;14150;4;1896046207973724636;B
20241017;100700;14145;2;1896046207973724637;B
20241017;100700;14145;2;1896046207973724638;B
20241017;100700;14145;1;1896046207973724639;B
20241017;100700;14142;1;1896046207973724640;S
20241017;100700;14140;2;1896046207973724641;S
20241017;100700;14139;5;1896046207973724642;S
20241017;100700;14139;6;1896046207973724643;S
20241017;100700;14139;3;1896046207973724644;S
20241017;100700;14139;1;1896046207973724645;S
20241017;100704;14139;12;1896046207973724646;S
20241017;100704;14139;1;1896046207973724647;S
20241017;100704;14138;1;1896046207973724648;S
20241017;100704;14138;2;1896046207973724649;S
20241017;100704;14137;30;1896046207973724650;S
20241017;100704;14137;5;1896046207973724651;S
20241017;100704;14136;5;1896046207973724652;S
20241017;100704;14136;2;1896046207973724653;S
20241017;100704;14135;5;1896046207973724654;S
20241017;100704;14135;4;1896046207973724655;S
20241017;100704;14135;4;1896046207973724656;S
20241017;100704;14135;2;1896046207973724657;S
20241017;100704;14134;5;1896046207973724658;S
20241017;100704;14134;28;1896046207973724659;S
20241017;100704;14141;2;1896046207973724660;B
20241017;100704;14142;3;1896046207973724661;B
20241017;100709;14140;9;1896046207973724662;B
20241017;100714;14144;2;1896046207973724664;B
20241017;100715;14146;2;1896046207973724665;B
20241017;100716;14145;1;1896046207973724666;S
20241017;100717;14148;1;1896046207973724667;B
20241017;100719;14148;1;1896046207973724668;B
20241017;100719;14149;2;1896046207973724669;B
20241017;100719;14149;1;1896046207973724670;B
20241017;100719;14149;21;1896046207973724671;B
20241017;100719;14149;2;1896046207973724672;B
20241017;100719;14150;1;1896046207973724673;B
20241017;100719;14150;1;1896046207973724674;B
20241017;100722;14151;1;1896046207973724675;S
20241017;100724;14153;5;1896046207973724676;B
20241017;100726;14153;19;1896046207973724677;S
20241017;100727;14153;5;1896046207973724678;S
20241017;100728;14154;1;1896046207973724679;B
20241017;100728;14154;5;1896046207973724680;B
20241017;100728;14154;5;1896046207973724681;B
20241017;100730;14154;10;1896046207973724682;S
20241017;100730;14154;5;1896046207973724683;S
20241017;100731;14155;1;1896046207973724684;S
20241017;100732;14156;5;1896046207973724685;B
20241017;100732;14156;2;1896046207973724686;B
20241017;100736;14156;1;1896046207973724687;B
20241017;100738;14156;4;1896046207973724688;B
20241017;100738;14157;4;1896046207973724689;B
20241017;100741;14159;2;1896046207973724691;B
20241017;100742;14160;2;1896046207973724692;B
20241017;100744;14160;6;1896046207973724693;B
20241017;100746;14160;5;1896046207973724694;B
20241017;100746;14160;15;1896046207973724695;B
20241017;100747;14160;2;1896046207973724696;B
20241017;100747;14160;2;1896046207973724698;B
20241017;100750;14160;18;1896046207973724699;B
20241017;100750;14160;3;1896046207973724700;B
20241017;100750;14160;5;1896046207973724701;B
20241017;100750;14160;6;1896046207973724702;B
20241017;100750;14160;29;1896046207973724703;B
20241017;100750;14161;2;1896046207973724704;B
20241017;100750;14162;1;1896046207973724705;B
20241017;100801;14164;1;1896046207973724706;S
20241017;100802;14164;8;1896046207973724707;S
20241017;100802;14164;6;1896046207973724708;S
20241017;100802;14164;2;1896046207973724709;S
20241017;100804;14163;5;1896046207973724711;S
20241017;100806;14163;1;1896046207973724712;S
20241017;100806;14164;1;1896046207973724713;B
20241017;100810;14164;3;1896046207973724714;S
20241017;100810;14163;24;1896046207973724715;S
20241017;100810;14162;6;1896046207973724716;S
20241017;100810;14162;19;1896046207973724717;S
20241017;100810;14162;6;1896046207973724718;S
20241017;100810;14162;35;1896046207973724719;S
20241017;100812;14162;2;1896046207973724720;B
20241017;100819;14162;2;1896046207973724722;B
20241017;100819;14162;2;1896046207973724723;B
20241017;100825;14163;2;1896046207973724724;B
20241017;100825;14163;1;1896046207973724725;B
20241017;100850;14165;1;1896046207973724727;B
20241017;100850;14165;1;1896046207973724728;S
20241017;100856;14166;1;1896046207973724729;B
20241017;100856;14166;1;1896046207973724730;B
20241017;100900;14166;8;1896046207973724731;B
20241017;100900;14167;2;1896046207973724732;B
20241017;100900;14167;1;1896046207973724733;B
20241017;100900;14168;84;1896046207973724734;B
20241017;100900;14168;16;1896046207973724735;B
20241017;100900;14169;4;1896046207973724736;B
20241017;100900;14169;5;1896046207973724737;B
20241017;100900;14170;3;1896046207973724738;B
20241017;100900;14170;7;1896046207973724739;B
20241017;100900;14170;20;1896046207973724740;B
20241017;100900;14170;15;1896046207973724741;B
20241017;100900;14170;15;1896046207973724742;B
20241017;100900;14170;15;1896046207973724743;B
20241017;100900;14170;17;1896046207973724744;B
20241017;100900;14170;15;1896046207973724745;B
20241017;100900;14170;15;1896046207973724746;B
20241017;100900;14170;15;1896046207973724747;B
20241017;100900;14170;15;1896046207973724748;B
20241017;100900;14170;15;1896046207973724749;B
20241017;100900;14170;15;1896046207973724750;B
20241017;100900;14170;15;1896046207973724751;B
20241017;100900;14170;15;1896046207973724752;B
20241017;100900;14170;15;1896046207973724753;B
20241017;100900;14170;15;1896046207973724754;B
20241017;100900;14170;15;1896046207973724755;B
20241017;100900;14169;2;1896046207973724756;S
20241017;100900;14169;15;1896046207973724757;S
20241017;100900;14170;15;1896046207973724758;B
20241017;100900;14170;15;1896046207973724759;B
20241017;100900;14170;15;1896046207973724760;B
20241017;100900;14170;1;1896046207973724761;B
20241017;100900;14170;1;1896046207973724762;B
20241017;100900;14171;10;1896046207973724763;B
20241017;100901;14175;1;1896046207973724764;B
20241017;100901;14173;2;1896046207973724765;S
20241017;100901;14172;2;1896046207973724766;S
20241017;100901;14171;2;1896046207973724767;S
20241017;100901;14171;5;1896046207973724768;S
20241017;100901;14171;9;1896046207973724769;S
20241017;100901;14171;1;1896046207973724770;S
20241017;100901;14171;1;1896046207973724771;S
20241017;100902;14174;1;1896046207973724772;B
20241017;100902;14173;2;1896046207973724773;S
20241017;100902;14173;6;1896046207973724774;S
20241017;100902;14173;9;1896046207973724775;S
20241017;100902;14175;2;1896046207973724776;B
20241017;100902;14176;1;1896046207973724777;B
20241017;100903;14179;2;1896046207973724778;B
20241017;100903;14179;2;1896046207973724779;B
20241017;100903;14180;6;1896046207973724780;B
20241017;100904;14180;4;1896046207973724781;B
20241017;100904;14181;1;1896046207973724782;B
20241017;100905;14179;2;1896046207973724783;S
20241017;100905;14179;2;1896046207973724784;S
20241017;100905;14179;2;1896046207973724785;S
20241017;100905;14178;2;1896046207973724786;S
20241017;100905;14178;8;1896046207973724787;S
20241017;100906;14181;5;1896046207973724788;B
20241017;100907;14182;6;1896046207973724789;B
20241017;100907;14182;2;1896046207973724790;B
20241017;100907;14182;2;1896046207973724791;B
20241017;100907;14182;1;1896046207973724792;B
20241017;100908;14185;1;1896046207973724793;B
20241017;100911;14187;1;1896046207973724794;B
20241017;100913;14187;2;1896046207973724795;B
20241017;100913;14187;2;1896046207973724796;B
20241017;100913;14188;2;1896046207973724797;B
20241017;100913;14189;1;1896046207973724798;B
20241017;100913;14189;1;1896046207973724799;B
20241017;100913;14189;2;1896046207973724800;B
20241017;100913;14190;1;1896046207973724801;B
20241017;100913;14190;3;1896046207973724802;B
20241017;100913;14190;10;1896046207973724803;B
20241017;100913;14190;2;1896046207973724804;B
20241017;100913;14190;1;1896046207973724805;B
20241017;100913;14191;2;1896046207973724806;B
20241017;100913;14191;2;1896046207973724807;S
20241017;100913;14191;2;1896046207973724808;S
20241017;100913;14192;1;1896046207973724809;B
20241017;100914;14192;1;1896046207973724810;B
20241017;100918;14191;5;1896046207973724811;S
20241017;100922;14192;5;1896046207973724812;B
20241017;100922;14192;13;1896046207973724813;B
20241017;100922;14192;1;1896046207973724814;B
20241017;100924;14193;5;1896046207973724815;S
20241017;100924;14193;4;1896046207973724816;S
20241017;100924;14193;1;1896046207973724817;S
20241017;100924;14193;12;1896046207973724818;S
20241017;100924;14193;6;1896046207973724819;S
20241017;100924;14192;9;1896046207973724820;S
20241017;100924;14192;15;1896046207973724821;S
20241017;100924;14191;12;1896046207973724822;S
20241017;100924;14189;1;1896046207973724823;S
20241017;100924;14186;1;1896046207973724824;S
20241017;100924;14180;2;1896046207973724825;S
20241017;100924;14182;2;1896046207973724826;B
20241017;100924;14179;2;1896046207973724827;S
20241017;100924;14179;2;1896046207973724828;S
20241017;100924;14178;14;1896046207973724829;S
20241017;100924;14178;11;1896046207973724830;S
20241017;100926;14177;5;1896046207973724831;B
20241017;100926;14177;2;1896046207973724832;B
20241017;100926;14178;3;1896046207973724833;B
20241017;100927;14179;2;1896046207973724834;B
20241017;100927;14180;2;1896046207973724835;B
20241017;100927;14179;2;1896046207973724836;B
20241017;100927;14180;3;1896046207973724837;B
20241017;100927;14180;2;1896046207973724838;B
20241017;100927;14180;1;1896046207973724839;B
20241017;100928;14177;2;1896046207973724840;B
20241017;100928;14178;2;1896046207973724841;B
20241017;100928;14178;1;1896046207973724842;B
20241017;100929;14175;2;1896046207973724843;B
20241017;100931;14171;2;1896046207973724844;S
20241017;100931;14171;2;1896046207973724845;S
20241017;100932;14171;2;1896046207973724846;S
20241017;100932;14170;2;1896046207973724847;S
20241017;100932;14175;2;1896046207973724848;B
20241017;100932;14175;2;1896046207973724849;B
20241017;100932;14169;2;1896046207973724850;S
20241017;100933;14169;2;1896046207973724851;S
20241017;100933;14169;1;1896046207973724852;S
20241017;100933;14169;1;1896046207973724853;S
20241017;100933;14170;2;1896046207973724854;S
20241017;100936;14171;1;1896046207973724855;S
20241017;100936;14172;7;1896046207973724856;B
20241017;100937;14173;1;1896046207973724857;B
20241017;100938;14172;1;1896046207973724858;B
20241017;100943;14170;1;1896046207973724859;S
20241017;100944;14173;2;1896046207973724860;B
20241017;100944;14174;4;1896046207973724861;B
20241017;100949;14171;1;1896046207973724862;B
20241017;100949;14171;1;1896046207973724863;B
20241017;100950;14172;2;1896046207973724864;S
20241017;100950;14171;5;1896046207973724865;S
20241017;100950;14171;3;1896046207973724866;S
20241017;100950;14172;1;1896046207973724867;S
20241017;100954;14172;1;1896046207973724868;B
20241017;100954;14172;5;1896046207973724869;B
20241017;100954;14174;1;1896046207973724870;B
20241017;100954;14174;2;1896046207973724871;B
20241017;100954;14177;2;1896046207973724872;B
20241017;100954;14179;80;1896046207973724873;B
20241017;100954;14180;5;1896046207973724874;B
20241017;100954;14181;4;1896046207973724875;B
20241017;100956;14178;2;1896046207973724876;B
20241017;100956;14184;25;1896046207973724877;B
20241017;100957;14186;1;1896046207973724878;S
20241017;101000;14187;1;1896046207973724879;B
20241017;101001;14186;9;1896046207973724880;S
20241017;101001;14186;8;1896046207973724881;S
20241017;101002;14187;1;1896046207973724882;B
20241017;101002;14187;1;1896046207973724883;B
20241017;101002;14186;16;1896046207973724884;S
20241017;101002;14186;9;1896046207973724885;S
20241017;101002;14184;33;1896046207973724886;S
20241017;101002;14184;1;1896046207973724887;S
20241017;101002;14184;3;1896046207973724888;S
20241017;101003;14182;2;1896046207973724889;B
20241017;101003;14182;5;1896046207973724890;B
20241017;101003;14183;1;1896046207973724891;B
20241017;101003;14183;5;1896046207973724892;B
20241017;101003;14184;5;1896046207973724893;B
20241017;101003;14184;2;1896046207973724894;B
20241017;101003;14184;5;1896046207973724895;B
20241017;101003;14181;1;1896046207973724896;S
20241017;101004;14182;1;1896046207973724897;B
20241017;101005;14180;1;1896046207973724898;S
20241017;101005;14179;1;1896046207973724899;S
20241017;101005;14178;2;1896046207973724900;S
20241017;101005;14177;2;1896046207973724901;S
20241017;101005;14175;2;1896046207973724902;S
20241017;101011;14178;1;1896046207973724903;S
20241017;101011;14177;3;1896046207973724904;S
20241017;101011;14177;1;1896046207973724905;S
20241017;101011;14175;2;1896046207973724906;S
20241017;101011;14174;1;1896046207973724907;S
20241017;101011;14174;1;1896046207973724908;S
20241017;101011;14175;1;1896046207973724909;S
20241017;101011;14175;1;1896046207973724910;S
20241017;101011;14174;2;1896046207973724911;S
20241017;101011;14174;16;1896046207973724912;S
20241017;101011;14172;1;1896046207973724913;S
20241017;101011;14174;2;1896046207973724914;S
20241017;101012;14178;2;1896046207973724915;B
20241017;101012;14179;2;1896046207973724916;B
20241017;101012;14179;8;1896046207973724917;B
20241017;101012;14179;1;1896046207973724918;B
20241017;101012;14179;1;1896046207973724919;B
20241017;101012;14179;1;1896046207973724920;B
20241017;101012;14180;2;1896046207973724921;B
20241017;101012;14180;2;1896046207973724922;B
20241017;101012;14181;5;1896046207973724923;B
20241017;101014;14181;76;1896046207973724925;S
20241017;101018;14179;1;1896046207973724926;B
20241017;101023;14178;2;1896046207973724927;B
20241017;101024;14179;1;1896046207973724928;B
20241017;101027;14178;4;1896046207973724929;S
20241017;101027;14178;5;1896046207973724930;S
20241017;101027;14178;1;1896046207973724931;S
20241017;101027;14178;4;1896046207973724932;S
20241017;101027;14178;2;1896046207973724933;S
20241017;101027;14178;4;1896046207973724934;S
20241017;101028;14179;8;1896046207973724935;B
20241017;101030;14179;19;1896046207973724936;B
20241017;101030;14179;4;1896046207973724937;B
20241017;101030;14179;1;1896046207973724938;B
20241017;101030;14179;3;1896046207973724939;B
20241017;101030;14179;1;1896046207973724940;B
20241017;101030;14179;17;1896046207973724941;B
20241017;101030;14179;2;1896046207973724942;B
20241017;101030;14187;5;1896046207973724943;B
20241017;101030;14187;5;1896046207973724944;B
20241017;101030;14187;5;1896046207973724945;B
20241017;101030;14187;4;1896046207973724946;B
20241017;101030;14186;1;1896046207973724947;B
20241017;101031;14186;5;1896046207973724948;B
20241017;101031;14186;5;1896046207973724949;B
20241017;101032;14185;1;1896046207973724950;S
20241017;101032;14186;5;1896046207973724951;B
20241017;101032;14186;5;1896046207973724952;B
20241017;101033;14185;1;1896046207973724953;S
20241017;101033;14185;1;1896046207973724954;S
20241017;101033;14185;1;1896046207973724955;S
20241017;101033;14185;1;1896046207973724956;S
20241017;101033;14186;5;1896046207973724957;B
20241017;101033;14187;1;1896046207973724958;B
20241017;101033;14187;7;1896046207973724959;B
20241017;101033;14187;3;1896046207973724960;B
20241017;101033;14187;7;1896046207973724961;B
20241017;101033;14187;2;1896046207973724962;B
20241017;101033;14186;5;1896046207973724963;S
20241017;101033;14187;6;1896046207973724964;B
20241017;101033;14187;1;1896046207973724965;B
20241017;101033;14187;1;1896046207973724966;B
20241017;101033;14187;4;1896046207973724967;B
20241017;101033;14187;1;1896046207973724968;B
20241017;101033;14187;2;1896046207973724969;B
20241017;101033;14187;15;1896046207973724970;B
20241017;101033;14187;3;1896046207973724971;B
20241017;101033;14187;2;1896046207973724972;B
20241017;101033;14188;36;1896046207973724973;B
20241017;101033;14188;18;1896046207973724974;B
20241017;101033;14188;2;1896046207973724975;B
20241017;101034;14187;2;1896046207973724976;S
20241017;101034;14188;8;1896046207973724977;B
20241017;101034;14187;2;1896046207973724978;S
20241017;101036;14188;7;1896046207973724979;B
20241017;101037;14188;19;1896046207973724980;B
20241017;101038;14187;2;1896046207973724981;S
20241017;101038;14188;3;1896046207973724982;B
20241017;101038;14188;1;1896046207973724983;B
20241017;101039;14188;22;1896046207973724984;B
20241017;101039;14187;7;1896046207973724985;S
20241017;101040;14188;7;1896046207973724986;B
20241017;101042;14184;2;1896046207973724987;S
20241017;101043;14186;30;1896046207973724988;S
20241017;101043;14185;6;1896046207973724989;S
20241017;101043;14183;2;1896046207973724990;S
20241017;101043;14182;2;1896046207973724991;S
20241017;101043;14182;4;1896046207973724992;S
20241017;101043;14181;5;1896046207973724993;S
20241017;101043;14181;1;1896046207973724994;S
20241017;101048;14182;1;1896046207973724995;B
20241017;101051;14181;4;1896046207973724996;S
20241017;101051;14181;1;1896046207973724997;S
20241017;101051;14181;1;1896046207973724998;S
20241017;101051;14181;3;1896046207973724999;S
20241017;101051;14181;17;1896046207973725000;S
20241017;101051;14181;2;1896046207973725001;S
20241017;101052;14181;5;1896046207973725002;S
20241017;101057;14181;2;1896046207973725003;S
20241017;101057;14181;1;1896046207973725004;S
20241017;101057;14181;1;1896046207973725005;S
20241017;101100;14181;9;1896046207973725006;S
20241017;101100;14181;4;1896046207973725007;S
20241017;101101;14179;3;1896046207973725008;S
20241017;101101;14179;8;1896046207973725009;S
20241017;101101;14179;7;1896046207973725010;S
20241017;101101;14178;1;1896046207973725011;S
20241017;101101;14178;1;1896046207973725012;S
20241017;101101;14178;1;1896046207973725013;S
20241017;101101;14178;4;1896046207973725014;S
20241017;101101;14177;7;1896046207973725015;S
20241017;101101;14177;10;1896046207973725016;S
20241017;101101;14177;1;1896046207973725017;S
20241017;101102;14177;7;1896046207973725018;S
20241017;101102;14176;1;1896046207973725019;S
20241017;101102;14176;8;1896046207973725020;S
20241017;101102;14176;3;1896046207973725021;S
20241017;101102;14176;30;1896046207973725022;S
20241017;101102;14175;10;1896046207973725023;S
20241017;101102;14175;4;1896046207973725024;S
20241017;101104;14175;11;1896046207973725025;S
20241017;101104;14175;30;1896046207973725026;S
20241017;101104;14175;4;1896046207973725027;S
20241017;101107;14171;1;1896046207973725028;B
20241017;101108;14168;5;1896046207973725029;S
20241017;101108;14167;5;1896046207973725030;S
20241017;101108;14167;13;1896046207973725031;S
20241017;101108;14166;5;1896046207973725032;S
20241017;101108;14166;2;1896046207973725033;S
20241017;101108;14167;5;1896046207973725034;S
20241017;101108;14166;1;1896046207973725035;S
20241017;101111;14167;4;1896046207973725036;S
20241017;101111;14167;1;1896046207973725037;S
20241017;101111;14168;1;1896046207973725038;S
20241017;101111;14168;1;1896046207973725039;S
20241017;101111;14168;1;1896046207973725040;S
20241017;101111;14167;1;1896046207973725041;S
20241017;101111;14167;1;1896046207973725042;S
20241017;101111;14167;1;1896046207973725043;S
20241017;101111;14167;5;1896046207973725044;S
20241017;101111;14166;8;1896046207973725045;S
20241017;101111;14166;2;1896046207973725046;S
20241017;101111;14167;2;1896046207973725047;S
20241017;101111;14171;3;1896046207973725048;B
20241017;101117;14167;3;1896046207973725049;S
20241017;101117;14167;1;1896046207973725050;S
20241017;101122;14169;1;1896046207973725051;B
20241017;101122;14169;5;1896046207973725052;B
20241017;101122;14169;2;1896046207973725053;B
20241017;101122;14169;1;1896046207973725054;B
20241017;101122;14169;1;1896046207973725055;B
20241017;101124;14169;1;1896046207973725056;B
20241017;101124;14169;1;1896046207973725057;B
20241017;101124;14171;5;1896046207973725058;B
20241017;101124;14171;3;1896046207973725059;B
20241017;101124;14171;7;1896046207973725060;B
20241017;101124;14171;5;1896046207973725061;B
20241017;101124;14171;3;1896046207973725062;B
20241017;101124;14171;7;1896046207973725063;B
20241017;101127;14174;2;1896046207973725064;S
20241017;101129;14175;2;1896046207973725065;S
20241017;101129;14174;3;1896046207973725066;S
20241017;101136;14177;2;1896046207973725067;B
20241017;101137;14176;4;1896046207973725068;S
20241017;101138;14177;1;1896046207973725069;B
20241017;101141;14176;2;1896046207973725070;B
20241017;101141;14176;1;1896046207973725071;S
20241017;101141;14176;1;1896046207973725072;S
20241017;101141;14176;20;1896046207973725073;S
20241017;101146;14176;1;1896046207973725075;S
20241017;101146;14174;2;1896046207973725076;S
20241017;101146;14174;6;1896046207973725077;S
20241017;101146;14174;2;1896046207973725078;S
20241017;101146;14174;6;1896046207973725079;S
20241017;101146;14171;7;1896046207973725080;S
20241017;101146;14169;1;1896046207973725081;S
20241017;101157;14171;4;1896046207973725082;S
20241017;101201;14172;1;1896046207973725083;S
20241017;101201;14172;1;1896046207973725084;S
20241017;101213;14172;1;1896046207973725085;S
20241017;101216;14172;3;1896046207973725086;S
20241017;101216;14172;7;1896046207973725087;S
20241017;101216;14172;8;1896046207973725088;S
20241017;101216;14172;7;1896046207973725089;S
20241017;101216;14172;1;1896046207973725090;S
20241017;101217;14172;4;1896046207973725091;S
20241017;101218;14172;2;1896046207973725092;S
20241017;101221;14171;1;1896046207973725093;S
20241017;101221;14171;1;1896046207973725094;S
20241017;101222;14171;2;1896046207973725095;S
20241017;101223;14171;5;1896046207973725096;S
20241017;101226;14171;9;1896046207973725097;S
20241017;101227;14171;10;1896046207973725098;S
20241017;101230;14171;1;1896046207973725099;S
20241017;101232;14171;2;1896046207973725100;S
20241017;101232;14168;25;1896046207973725101;S
20241017;101233;14167;1;1896046207973725102;S
20241017;101233;14167;5;1896046207973725103;S
20241017;101233;14166;24;1896046207973725104;S
20241017;101241;14165;5;1896046207973725105;S
20241017;101241;14165;2;1896046207973725106;S
20241017;101242;14165;3;1896046207973725107;S
20241017;101246;14164;2;1896046207973725108;S
20241017;101246;14164;1;1896046207973725109;S
20241017;101246;14164;2;1896046207973725110;S
20241017;101247;14165;2;1896046207973725111;B
20241017;101247;14165;8;1896046207973725112;B
20241017;101252;14164;4;1896046207973725113;S
20241017;101256;14164;4;1896046207973725114;S
20241017;101258;14165;2;1896046207973725115;B
20241017;101301;14164;1;1896046207973725116;S
20241017;101304;14165;2;1896046207973725117;B
20241017;101306;14165;6;1896046207973725118;B
20241017;101306;14166;2;1896046207973725119;B
20241017;101306;14166;2;1896046207973725120;B
20241017;101307;14166;1;1896046207973725121;S
20241017;101307;14166;5;1896046207973725122;S
20241017;101307;14165;113;1896046207973725123;S
20241017;101307;14164;12;1896046207973725124;S
20241017;101307;14164;25;1896046207973725125;S
20241017;101307;14164;2;1896046207973725126;S
20241017;101307;14163;25;1896046207973725127;S
20241017;101307;14163;2;1896046207973725128;S
20241017;101307;14162;15;1896046207973725129;S
20241017;101310;14165;2;1896046207973725130;B
20241017;101315;14166;1;1896046207973725131;B
20241017;101330;14169;1;1896046207973725132;B
20241017;101343;14168;1;1896046207973725133;B
20241017;101344;14164;1;1896046207973725134;S
20241017;101344;14164;1;1896046207973725135;S
20241017;101350;14165;2;1896046207973725136;S
20241017;101350;14164;1;1896046207973725137;S
20241017;101350;14164;5;1896046207973725138;S
20241017;101350;14164;2;1896046207973725139;S
20241017;101350;14163;20;1896046207973725140;S
20241017;101350;14163;2;1896046207973725141;S
20241017;101350;14162;10;1896046207973725142;S
20241017;101350;14162;1;1896046207973725143;S
20241017;101350;14162;7;1896046207973725144;S
20241017;101401;14166;2;1896046207973725145;B
20241017;101401;14167;1;1896046207973725146;B
20241017;101403;14167;1;1896046207973725147;B
20241017;101407;14165;65;1896046207973725148;S
20241017;101407;14165;1;1896046207973725149;S
20241017;101407;14165;50;1896046207973725150;S
20241017;101407;14164;1;1896046207973725151;S
20241017;101407;14163;2;1896046207973725152;S
20241017;101407;14162;2;1896046207973725153;S
20241017;101407;14161;2;1896046207973725154;S
20241017;101407;14160;4;1896046207973725155;S
20241017;101407;14160;1;1896046207973725156;S
20241017;101407;14160;2;1896046207973725157;S
20241017;101407;14160;2;1896046207973725158;S
20241017;101407;14159;2;1896046207973725159;S
20241017;101407;14159;2;1896046207973725160;S
20241017;101407;14158;1;1896046207973725161;S
20241017;101407;14158;1;1896046207973725162;S
20241017;101407;14158;5;1896046207973725163;S
20241017;101407;14158;15;1896046207973725164;S
20241017;101407;14158;5;1896046207973725165;S
20241017;101407;14158;5;1896046207973725166;S
20241017;101407;14158;2;1896046207973725167;S
20241017;101407;14157;15;1896046207973725168;S
20241017;101407;14157;126;1896046207973725169;S
20241017;101407;14157;2;1896046207973725170;S
20241017;101407;14157;5;1896046207973725171;S
20241017;101407;14156;2;1896046207973725172;S
20241017;101407;14156;15;1896046207973725173;S
20241017;101407;14156;5;1896046207973725174;S
20241017;101407;14156;16;1896046207973725175;S
20241017;101407;14155;1;1896046207973725176;S
20241017;101407;14155;15;1896046207973725177;S
20241017;101407;14155;1;1896046207973725178;S
20241017;101407;14155;5;1896046207973725179;S
20241017;101407;14154;117;1896046207973725180;S
20241017;101407;14154;5;1896046207973725181;S
20241017;101407;14154;11;1896046207973725182;S
20241017;101407;14153;5;1896046207973725183;S
20241017;101407;14153;5;1896046207973725184;S
20241017;101407;14152;5;1896046207973725185;S
20241017;101407;14151;15;1896046207973725186;S
20241017;101407;14151;5;1896046207973725187;S
20241017;101407;14150;3;1896046207973725188;S
20241017;101407;14150;10;1896046207973725189;S
20241017;101407;14150;1;1896046207973725190;S
20241017;101407;14150;1;1896046207973725191;S
20241017;101407;14150;5;1896046207973725192;S
20241017;101407;14150;4;1896046207973725193;B
20241017;101407;14150;300;1896046207973725194;B
20241017;101407;14150;20;1896046207973725195;B
20241017;101407;14150;2;1896046207973725196;B
20241017;101407;14150;2;1896046207973725197;B
20241017;101407;14150;5;1896046207973725198;B
20241017;101407;14150;2;1896046207973725199;B
20241017;101407;14150;2;1896046207973725200;B
20241017;101407;14150;93;1896046207973725201;B
20241017;101407;14150;4;1896046207973725202;B
20241017;101407;14150;1;1896046207973725203;S
20241017;101407;14150;5;1896046207973725204;S
20241017;101407;14150;5;1896046207973725205;S
20241017;101407;14156;5;1896046207973725206;B
20241017;101407;14157;2;1896046207973725207;B
20241017;101407;14157;8;1896046207973725208;B
20241017;101407;14158;2;1896046207973725209;B
20241017;101407;14158;41;1896046207973725210;B
20241017;101407;14151;2;1896046207973725211;S
20241017;101407;14150;8;1896046207973725212;S
20241017;101407;14150;2;1896046207973725213;S
20241017;101407;14150;2;1896046207973725214;S
20241017;101407;14150;5;1896046207973725215;S
20241017;101407;14149;1;1896046207973725216;S
20241017;101407;14149;4;1896046207973725217;S
20241017;101407;14149;6;1896046207973725218;S
20241017;101408;14149;10;1896046207973725219;S
20241017;101408;14157;2;1896046207973725220;B
20241017;101408;14157;1;1896046207973725221;B
20241017;101408;14150;1;1896046207973725222;S
20241017;101408;14149;9;1896046207973725223;S
20241017;101409;14150;1;1896046207973725224;B
20241017;101409;14150;2;1896046207973725225;B
20241017;101409;14156;2;1896046207973725226;B
20241017;101409;14157;1;1896046207973725227;B
20241017;101411;14155;1;1896046207973725228;B
20241017;101411;14155;2;1896046207973725229;B
20241017;101411;14156;2;1896046207973725230;B
20241017;101411;14156;2;1896046207973725231;B
20241017;101416;14153;2;1896046207973725232;B
20241017;101416;14153;1;1896046207973725233;S
20241017;101417;14153;1;1896046207973725234;B
20241017;101419;14152;1;1896046207973725235;S
20241017;101419;14152;1;1896046207973725236;S
20241017;101419;14151;1;1896046207973725237;S
20241017;101421;14152;1;1896046207973725238;B
20241017;101421;14153;2;1896046207973725239;B
20241017;101421;14153;2;1896046207973725240;B
20241017;101423;14153;3;1896046207973725241;S
20241017;101424;14154;2;1896046207973725242;B
20241017;101424;14155;2;1896046207973725243;B
20241017;101424;14157;1;1896046207973725244;B
20241017;101424;14158;2;1896046207973725245;B
20241017;101425;14154;1;1896046207973725246;S
20241017;101425;14153;8;1896046207973725247;S
20241017;101428;14154;1;1896046207973725248;B
20241017;101428;14155;2;1896046207973725249;B
20241017;101440;14154;4;1896046207973725250;S
20241017;101440;14154;1;1896046207973725251;S
20241017;101440;14154;50;1896046207973725252;S
20241017;101440;14155;2;1896046207973725253;B
20241017;101443;14155;1;1896046207973725254;B
20241017;101443;14156;1;1896046207973725255;B
20241017;101444;14155;5;1896046207973725256;S
20241017;101444;14154;5;1896046207973725257;S
20241017;101444;14154;1;1896046207973725259;S
20241017;101444;14154;3;1896046207973725264;S
20241017;101444;14154;1;1896046207973725269;S
20241017;101455;14158;2;1896046207973725273;B
20241017;101457;14156;2;1896046207973725274;S
20241017;101457;14156;5;1896046207973725275;S
20241017;101457;14156;9;1896046207973725276;S
20241017;101500;14157;5;1896046207973725277;B
20241017;101500;14157;2;1896046207973725278;B
20241017;101500;14158;5;1896046207973725279;B
20241017;101500;14156;2;1896046207973725280;S
20241017;101500;14156;2;1896046207973725281;S
20241017;101500;14155;1;1896046207973725282;S
20241017;101500;14155;4;1896046207973725283;S
20241017;101501;14156;7;1896046207973725284;S
20241017;101503;14157;5;1896046207973725285;B
20241017;101503;14157;1;1896046207973725286;B
20241017;101503;14157;2;1896046207973725287;B
20241017;101503;14157;1;1896046207973725288;B
20241017;101503;14159;1;1896046207973725289;B
20241017;101503;14156;4;1896046207973725290;S
20241017;101503;14156;2;1896046207973725291;S
20241017;101503;14156;5;1896046207973725292;S
20241017;101503;14155;22;1896046207973725293;S
20241017;101503;14155;50;1896046207973725294;S
20241017;101503;14155;2;1896046207973725295;S
20241017;101503;14154;48;1896046207973725296;S
20241017;101503;14154;2;1896046207973725297;S
20241017;101503;14154;6;1896046207973725298;S
20241017;101503;14154;2;1896046207973725299;S
20241017;101503;14153;7;1896046207973725300;S
20241017;101504;14157;2;1896046207973725301;S
20241017;101504;14156;2;1896046207973725302;S
20241017;101504;14156;2;1896046207973725303;S
20241017;101504;14154;11;1896046207973725304;S
20241017;101504;14154;11;1896046207973725305;S
20241017;101504;14153;96;1896046207973725306;S
20241017;101504;14153;4;1896046207973725307;S
20241017;101504;14152;15;1896046207973725308;S
20241017;101504;14151;1;1896046207973725309;S
20241017;101504;14151;6;1896046207973725310;S
20241017;101504;14152;2;1896046207973725311;S
20241017;101504;14152;2;1896046207973725312;S
20241017;101504;14152;11;1896046207973725313;S
20241017;101504;14149;30;1896046207973725314;S
20241017;101504;14149;16;1896046207973725315;S
20241017;101504;14148;1;1896046207973725316;S
20241017;101504;14148;20;1896046207973725317;S
20241017;101504;14147;5;1896046207973725318;S
20241017;101504;14146;1;1896046207973725319;S
20241017;101504;14146;5;1896046207973725320;S
20241017;101504;14145;3;1896046207973725321;S
20241017;101504;14145;10;1896046207973725322;S
20241017;101504;14145;5;1896046207973725323;S
20241017;101504;14145;15;1896046207973725324;S
20241017;101504;14144;5;1896046207973725325;S
20241017;101504;14144;2;1896046207973725326;S
20241017;101504;14144;1;1896046207973725327;S
20241017;101504;14144;15;1896046207973725328;S
20241017;101504;14143;1;1896046207973725329;S
20241017;101504;14147;1;1896046207973725330;S
20241017;101504;14147;6;1896046207973725331;S
20241017;101504;14146;4;1896046207973725332;S
20241017;101504;14146;9;1896046207973725333;S
20241017;101509;14154;1;1896046207973725334;B
20241017;101510;14154;1;1896046207973725335;B
20241017;101510;14154;1;1896046207973725336;B
20241017;101514;14154;4;1896046207973725337;B
20241017;101514;14154;1;1896046207973725338;B
20241017;101515;14154;1;1896046207973725339;B
20241017;101515;14155;4;1896046207973725340;B
20241017;101516;14155;1;1896046207973725341;B
20241017;101516;14155;2;1896046207973725342;B
20241017;101516;14155;2;1896046207973725343;B
20241017;101516;14155;5;1896046207973725344;B
20241017;101517;14155;3;1896046207973725345;B
20241017;101517;14155;2;1896046207973725346;B
20241017;101517;14155;10;1896046207973725347;B
20241017;101517;14155;10;1896046207973725348;B
20241017;101517;14155;10;1896046207973725349;B
20241017;101517;14155;10;1896046207973725350;B
20241017;101517;14155;10;1896046207973725351;B
20241017;101517;14155;10;1896046207973725352;B
20241017;101519;14156;2;1896046207973725353;S
20241017;101521;14159;2;1896046207973725354;B
20241017;101521;14159;5;1896046207973725355;B
20241017;101521;14159;3;1896046207973725356;B
20241017;101521;14155;2;1896046207973725357;S
20241017;101521;14155;2;1896046207973725358;S
20241017;101521;14155;2;1896046207973725359;S
20241017;101522;14158;2;1896046207973725360;B
20241017;101522;14159;5;1896046207973725361;B
20241017;101522;14159;1;1896046207973725362;B
20241017;101522;14159;2;1896046207973725363;B
20241017;101522;14160;5;1896046207973725364;B
20241017;101522;14160;53;1896046207973725365;B
20241017;101524;14160;70;1896046207973725366;B
20241017;101525;14160;2;1896046207973725367;B
20241017;101530;14160;1;1896046207973725368;B
20241017;101531;14160;10;1896046207973725369;B
20241017;101531;14160;10;1896046207973725370;B
20241017;101531;14160;10;1896046207973725371;B
20241017;101531;14160;10;1896046207973725372;B
20241017;101531;14160;10;1896046207973725373;B
20241017;101531;14160;10;1896046207973725374;B
20241017;101531;14160;10;1896046207973725375;B
20241017;101531;14160;5;1896046207973725376;B
20241017;101531;14160;10;1896046207973725377;B
20241017;101531;14160;10;1896046207973725378;B
20241017;101532;14159;2;1896046207973725379;S
20241017;101532;14158;2;1896046207973725380;S
20241017;101532;14158;1;1896046207973725381;S
20241017;101532;14160;2;1896046207973725382;B
20241017;101532;14160;1;1896046207973725383;B
20241017;101535;14159;2;1896046207973725384;B
20241017;101535;14160;48;1896046207973725385;B
20241017;101538;14158;1;1896046207973725386;S
20241017;101538;14158;4;1896046207973725387;S
20241017;101541;14158;1;1896046207973725388;S
20241017;101547;14159;1;1896046207973725389;B
20241017;101552;14158;2;1896046207973725390;S
20241017;101554;14159;1;1896046207973725391;B
20241017;101554;14159;2;1896046207973725392;B
20241017;101554;14159;2;1896046207973725393;B
20241017;101554;14159;1;1896046207973725394;B
20241017;101607;14160;30;1896046207973725395;B
20241017;101608;14164;5;1896046207973725396;B
20241017;101608;14164;1;1896046207973725397;B
20241017;101608;14165;1;1896046207973725398;B
20241017;101612;14165;3;1896046207973725399;B
20241017;101616;14165;1;1896046207973725400;B
20241017;101618;14165;2;1896046207973725401;B
20241017;101618;14165;3;1896046207973725402;B
20241017;101623;14165;2;1896046207973725403;B
20241017;101623;14165;1;1896046207973725404;B
20241017;101629;14163;1;1896046207973725405;S
20241017;101631;14165;1;1896046207973725406;B
20241017;101633;14162;1;1896046207973725407;S
20241017;101637;14165;1;1896046207973725408;B
20241017;101640;14161;2;1896046207973725409;S
20241017;101640;14160;119;1896046207973725410;S
20241017;101640;14159;7;1896046207973725411;S
20241017;101640;14159;1;1896046207973725412;S
20241017;101647;14158;1;1896046207973725413;S
20241017;101649;14161;2;1896046207973725414;B
20241017;101649;14162;2;1896046207973725415;B
20241017;101649;14162;2;1896046207973725416;B
20241017;101649;14162;4;1896046207973725417;B
20241017;101649;14163;2;1896046207973725418;B
20241017;101649;14163;5;1896046207973725419;B
20241017;101649;14163;1;1896046207973725420;B
20241017;101707;14158;7;1896046207973725421;S
20241017;101707;14158;3;1896046207973725422;S
20241017;101722;14158;4;1896046207973725423;S
20241017;101727;14159;1;1896046207973725424;B
20241017;101727;14159;1;1896046207973725425;B
20241017;101727;14159;1;1896046207973725426;B
20241017;101727;14159;1;1896046207973725427;B
20241017;101727;14159;1;1896046207973725428;B
20241017;101727;14159;2;1896046207973725429;B
20241017;101727;14160;2;1896046207973725430;B
