<DATE>;<TIME>;<LAST>;<VOL>;<ID>;<OPER>
20241101;095909;2565;2;2033124568876452441;B
20241101;095909;2565;2;2033124568876452442;B
20241101;095909;2565;1;2033124568876452443;B
20241101;095909;2565;1;2033124568876452444;B
20241101;095909;2565;8;2033124568876452445;B
20241101;095909;2565;2;2033124568876452446;B
20241101;095909;2565;20;2033124568876452447;S
20241101;095909;2565;5;2033124568876452448;B
20241101;095909;2565;5;2033124568876452449;B
20241101;095909;2565;50;2033124568876452450;B
20241101;095909;2565;6;2033124568876452451;S
20241101;095909;2565;6;2033124568876452452;S
20241101;095909;2565;8;2033124568876452453;S
20241101;095909;2565;20;2033124568876452454;S
20241101;100000;2566.5;1;2033124568876452455;B
20241101;100001;2568;8;2033124568876452456;B
20241101;100001;2569;1;2033124568876452457;B
20241101;100001;2569;1;2033124568876452458;B
20241101;100002;2569;1;2033124568876452459;B
20241101;100002;2569;1;2033124568876452460;B
20241101;100003;2569;1;2033124568876452461;B
20241101;100003;2569;2;2033124568876452462;B
20241101;100003;2569;3;2033124568876452463;B
20241101;100003;2569;5;2033124568876452464;B
20241101;100005;2569.5;1;2033124568876452465;B
20241101;100005;2569.5;1;2033124568876452466;B
20241101;100005;2569.5;3;2033124568876452467;B
20241101;100005;2570;1;2033124568876452468;B
20241101;100005;2570;1;2033124568876452469;B
20241101;100005;2570;1;2033124568876452470;B
20241101;100006;2570;1;2033124568876452471;B
20241101;100006;2570;1;2033124568876452472;B
20241101;100006;2570.5;1;2033124568876452473;B
20241101;100006;2571;1;2033124568876452474;B
20241101;100006;2571;3;2033124568876452475;B
20241101;100006;2571;2;2033124568876452476;B
20241101;100006;2571;1;2033124568876452477;B
20241101;100006;2571;1;2033124568876452478;B
20241101;100006;2571.5;11;2033124568876452479;B
20241101;100006;2571.5;15;2033124568876452480;B
20241101;100006;2571.5;5;2033124568876452481;B
20241101;100006;2570.5;20;2033124568876452482;S
20241101;100006;2571.5;40;2033124568876452483;B
20241101;100006;2571.5;6;2033124568876452484;B
20241101;100006;2571.5;40;2033124568876452485;B
20241101;100007;2571.5;9;2033124568876452486;B
20241101;100007;2572;1;2033124568876452487;B
20241101;100007;2572;1;2033124568876452488;B
20241101;100007;2572;1;2033124568876452489;B
20241101;100007;2572;1;2033124568876452490;B
20241101;100007;2572;20;2033124568876452491;B
20241101;100007;2572;16;2033124568876452492;B
20241101;100007;2572;4;2033124568876452493;B
20241101;100007;2572;1;2033124568876452494;B
20241101;100007;2573;1;2033124568876452495;B
20241101;100007;2573.5;1;2033124568876452496;B
20241101;100007;2574;1;2033124568876452497;B
20241101;100007;2570.5;2;2033124568876452498;S
20241101;100007;2574;1;2033124568876452499;B
20241101;100007;2574;1;2033124568876452500;B
20241101;100007;2574;4;2033124568876452501;B
20241101;100007;2574.5;1;2033124568876452502;B
20241101;100007;2574.5;1;2033124568876452503;B
20241101;100007;2574.5;1;2033124568876452504;B
20241101;100007;2574.5;33;2033124568876452505;B
20241101;100007;2574.5;1;2033124568876452506;B
20241101;100008;2574.5;20;2033124568876452507;B
20241101;100008;2573.5;1;2033124568876452508;S
20241101;100008;2573.5;2;2033124568876452509;S
20241101;100008;2573;4;2033124568876452510;S
20241101;100008;2573;1;2033124568876452511;S
20241101;100009;2573.5;40;2033124568876452512;B
20241101;100009;2573.5;18;2033124568876452513;B
20241101;100009;2573;20;2033124568876452514;B
20241101;100010;2571;1;2033124568876452515;S
20241101;100011;2571.5;6;2033124568876452516;S
20241101;100011;2571.5;6;2033124568876452517;S
20241101;100011;2572.5;2;2033124568876452518;B
20241101;100011;2573;20;2033124568876452519;B
20241101;100011;2573;1;2033124568876452520;B
20241101;100011;2573.5;40;2033124568876452521;B
20241101;100011;2573.5;1;2033124568876452522;B
20241101;100011;2573.5;6;2033124568876452523;B
20241101;100011;2574;1;2033124568876452524;B
20241101;100011;2574;40;2033124568876452525;B
20241101;100011;2574.5;75;2033124568876452526;B
20241101;100011;2574.5;100;2033124568876452527;B
20241101;100011;2574.5;32;2033124568876452528;B
20241101;100012;2572.5;17;2033124568876452529;S
20241101;100012;2573.5;6;2033124568876452530;B
20241101;100013;2572.5;1;2033124568876452531;S
20241101;100013;2574;20;2033124568876452532;B
20241101;100013;2575;1;2033124568876452533;B
20241101;100013;2575;1;2033124568876452534;B
20241101;100013;2575;20;2033124568876452535;B
20241101;100013;2575;4;2033124568876452536;B
20241101;100013;2575;6;2033124568876452537;B
20241101;100013;2575;1;2033124568876452538;B
20241101;100013;2575;32;2033124568876452539;B
20241101;100013;2575;40;2033124568876452540;B
20241101;100013;2573;6;2033124568876452541;B
20241101;100013;2575;28;2033124568876452542;B
20241101;100013;2575;2;2033124568876452543;B
20241101;100013;2575;10;2033124568876452544;B
20241101;100013;2575;1;2033124568876452545;B
20241101;100013;2575;1;2033124568876452546;B
20241101;100013;2575.5;1;2033124568876452547;B
20241101;100013;2576;1;2033124568876452548;B
20241101;100013;2576;1;2033124568876452549;B
20241101;100013;2576;5;2033124568876452550;B
20241101;100013;2576.5;1;2033124568876452551;B
20241101;100013;2576.5;1;2033124568876452552;B
20241101;100013;2576.5;1;2033124568876452553;B
20241101;100013;2577;1;2033124568876452554;B
20241101;100013;2577;1;2033124568876452555;B
20241101;100013;2577;2;2033124568876452556;B
20241101;100014;2575;2;2033124568876452557;B
20241101;100014;2575;1;2033124568876452558;B
20241101;100014;2577;2;2033124568876452559;B
20241101;100014;2575.5;10;2033124568876452560;S
20241101;100015;2575.5;1;2033124568876452561;S
20241101;100015;2575.5;1;2033124568876452562;S
20241101;100015;2577;6;2033124568876452563;B
20241101;100015;2577.5;1;2033124568876452564;B
20241101;100015;2578;1;2033124568876452565;B
20241101;100015;2578;3;2033124568876452566;B
20241101;100015;2578;1;2033124568876452567;B
20241101;100016;2577;1;2033124568876452568;B
20241101;100016;2577;1;2033124568876452569;B
20241101;100016;2577.5;21;2033124568876452570;B
20241101;100016;2578;1;2033124568876452571;B
20241101;100016;2578;5;2033124568876452572;B
20241101;100016;2576.5;1;2033124568876452573;S
20241101;100017;2576.5;1;2033124568876452574;S
20241101;100017;2576.5;18;2033124568876452575;S
20241101;100017;2576.5;1;2033124568876452576;S
20241101;100017;2576.5;26;2033124568876452577;S
20241101;100017;2578;3;2033124568876452578;B
20241101;100018;2574.5;15;2033124568876452579;S
20241101;100018;2577;10;2033124568876452580;B
20241101;100018;2574.5;20;2033124568876452581;S
20241101;100019;2574.5;1;2033124568876452582;S
20241101;100019;2576.5;3;2033124568876452583;B
20241101;100020;2575.5;2;2033124568876452584;S
20241101;100022;2573.5;4;2033124568876452585;B
20241101;100022;2573;1;2033124568876452586;S
20241101;100023;2573.5;36;2033124568876452587;B
20241101;100023;2573.5;10;2033124568876452588;B
20241101;100023;2573.5;10;2033124568876452589;B
20241101;100023;2574;40;2033124568876452590;B
20241101;100023;2574;3;2033124568876452591;B
20241101;100023;2574.5;31;2033124568876452592;B
20241101;100023;2572.5;5;2033124568876452593;S
20241101;100028;2573;1;2033124568876452594;B
20241101;100029;2573.5;6;2033124568876452595;B
20241101;100030;2573;2;2033124568876452596;S
20241101;100030;2573;1;2033124568876452597;S
20241101;100030;2573;1;2033124568876452598;S
20241101;100031;2573;10;2033124568876452599;B
20241101;100031;2573;2;2033124568876452600;B
20241101;100031;2573;6;2033124568876452601;B
20241101;100032;2573;6;2033124568876452602;B
20241101;100032;2573;1;2033124568876452603;B
20241101;100032;2573;1;2033124568876452604;B
20241101;100034;2572.5;1;2033124568876452605;S
20241101;100034;2572.5;3;2033124568876452606;S
20241101;100034;2572.5;1;2033124568876452607;S
20241101;100035;2572;1;2033124568876452608;S
20241101;100035;2573;5;2033124568876452609;B
20241101;100036;2572.5;1;2033124568876452610;B
20241101;100037;2572.5;5;2033124568876452611;B
20241101;100037;2572.5;4;2033124568876452612;B
20241101;100037;2573;1;2033124568876452613;B
20241101;100037;2572.5;3;2033124568876452614;S
20241101;100038;2573;3;2033124568876452615;B
20241101;100038;2573;3;2033124568876452616;B
20241101;100039;2573;5;2033124568876452617;B
20241101;100039;2573;1;2033124568876452618;B
20241101;100040;2572.5;3;2033124568876452619;S
20241101;100040;2572.5;1;2033124568876452620;S
20241101;100040;2572.5;3;2033124568876452621;S
20241101;100040;2572;13;2033124568876452622;S
20241101;100044;2572;1;2033124568876452623;S
20241101;100044;2572;20;2033124568876452624;S
20241101;100045;2572.5;10;2033124568876452625;B
20241101;100045;2573;39;2033124568876452626;B
20241101;100045;2573;151;2033124568876452627;B
20241101;100049;2573;2;2033124568876452628;B
20241101;100052;2572.5;1;2033124568876452629;B
20241101;100056;2572;5;2033124568876452630;S
20241101;100056;2572;6;2033124568876452631;S
20241101;100056;2572;3;2033124568876452632;S
20241101;100056;2572;1;2033124568876452633;S
20241101;100056;2571.5;25;2033124568876452634;S
20241101;100100;2572;3;2033124568876452635;B
20241101;100100;2572;6;2033124568876452636;B
20241101;100100;2572;1;2033124568876452637;S
20241101;100100;2572;9;2033124568876452638;S
20241101;100100;2572;1;2033124568876452639;S
20241101;100101;2572;2;2033124568876452640;B
20241101;100101;2572;18;2033124568876452641;B
20241101;100101;2572;20;2033124568876452642;B
20241101;100102;2571.5;1;2033124568876452643;S
20241101;100103;2571;1;2033124568876452644;S
20241101;100103;2571.5;2;2033124568876452645;B
20241101;100103;2571.5;8;2033124568876452646;B
20241101;100104;2571.5;1;2033124568876452647;B
20241101;100106;2571;1;2033124568876452648;S
20241101;100106;2571;1;2033124568876452649;S
20241101;100107;2571;1;2033124568876452650;S
20241101;100108;2571.5;1;2033124568876452651;B
20241101;100108;2571;3;2033124568876452652;S
20241101;100108;2571;1;2033124568876452653;S
20241101;100108;2571;1;2033124568876452654;S
20241101;100108;2571;1;2033124568876452655;S
20241101;100108;2571;1;2033124568876452656;S
20241101;100108;2571;3;2033124568876452657;S
20241101;100108;2570.5;70;2033124568876452658;S
20241101;100109;2571.5;10;2033124568876452659;B
20241101;100110;2570.5;1;2033124568876452660;S
20241101;100110;2571.5;2;2033124568876452661;B
20241101;100110;2571.5;1;2033124568876452662;B
20241101;100113;2570.5;1;2033124568876452663;B
20241101;100115;2570;5;2033124568876452664;S
20241101;100116;2570;35;2033124568876452665;S
20241101;100116;2570;3;2033124568876452666;S
20241101;100116;2570;3;2033124568876452667;S
20241101;100116;2569.5;40;2033124568876452668;S
20241101;100116;2569.5;3;2033124568876452669;S
20241101;100116;2569.5;3;2033124568876452670;S
20241101;100116;2569.5;5;2033124568876452671;S
20241101;100117;2569;1;2033124568876452672;S
20241101;100118;2569;1;2033124568876452673;S
20241101;100118;2569;11;2033124568876452674;S
20241101;100118;2569;19;2033124568876452675;S
20241101;100118;2569.5;1;2033124568876452676;B
20241101;100118;2569;10;2033124568876452677;S
20241101;100120;2569;10;2033124568876452678;S
20241101;100124;2569.5;1;2033124568876452679;B
20241101;100124;2569.5;1;2033124568876452680;B
20241101;100124;2570;1;2033124568876452681;B
20241101;100124;2570.5;9;2033124568876452682;B
20241101;100124;2569.5;2;2033124568876452683;S
20241101;100125;2570;1;2033124568876452684;B
20241101;100125;2570;2;2033124568876452685;B
20241101;100125;2570;5;2033124568876452686;B
20241101;100125;2570.5;1;2033124568876452687;B
20241101;100125;2570;3;2033124568876452688;S
20241101;100125;2569.5;4;2033124568876452689;S
20241101;100126;2569.5;1;2033124568876452690;S
20241101;100126;2569.5;1;2033124568876452691;S
20241101;100126;2569;6;2033124568876452692;S
20241101;100126;2570.5;30;2033124568876452693;B
20241101;100127;2569.5;10;2033124568876452694;S
20241101;100128;2570.5;30;2033124568876452695;B
20241101;100129;2570.5;10;2033124568876452696;B
20241101;100129;2570;10;2033124568876452697;S
20241101;100132;2570.5;3;2033124568876452698;B
20241101;100132;2570.5;7;2033124568876452699;B
20241101;100132;2570.5;1;2033124568876452700;B
20241101;100137;2570.5;2;2033124568876452701;B
20241101;100137;2570.5;3;2033124568876452702;B
20241101;100139;2570;2;2033124568876452703;S
20241101;100140;2570;4;2033124568876452704;S
20241101;100140;2570;6;2033124568876452705;S
20241101;100140;2570;3;2033124568876452706;S
20241101;100140;2570;3;2033124568876452707;S
20241101;100140;2570;2;2033124568876452708;S
20241101;100140;2570;4;2033124568876452709;S
20241101;100141;2570;2;2033124568876452710;B
20241101;100141;2569.5;1;2033124568876452711;S
20241101;100142;2570;17;2033124568876452712;B
20241101;100142;2570;25;2033124568876452713;B
20241101;100142;2570;3;2033124568876452714;B
20241101;100142;2570;8;2033124568876452715;B
20241101;100142;2570;47;2033124568876452716;B
20241101;100142;2569.5;2;2033124568876452717;S
20241101;100142;2569;3;2033124568876452718;S
20241101;100142;2569;1;2033124568876452719;S
20241101;100143;2570;9;2033124568876452720;B
20241101;100143;2570;1;2033124568876452721;B
20241101;100145;2569.5;1;2033124568876452722;S
20241101;100147;2570;10;2033124568876452723;B
20241101;100148;2570;10;2033124568876452724;B
20241101;100148;2569.5;5;2033124568876452725;S
20241101;100152;2570;1;2033124568876452726;B
20241101;100152;2569.5;4;2033124568876452727;S
20241101;100152;2570;1;2033124568876452728;B
20241101;100152;2570;9;2033124568876452729;B
20241101;100153;2570;2;2033124568876452730;B
20241101;100155;2570;1;2033124568876452731;B
20241101;100155;2570;3;2033124568876452732;B
20241101;100155;2570;6;2033124568876452733;B
20241101;100158;2570;2;2033124568876452734;B
20241101;100158;2570;10;2033124568876452735;B
20241101;100200;2569.5;40;2033124568876452736;S
20241101;100200;2569.5;40;2033124568876452737;S
20241101;100202;2569.5;2;2033124568876452738;B
20241101;100203;2569.5;10;2033124568876452739;B
20241101;100205;2569.5;10;2033124568876452740;B
20241101;100206;2569;19;2033124568876452741;S
20241101;100206;2569;3;2033124568876452742;S
20241101;100208;2569;1;2033124568876452743;S
20241101;100209;2569;1;2033124568876452744;S
20241101;100210;2569;1;2033124568876452745;S
20241101;100211;2569;1;2033124568876452746;S
20241101;100211;2569;15;2033124568876452747;S
20241101;100212;2569;1;2033124568876452748;S
20241101;100212;2569.5;1;2033124568876452749;B
20241101;100213;2569.5;1;2033124568876452750;B
20241101;100213;2569.5;10;2033124568876452751;B
20241101;100219;2569;5;2033124568876452752;S
20241101;100219;2569;10;2033124568876452753;S
20241101;100219;2569;6;2033124568876452754;B
20241101;100219;2569;10;2033124568876452755;B
20241101;100222;2569;10;2033124568876452756;B
20241101;100230;2569;3;2033124568876452757;S
20241101;100231;2569;20;2033124568876452758;S
20241101;100233;2569;10;2033124568876452759;S
20241101;100245;2569.5;1;2033124568876452760;B
20241101;100245;2569;17;2033124568876452761;S
20241101;100245;2569;13;2033124568876452762;S
20241101;100245;2570;5;2033124568876452763;B
20241101;100247;2569;4;2033124568876452764;S
20241101;100247;2569;2;2033124568876452765;S
20241101;100248;2569.5;3;2033124568876452766;S
20241101;100259;2569.5;40;2033124568876452767;S
20241101;100259;2569.5;3;2033124568876452768;S
20241101;100259;2569.5;3;2033124568876452769;S
20241101;100259;2569.5;4;2033124568876452770;S
20241101;100300;2570;10;2033124568876452771;B
20241101;100300;2570;5;2033124568876452772;B
20241101;100300;2569.5;1;2033124568876452773;S
20241101;100307;2569.5;1;2033124568876452774;S
20241101;100307;2569.5;1;2033124568876452775;S
20241101;100309;2569.5;1;2033124568876452776;S
20241101;100319;2570;6;2033124568876452777;B
20241101;100322;2569.5;3;2033124568876452778;S
20241101;100322;2569.5;37;2033124568876452779;S
20241101;100324;2569.5;6;2033124568876452780;S
20241101;100324;2569.5;3;2033124568876452781;S
20241101;100324;2569.5;79;2033124568876452782;S
20241101;100324;2569.5;3;2033124568876452783;S
20241101;100324;2569.5;3;2033124568876452784;S
20241101;100324;2569.5;4;2033124568876452785;S
20241101;100324;2569.5;1;2033124568876452786;S
20241101;100327;2569;1;2033124568876452787;S
20241101;100331;2569.5;1;2033124568876452788;B
20241101;100341;2569;40;2033124568876452789;S
20241101;100341;2569;11;2033124568876452790;S
20241101;100341;2569;1;2033124568876452791;S
20241101;100341;2569;3;2033124568876452792;S
20241101;100341;2569;1;2033124568876452793;S
20241101;100341;2569;3;2033124568876452794;S
20241101;100341;2568.5;3;2033124568876452795;S
20241101;100341;2568.5;2;2033124568876452796;S
20241101;100342;2569;3;2033124568876452797;B
20241101;100342;2568.5;1;2033124568876452798;S
20241101;100345;2568;1;2033124568876452799;S
20241101;100345;2568;3;2033124568876452800;S
20241101;100345;2568;1;2033124568876452801;S
20241101;100349;2568;4;2033124568876452802;S
20241101;100356;2568;2;2033124568876452803;S
20241101;100401;2568;5;2033124568876452804;S
20241101;100416;2568;3;2033124568876452805;S
20241101;100416;2568;20;2033124568876452806;S
20241101;100416;2568;3;2033124568876452807;S
20241101;100416;2568;1;2033124568876452808;S
20241101;100416;2568;16;2033124568876452809;S
20241101;100416;2568;3;2033124568876452810;S
20241101;100417;2567.5;10;2033124568876452811;S
20241101;100417;2567.5;1;2033124568876452812;S
20241101;100422;2567.5;5;2033124568876452813;S
20241101;100424;2567.5;2;2033124568876452814;S
20241101;100431;2567.5;3;2033124568876452815;S
20241101;100434;2568;1;2033124568876452816;B
20241101;100434;2568;3;2033124568876452817;B
20241101;100434;2568;3;2033124568876452818;B
20241101;100434;2568;3;2033124568876452819;B
20241101;100434;2568;3;2033124568876452820;B
20241101;100434;2568;3;2033124568876452821;B
20241101;100434;2568;1;2033124568876452822;S
20241101;100441;2568;1;2033124568876452823;S
20241101;100441;2568;2;2033124568876452824;S
20241101;100442;2567.5;1;2033124568876452825;S
20241101;100442;2568.5;1;2033124568876452826;B
20241101;100443;2568.5;6;2033124568876452827;B
20241101;100446;2568;1;2033124568876452828;S
20241101;100450;2568.5;5;2033124568876452829;B
20241101;100451;2567.5;4;2033124568876452830;S
20241101;100453;2568;6;2033124568876452831;B
20241101;100454;2568;4;2033124568876452832;S
20241101;100454;2567.5;1;2033124568876452833;S
20241101;100509;2568;1;2033124568876452834;S
20241101;100510;2568.5;1;2033124568876452835;B
20241101;100510;2568.5;2;2033124568876452836;B
20241101;100510;2568.5;1;2033124568876452837;B
20241101;100513;2568.5;1;2033124568876452838;S
20241101;100515;2569.5;38;2033124568876452839;B
20241101;100515;2569.5;1;2033124568876452840;B
20241101;100517;2569.5;2;2033124568876452841;B
20241101;100517;2569.5;2;2033124568876452842;B
20241101;100517;2569.5;1;2033124568876452843;B
20241101;100518;2569.5;1;2033124568876452844;B
20241101;100519;2569;1;2033124568876452845;S
20241101;100520;2569;1;2033124568876452846;S
20241101;100525;2569.5;3;2033124568876452847;B
20241101;100528;2570;2;2033124568876452848;B
20241101;100528;2570;3;2033124568876452849;B
20241101;100529;2570;3;2033124568876452850;B
20241101;100529;2570;3;2033124568876452851;B
20241101;100529;2570;3;2033124568876452852;B
20241101;100529;2570;1;2033124568876452853;B
20241101;100529;2570;5;2033124568876452854;B
20241101;100529;2570;5;2033124568876452855;B
20241101;100530;2569.5;3;2033124568876452856;S
20241101;100530;2569.5;1;2033124568876452857;S
20241101;100532;2570;5;2033124568876452858;B
20241101;100532;2570;1;2033124568876452859;B
20241101;100533;2570;20;2033124568876452860;B
20241101;100534;2570;10;2033124568876452861;B
20241101;100534;2570;1;2033124568876452862;B
20241101;100534;2570;1;2033124568876452863;B
20241101;100534;2570;3;2033124568876452864;B
20241101;100535;2570;2;2033124568876452865;B
20241101;100535;2570.5;3;2033124568876452866;B
20241101;100539;2570.5;1;2033124568876452867;B
20241101;100543;2571;1;2033124568876452868;B
20241101;100543;2571;2;2033124568876452869;B
20241101;100549;2571.5;1;2033124568876452870;B
20241101;100549;2571.5;1;2033124568876452871;B
20241101;100549;2571.5;1;2033124568876452872;B
20241101;100552;2571.5;1;2033124568876452873;B
20241101;100552;2571.5;1;2033124568876452874;B
20241101;100553;2572;5;2033124568876452875;B
20241101;100553;2572;20;2033124568876452876;B
20241101;100556;2572;1;2033124568876452877;B
20241101;100556;2572;2;2033124568876452878;B
20241101;100557;2572;20;2033124568876452879;B
20241101;100557;2571.5;125;2033124568876452880;S
20241101;100557;2571.5;1;2033124568876452881;S
20241101;100557;2571;9;2033124568876452882;S
20241101;100557;2572;1;2033124568876452883;B
20241101;100600;2572;1;2033124568876452884;B
20241101;100600;2572;1;2033124568876452885;B
20241101;100601;2571;3;2033124568876452886;S
20241101;100601;2571;12;2033124568876452887;S
20241101;100608;2571.5;1;2033124568876452888;B
20241101;100608;2571.5;1;2033124568876452889;B
20241101;100608;2572;3;2033124568876452890;B
20241101;100611;2572;5;2033124568876452891;B
20241101;100612;2571;1;2033124568876452892;S
20241101;100613;2571;3;2033124568876452893;S
20241101;100618;2571;1;2033124568876452894;S
20241101;100619;2571;10;2033124568876452895;S
20241101;100619;2571;1;2033124568876452896;S
20241101;100619;2571.5;1;2033124568876452897;B
20241101;100620;2571.5;4;2033124568876452898;B
20241101;100627;2571.5;5;2033124568876452899;S
20241101;100632;2571.5;11;2033124568876452900;S
20241101;100632;2571.5;119;2033124568876452901;S
20241101;100632;2571.5;9;2033124568876452902;S
20241101;100632;2571.5;8;2033124568876452903;B
20241101;100634;2572;32;2033124568876452904;B
20241101;100634;2572;1;2033124568876452905;B
20241101;100634;2572;5;2033124568876452906;B
20241101;100634;2572;2;2033124568876452907;B
20241101;100641;2571.5;1;2033124568876452908;S
20241101;100642;2571.5;1;2033124568876452909;S
20241101;100642;2571.5;3;2033124568876452910;S
20241101;100643;2571.5;1;2033124568876452911;S
20241101;100646;2572;3;2033124568876452912;B
20241101;100646;2572.5;6;2033124568876452913;B
20241101;100646;2572.5;4;2033124568876452914;B
20241101;100646;2572.5;1;2033124568876452915;B
20241101;100646;2572.5;1;2033124568876452916;B
20241101;100646;2572.5;1;2033124568876452917;B
20241101;100646;2572.5;1;2033124568876452918;B
20241101;100647;2572.5;1;2033124568876452919;S
20241101;100648;2573;5;2033124568876452920;B
20241101;100648;2573;1;2033124568876452921;B
20241101;100648;2573;4;2033124568876452922;B
20241101;100648;2573;1;2033124568876452923;B
20241101;100648;2573;1;2033124568876452924;B
20241101;100648;2573.5;1;2033124568876452925;B
20241101;100648;2573.5;1;2033124568876452926;B
20241101;100648;2573.5;1;2033124568876452927;B
20241101;100648;2573.5;1;2033124568876452928;B
20241101;100648;2573.5;6;2033124568876452929;B
20241101;100648;2573.5;31;2033124568876452930;B
20241101;100648;2573.5;5;2033124568876452931;B
20241101;100648;2572.5;12;2033124568876452932;S
20241101;100648;2572.5;5;2033124568876452933;S
20241101;100648;2572.5;3;2033124568876452934;S
20241101;100648;2572.5;30;2033124568876452935;S
20241101;100650;2574;1;2033124568876452936;B
20241101;100650;2572.5;5;2033124568876452937;S
20241101;100651;2573;1;2033124568876452938;S
20241101;100652;2574;39;2033124568876452939;B
20241101;100652;2574;1;2033124568876452940;B
20241101;100652;2574;5;2033124568876452941;B
20241101;100652;2574;3;2033124568876452942;B
20241101;100652;2574;3;2033124568876452943;B
20241101;100652;2574;50;2033124568876452944;B
20241101;100652;2574;3;2033124568876452945;B
20241101;100653;2574;1;2033124568876452946;S
20241101;100654;2574;5;2033124568876452947;S
20241101;100658;2574;20;2033124568876452948;S
20241101;100659;2574.5;1;2033124568876452949;B
20241101;100704;2574;10;2033124568876452950;B
20241101;100704;2574.5;8;2033124568876452951;B
20241101;100704;2574.5;1;2033124568876452952;B
20241101;100704;2574.5;1;2033124568876452953;B
20241101;100704;2574.5;5;2033124568876452954;B
20241101;100709;2574;30;2033124568876452955;S
20241101;100711;2574;3;2033124568876452956;B
20241101;100716;2573.5;1;2033124568876452957;S
20241101;100718;2574;2;2033124568876452958;B
20241101;100719;2573.5;3;2033124568876452959;S
20241101;100719;2573.5;7;2033124568876452960;S
20241101;100729;2573.5;5;2033124568876452961;S
20241101;100730;2574;60;2033124568876452962;B
20241101;100732;2573.5;9;2033124568876452963;S
20241101;100734;2574;1;2033124568876452964;B
20241101;100734;2574;4;2033124568876452965;B
20241101;100734;2574;1;2033124568876452966;B
20241101;100736;2574;11;2033124568876452967;B
20241101;100736;2574;1;2033124568876452968;B
20241101;100738;2573.5;5;2033124568876452969;S
20241101;100738;2573.5;1;2033124568876452970;S
20241101;100738;2573.5;1;2033124568876452971;S
20241101;100738;2573.5;1;2033124568876452972;S
20241101;100740;2574;20;2033124568876452973;B
20241101;100743;2573.5;2;2033124568876452974;S
20241101;100743;2573.5;1;2033124568876452975;S
20241101;100745;2574.5;1;2033124568876452976;B
20241101;100745;2574.5;1;2033124568876452977;B
20241101;100746;2574.5;1;2033124568876452978;B
20241101;100746;2574.5;2;2033124568876452979;B
20241101;100746;2574.5;3;2033124568876452980;B
20241101;100746;2574.5;3;2033124568876452981;B
20241101;100746;2574.5;10;2033124568876452982;B
20241101;100747;2574.5;6;2033124568876452983;S
20241101;100747;2574.5;3;2033124568876452984;S
20241101;100747;2574;5;2033124568876452985;S
20241101;100747;2574;1;2033124568876452986;S
20241101;100747;2575;1;2033124568876452987;B
20241101;100747;2575;1;2033124568876452988;B
20241101;100747;2575;1;2033124568876452989;B
20241101;100747;2575;1;2033124568876452990;B
20241101;100747;2575;1;2033124568876452991;B
20241101;100749;2574.5;1;2033124568876452992;B
20241101;100749;2575;3;2033124568876452993;B
20241101;100749;2575;12;2033124568876452994;B
20241101;100749;2574;4;2033124568876452995;S
20241101;100749;2574;5;2033124568876452996;S
20241101;100749;2574;16;2033124568876452997;S
20241101;100753;2575;13;2033124568876452998;B
20241101;100753;2575;87;2033124568876452999;B
20241101;100758;2575;13;2033124568876453000;B
20241101;100758;2575;20;2033124568876453001;B
20241101;100758;2575;5;2033124568876453002;B
20241101;100758;2575;1;2033124568876453003;B
20241101;100758;2575;3;2033124568876453004;B
20241101;100758;2575;40;2033124568876453005;B
20241101;100759;2575.5;1;2033124568876453006;B
20241101;100759;2575.5;1;2033124568876453007;B
20241101;100759;2575.5;2;2033124568876453008;B
20241101;100759;2575.5;1;2033124568876453009;B
20241101;100800;2575;20;2033124568876453010;S
20241101;100802;2576;1;2033124568876453011;B
20241101;100804;2575.5;1;2033124568876453012;B
20241101;100804;2575;1;2033124568876453013;S
20241101;100811;2575;3;2033124568876453014;S
20241101;100811;2575;2;2033124568876453015;S
20241101;100811;2575;6;2033124568876453016;S
20241101;100811;2575;1;2033124568876453017;S
20241101;100811;2575;10;2033124568876453018;S
20241101;100812;2575;10;2033124568876453019;S
20241101;100812;2575;15;2033124568876453020;S
20241101;100812;2575;8;2033124568876453021;S
20241101;100812;2575;7;2033124568876453022;S
20241101;100812;2575;3;2033124568876453023;S
20241101;100814;2574.5;1;2033124568876453024;B
20241101;100814;2575;4;2033124568876453025;B
20241101;100815;2574.5;1;2033124568876453026;S
20241101;100818;2574;5;2033124568876453027;S
20241101;100818;2574;40;2033124568876453028;S
20241101;100818;2574;5;2033124568876453029;S
20241101;100818;2574;1;2033124568876453030;S
20241101;100818;2574.5;1;2033124568876453031;B
20241101;100818;2574;1;2033124568876453032;S
20241101;100819;2575;36;2033124568876453033;B
20241101;100819;2575;25;2033124568876453034;B
20241101;100819;2575;1;2033124568876453035;B
20241101;100819;2575;3;2033124568876453036;B
20241101;100819;2575;5;2033124568876453037;B
20241101;100819;2575;1;2033124568876453038;B
20241101;100819;2575.5;1;2033124568876453039;B
20241101;100819;2575.5;18;2033124568876453040;B
20241101;100820;2575.5;10;2033124568876453041;B
20241101;100822;2575;3;2033124568876453042;S
20241101;100822;2575;10;2033124568876453043;S
20241101;100822;2575;2;2033124568876453044;S
20241101;100823;2575;1;2033124568876453045;B
20241101;100832;2573.5;5;2033124568876453046;S
20241101;100832;2573.5;5;2033124568876453047;S
20241101;100838;2573.5;10;2033124568876453048;S
20241101;100841;2573.5;13;2033124568876453049;S
20241101;100843;2573.5;5;2033124568876453050;S
20241101;100843;2573.5;3;2033124568876453051;S
20241101;100843;2573.5;1;2033124568876453052;S
20241101;100845;2573;5;2033124568876453053;S
20241101;100850;2573;1;2033124568876453054;S
20241101;100851;2573.5;1;2033124568876453055;B
20241101;100857;2573;1;2033124568876453056;S
20241101;100857;2573;1;2033124568876453057;S
20241101;100902;2572;1;2033124568876453058;S
20241101;100903;2571.5;1;2033124568876453059;S
20241101;100905;2571;5;2033124568876453060;S
20241101;100905;2571;3;2033124568876453061;S
20241101;100905;2571;1;2033124568876453062;S
20241101;100905;2571;8;2033124568876453063;S
20241101;100905;2571;10;2033124568876453064;S
20241101;100905;2571;6;2033124568876453065;S
20241101;100905;2571;3;2033124568876453066;S
20241101;100905;2570.5;5;2033124568876453067;S
20241101;100905;2570.5;40;2033124568876453068;S
20241101;100905;2570.5;1;2033124568876453069;S
20241101;100905;2570.5;4;2033124568876453070;S
20241101;100905;2570.5;3;2033124568876453071;S
20241101;100905;2570.5;1;2033124568876453072;S
20241101;100905;2570.5;10;2033124568876453073;S
20241101;100905;2571.5;1;2033124568876453074;B
20241101;100905;2572;3;2033124568876453075;B
20241101;100905;2572;6;2033124568876453076;B
20241101;100905;2572;10;2033124568876453077;B
20241101;100905;2572;20;2033124568876453078;B
20241101;100907;2571;1;2033124568876453079;S
20241101;100913;2571;2;2033124568876453080;S
20241101;100913;2571;23;2033124568876453081;S
20241101;100913;2571;3;2033124568876453082;S
20241101;100915;2571.5;1;2033124568876453083;B
20241101;100915;2571;5;2033124568876453084;S
20241101;100918;2571;5;2033124568876453085;S
20241101;100918;2570.5;10;2033124568876453086;S
20241101;100918;2570.5;35;2033124568876453087;S
20241101;100927;2570.5;1;2033124568876453088;S
20241101;100927;2570.5;9;2033124568876453089;S
20241101;100932;2571;1;2033124568876453090;B
20241101;100932;2571.5;1;2033124568876453091;B
20241101;100937;2570.5;1;2033124568876453092;S
20241101;100940;2570.5;1;2033124568876453093;S
20241101;100940;2570.5;4;2033124568876453094;S
20241101;100943;2570.5;1;2033124568876453095;S
20241101;100945;2570;1;2033124568876453096;S
20241101;100946;2570;1;2033124568876453097;S
20241101;100946;2570;1;2033124568876453098;S
20241101;100948;2570;1;2033124568876453099;S
20241101;100949;2570;1;2033124568876453100;S
20241101;100957;2570.5;2;2033124568876453101;B
20241101;100957;2570.5;3;2033124568876453102;B
20241101;100957;2570.5;8;2033124568876453103;B
20241101;100957;2570.5;7;2033124568876453104;B
20241101;100958;2570.5;1;2033124568876453105;B
20241101;100958;2570.5;1;2033124568876453106;S
20241101;101004;2571;3;2033124568876453107;B
20241101;101004;2571;2;2033124568876453108;B
20241101;101008;2571;1;2033124568876453109;B
20241101;101012;2571;1;2033124568876453110;S
20241101;101019;2571;8;2033124568876453111;B
20241101;101028;2570.5;2;2033124568876453112;S
20241101;101031;2570.5;1;2033124568876453113;S
20241101;101031;2570.5;4;2033124568876453114;S
20241101;101033;2571;1;2033124568876453115;B
20241101;101037;2571;3;2033124568876453116;B
20241101;101037;2571;1;2033124568876453117;B
20241101;101037;2571;5;2033124568876453118;B
20241101;101037;2571;40;2033124568876453119;B
20241101;101037;2571;3;2033124568876453120;B
20241101;101037;2571;3;2033124568876453121;B
20241101;101037;2571;3;2033124568876453122;B
20241101;101038;2571.5;3;2033124568876453123;B
20241101;101038;2571.5;10;2033124568876453124;B
20241101;101038;2571.5;3;2033124568876453125;B
20241101;101038;2571.5;3;2033124568876453126;B
20241101;101039;2571.5;6;2033124568876453127;S
20241101;101039;2572;6;2033124568876453128;B
20241101;101040;2572;5;2033124568876453129;B
20241101;101041;2572;3;2033124568876453130;B
20241101;101041;2572;9;2033124568876453131;B
20241101;101041;2572;6;2033124568876453132;B
20241101;101041;2572;5;2033124568876453133;B
20241101;101043;2572;6;2033124568876453134;B
20241101;101043;2572;1;2033124568876453135;B
20241101;101045;2572.5;3;2033124568876453136;B
20241101;101045;2572.5;20;2033124568876453137;B
20241101;101049;2573;1;2033124568876453138;B
20241101;101054;2573;1;2033124568876453139;B
20241101;101054;2573;2;2033124568876453140;B
20241101;101055;2573;1;2033124568876453141;B
20241101;101056;2573;6;2033124568876453142;B
20241101;101056;2573;11;2033124568876453143;B
20241101;101056;2573;5;2033124568876453144;B
20241101;101056;2573;4;2033124568876453145;B
20241101;101056;2573;1;2033124568876453146;B
20241101;101056;2573;19;2033124568876453147;B
20241101;101056;2573;1;2033124568876453148;B
20241101;101056;2573;1;2033124568876453149;B
20241101;101059;2573;4;2033124568876453150;S
20241101;101059;2573;6;2033124568876453151;S
20241101;101101;2572.5;1;2033124568876453152;S
20241101;101103;2572.5;19;2033124568876453153;S
20241101;101103;2572.5;6;2033124568876453154;S
20241101;101113;2572.5;3;2033124568876453155;S
20241101;101113;2572.5;3;2033124568876453156;S
20241101;101113;2572.5;5;2033124568876453157;S
20241101;101113;2572.5;3;2033124568876453158;S
20241101;101113;2572.5;3;2033124568876453159;S
20241101;101113;2572.5;3;2033124568876453160;S
20241101;101113;2572.5;20;2033124568876453161;S
20241101;101113;2572.5;40;2033124568876453162;S
20241101;101113;2572;40;2033124568876453163;S
20241101;101113;2572;5;2033124568876453164;S
20241101;101113;2572;13;2033124568876453165;S
20241101;101115;2572;25;2033124568876453166;S
20241101;101115;2572;12;2033124568876453167;S
20241101;101115;2572;3;2033124568876453168;S
20241101;101115;2572;40;2033124568876453169;S
20241101;101137;2571.5;3;2033124568876453170;S
20241101;101137;2571.5;3;2033124568876453171;S
20241101;101137;2571.5;5;2033124568876453172;S
20241101;101138;2572.5;13;2033124568876453173;B
20241101;101144;2571;3;2033124568876453174;S
20241101;101144;2571;3;2033124568876453175;S
20241101;101144;2571;2;2033124568876453176;S
20241101;101144;2571;1;2033124568876453177;S
20241101;101144;2570.5;3;2033124568876453178;S
20241101;101144;2570.5;12;2033124568876453179;S
20241101;101144;2570.5;1;2033124568876453180;S
20241101;101144;2570.5;4;2033124568876453181;S
20241101;101147;2570.5;3;2033124568876453182;S
20241101;101151;2570.5;1;2033124568876453183;S
20241101;101151;2570.5;3;2033124568876453184;S
20241101;101151;2570.5;17;2033124568876453185;S
20241101;101156;2570.5;2;2033124568876453186;S
20241101;101156;2570.5;21;2033124568876453187;S
20241101;101156;2570.5;9;2033124568876453188;S
20241101;101156;2570;5;2033124568876453189;S
20241101;101156;2570;1;2033124568876453190;S
20241101;101156;2570;1;2033124568876453191;S
20241101;101156;2570;2;2033124568876453192;S
20241101;101156;2570;13;2033124568876453193;S
20241101;101159;2571.5;1;2033124568876453194;B
20241101;101202;2571.5;1;2033124568876453195;B
20241101;101207;2571.5;3;2033124568876453196;B
20241101;101207;2571.5;1;2033124568876453197;B
20241101;101208;2571.5;2;2033124568876453198;S
20241101;101212;2571.5;3;2033124568876453199;S
20241101;101213;2571.5;2;2033124568876453200;S
20241101;101214;2571;1;2033124568876453201;B
20241101;101227;2570;5;2033124568876453202;S
20241101;101227;2570;5;2033124568876453203;S
20241101;101229;2570;3;2033124568876453204;S
20241101;101229;2570;6;2033124568876453205;S
20241101;101229;2570;8;2033124568876453206;S
20241101;101229;2570;1;2033124568876453207;S
20241101;101229;2570;1;2033124568876453208;S
20241101;101229;2570;2;2033124568876453209;S
20241101;101231;2569.5;5;2033124568876453210;S
20241101;101232;2569.5;1;2033124568876453211;S
20241101;101232;2569.5;3;2033124568876453212;S
20241101;101235;2569;1;2033124568876453213;S
20241101;101235;2569;4;2033124568876453214;S
20241101;101235;2569;20;2033124568876453215;S
20241101;101235;2568.5;5;2033124568876453216;S
20241101;101235;2568.5;16;2033124568876453217;S
20241101;101235;2568.5;4;2033124568876453218;S
20241101;101236;2568.5;3;2033124568876453219;S
20241101;101236;2568.5;3;2033124568876453220;S
20241101;101238;2569;1;2033124568876453221;B
20241101;101239;2568.5;3;2033124568876453222;S
20241101;101239;2568.5;3;2033124568876453223;S
20241101;101244;2568;3;2033124568876453224;S
20241101;101244;2568;3;2033124568876453225;S
20241101;101244;2568;6;2033124568876453226;S
20241101;101244;2568;3;2033124568876453227;S
20241101;101244;2568;3;2033124568876453228;S
20241101;101244;2568;27;2033124568876453229;S
20241101;101244;2568;1;2033124568876453230;S
20241101;101249;2568;10;2033124568876453231;S
20241101;101252;2568;2;2033124568876453232;S
20241101;101254;2568;1;2033124568876453233;S
20241101;101259;2568;10;2033124568876453234;S
20241101;101301;2568;31;2033124568876453235;S
20241101;101301;2568;9;2033124568876453236;S
20241101;101301;2568;1;2033124568876453237;S
20241101;101315;2568.5;3;2033124568876453238;B
20241101;101315;2568.5;2;2033124568876453239;B
20241101;101315;2568.5;1;2033124568876453240;B
20241101;101315;2568.5;2;2033124568876453241;B
20241101;101323;2568.5;1;2033124568876453242;S
20241101;101324;2569;3;2033124568876453243;B
20241101;101327;2568.5;1;2033124568876453244;S
20241101;101327;2568.5;1;2033124568876453245;S
20241101;101333;2568.5;1;2033124568876453246;S
20241101;101334;2568.5;2;2033124568876453247;B
20241101;101334;2568.5;1;2033124568876453248;S
20241101;101336;2568.5;3;2033124568876453249;S
20241101;101339;2568.5;2;2033124568876453250;S
20241101;101341;2568.5;2;2033124568876453251;S
20241101;101341;2568.5;1;2033124568876453252;S
20241101;101343;2568;1;2033124568876453253;S
20241101;101346;2568.5;5;2033124568876453254;B
20241101;101356;2568;9;2033124568876453255;S
20241101;101356;2568;1;2033124568876453256;S
20241101;101414;2569;1;2033124568876453257;B
20241101;101414;2569;2;2033124568876453258;B
20241101;101415;2569.5;5;2033124568876453259;B
20241101;101416;2569.5;1;2033124568876453260;B
20241101;101416;2569.5;3;2033124568876453261;B
20241101;101417;2570;3;2033124568876453262;B
20241101;101420;2569.5;1;2033124568876453263;S
20241101;101420;2570;3;2033124568876453264;B
20241101;101420;2570;5;2033124568876453265;B
20241101;101420;2570;1;2033124568876453266;B
20241101;101420;2570;5;2033124568876453267;B
20241101;101425;2569.5;3;2033124568876453268;S
20241101;101425;2569.5;6;2033124568876453269;S
20241101;101425;2569.5;3;2033124568876453270;S
20241101;101425;2569.5;8;2033124568876453271;S
20241101;101429;2569.5;5;2033124568876453272;S
20241101;101433;2568.5;1;2033124568876453273;S
20241101;101433;2568.5;1;2033124568876453274;S
20241101;101433;2568.5;1;2033124568876453275;S
20241101;101433;2568.5;1;2033124568876453276;S
20241101;101433;2568.5;1;2033124568876453277;S
20241101;101433;2568.5;3;2033124568876453278;S
20241101;101433;2568.5;3;2033124568876453279;S
20241101;101442;2568;1;2033124568876453280;S
20241101;101445;2568.5;2;2033124568876453281;B
20241101;101450;2568;3;2033124568876453282;S
20241101;101450;2568;5;2033124568876453283;S
20241101;101450;2568;3;2033124568876453284;S
20241101;101450;2568;7;2033124568876453285;S
20241101;101450;2567.5;5;2033124568876453286;S
20241101;101450;2567.5;17;2033124568876453287;S
20241101;101452;2567.5;3;2033124568876453288;S
20241101;101452;2567.5;3;2033124568876453289;S
20241101;101452;2567.5;4;2033124568876453290;S
20241101;101503;2568;3;2033124568876453291;B
20241101;101503;2568;1;2033124568876453292;B
20241101;101505;2567.5;2;2033124568876453293;S
20241101;101505;2567.5;11;2033124568876453294;S
20241101;101507;2567.5;18;2033124568876453295;S
20241101;101511;2567.5;4;2033124568876453296;S
20241101;101511;2567.5;6;2033124568876453297;S
20241101;101511;2567.5;3;2033124568876453298;S
20241101;101512;2567.5;6;2033124568876453299;S
20241101;101512;2567.5;40;2033124568876453300;S
20241101;101512;2567.5;34;2033124568876453301;S
20241101;101512;2567;1;2033124568876453302;S
20241101;101512;2567;2;2033124568876453303;S
20241101;101512;2567;3;2033124568876453304;S
20241101;101512;2567;3;2033124568876453305;S
20241101;101512;2567;1;2033124568876453306;S
20241101;101512;2567;2;2033124568876453307;S
20241101;101512;2567;40;2033124568876453308;S
20241101;101512;2567;1;2033124568876453309;S
20241101;101512;2567;3;2033124568876453310;S
20241101;101512;2567;2;2033124568876453311;S
20241101;101512;2567;15;2033124568876453312;S
20241101;101512;2566.5;20;2033124568876453313;S
20241101;101512;2566.5;1;2033124568876453314;S
20241101;101512;2566.5;19;2033124568876453315;S
20241101;101512;2566.5;3;2033124568876453316;B
20241101;101512;2566;1;2033124568876453317;S
20241101;101512;2566;3;2033124568876453318;S
20241101;101512;2566;6;2033124568876453319;S
20241101;101512;2566;7;2033124568876453320;S
20241101;101512;2566;10;2033124568876453321;S
20241101;101512;2566;9;2033124568876453322;S
20241101;101512;2566;10;2033124568876453323;S
20241101;101512;2566;13;2033124568876453324;S
20241101;101512;2565.5;1;2033124568876453325;S
20241101;101512;2565.5;5;2033124568876453326;S
20241101;101512;2565.5;3;2033124568876453327;S
20241101;101512;2565.5;3;2033124568876453328;S
20241101;101512;2565.5;3;2033124568876453329;S
20241101;101512;2565.5;2;2033124568876453330;S
20241101;101512;2565.5;1;2033124568876453331;S
20241101;101512;2565.5;3;2033124568876453332;S
20241101;101512;2565;8;2033124568876453333;S
20241101;101512;2565;45;2033124568876453334;S
20241101;101513;2565;3;2033124568876453335;S
20241101;101513;2565;5;2033124568876453336;S
20241101;101513;2565;3;2033124568876453337;S
20241101;101513;2565;10;2033124568876453338;S
20241101;101513;2565.5;3;2033124568876453339;B
20241101;101513;2565.5;3;2033124568876453340;B
20241101;101514;2565.5;3;2033124568876453341;S
20241101;101514;2565.5;20;2033124568876453342;S
20241101;101514;2565.5;3;2033124568876453343;S
20241101;101515;2565.5;3;2033124568876453344;S
20241101;101515;2565.5;6;2033124568876453345;S
20241101;101515;2566;3;2033124568876453346;B
20241101;101515;2566;2;2033124568876453347;B
20241101;101515;2566;1;2033124568876453348;B
20241101;101517;2566;3;2033124568876453349;S
20241101;101521;2566;1;2033124568876453350;S
20241101;101522;2565.5;1;2033124568876453351;S
20241101;101522;2565.5;10;2033124568876453352;S
20241101;101522;2565.5;50;2033124568876453353;S
20241101;101522;2565.5;1;2033124568876453354;S
20241101;101522;2565.5;10;2033124568876453355;S
20241101;101522;2565.5;40;2033124568876453356;S
20241101;101523;2565.5;47;2033124568876453357;S
20241101;101523;2565.5;4;2033124568876453358;S
20241101;101523;2565.5;4;2033124568876453359;S
20241101;101523;2565.5;10;2033124568876453360;S
20241101;101523;2565.5;4;2033124568876453361;S
20241101;101523;2565;6;2033124568876453362;S
20241101;101523;2565;1;2033124568876453363;S
20241101;101523;2565.5;1;2033124568876453364;B
20241101;101524;2565;5;2033124568876453365;S
20241101;101524;2565;5;2033124568876453366;S
20241101;101525;2565;5;2033124568876453367;S
20241101;101525;2565;2;2033124568876453368;S
20241101;101528;2565;1;2033124568876453369;S
20241101;101528;2565;10;2033124568876453370;S
20241101;101528;2565;4;2033124568876453371;S
20241101;101528;2565;10;2033124568876453372;S
20241101;101528;2565;10;2033124568876453373;S
20241101;101528;2565;39;2033124568876453374;S
20241101;101528;2565;1;2033124568876453375;S
20241101;101529;2565;10;2033124568876453376;S
20241101;101529;2565;5;2033124568876453377;S
20241101;101529;2565;2;2033124568876453378;S
20241101;101529;2565;3;2033124568876453379;S
20241101;101529;2565;7;2033124568876453380;S
20241101;101529;2565;5;2033124568876453381;S
20241101;101529;2565;1;2033124568876453382;S
20241101;101529;2565;5;2033124568876453383;S
20241101;101530;2565;1;2033124568876453384;S
20241101;101530;2565;5;2033124568876453385;S
20241101;101530;2565;7;2033124568876453386;S
20241101;101530;2565;1;2033124568876453387;S
20241101;101530;2564.5;1;2033124568876453388;S
20241101;101530;2564.5;1;2033124568876453389;S
20241101;101530;2564;1;2033124568876453390;S
20241101;101530;2564;7;2033124568876453391;S
20241101;101531;2564;11;2033124568876453392;S
20241101;101533;2563.5;1;2033124568876453393;S
20241101;101535;2565;1;2033124568876453394;B
20241101;101536;2565;20;2033124568876453395;B
20241101;101539;2563.5;1;2033124568876453396;S
20241101;101539;2563.5;40;2033124568876453397;S
20241101;101539;2563.5;5;2033124568876453398;S
20241101;101539;2563.5;4;2033124568876453399;S
20241101;101539;2563.5;13;2033124568876453400;S
20241101;101539;2563.5;3;2033124568876453401;S
20241101;101539;2563.5;5;2033124568876453402;S
20241101;101539;2563.5;18;2033124568876453403;S
20241101;101539;2563;40;2033124568876453404;S
20241101;101539;2563;5;2033124568876453405;S
20241101;101539;2563;10;2033124568876453406;S
20241101;101539;2563;1;2033124568876453407;S
20241101;101539;2563;1;2033124568876453408;S
20241101;101539;2563;5;2033124568876453409;S
20241101;101539;2563;3;2033124568876453410;S
20241101;101539;2562.5;5;2033124568876453411;S
20241101;101539;2562.5;40;2033124568876453412;S
20241101;101539;2562.5;5;2033124568876453413;S
20241101;101539;2562.5;70;2033124568876453414;S
20241101;101539;2562.5;6;2033124568876453415;S
20241101;101539;2562.5;6;2033124568876453416;S
20241101;101539;2562.5;6;2033124568876453417;S
20241101;101539;2562.5;2;2033124568876453418;S
20241101;101539;2562.5;3;2033124568876453419;S
20241101;101539;2562.5;3;2033124568876453420;S
20241101;101539;2562.5;3;2033124568876453421;S
20241101;101539;2562.5;3;2033124568876453422;S
20241101;101539;2562.5;3;2033124568876453423;S
20241101;101539;2562.5;3;2033124568876453424;S
20241101;101539;2562.5;3;2033124568876453425;S
20241101;101539;2562.5;100;2033124568876453426;S
20241101;101539;2562.5;3;2033124568876453427;S
20241101;101539;2562;40;2033124568876453428;S
20241101;101539;2562;5;2033124568876453429;S
20241101;101539;2562;1;2033124568876453430;S
20241101;101539;2562;3;2033124568876453431;S
20241101;101539;2562;20;2033124568876453432;S
20241101;101539;2562;40;2033124568876453433;S
20241101;101539;2562;3;2033124568876453434;S
20241101;101539;2562;210;2033124568876453435;S
20241101;101539;2562;30;2033124568876453436;S
20241101;101539;2562;1;2033124568876453437;S
20241101;101539;2562;10;2033124568876453438;S
20241101;101539;2562;4;2033124568876453439;S
20241101;101539;2562;15;2033124568876453440;S
20241101;101539;2562.5;3;2033124568876453441;S
20241101;101539;2562.5;3;2033124568876453442;S
20241101;101539;2562.5;1;2033124568876453443;S
20241101;101540;2562.5;3;2033124568876453444;S
20241101;101540;2562.5;9;2033124568876453445;S
20241101;101540;2562.5;3;2033124568876453446;S
20241101;101540;2562.5;3;2033124568876453447;S
20241101;101540;2562.5;40;2033124568876453448;S
20241101;101540;2562.5;35;2033124568876453449;S
20241101;101540;2562;6;2033124568876453450;S
20241101;101541;2562;3;2033124568876453451;S
20241101;101541;2562;6;2033124568876453452;S
20241101;101541;2562;3;2033124568876453453;S
20241101;101541;2562;3;2033124568876453454;S
20241101;101541;2562;3;2033124568876453455;S
20241101;101541;2562;4;2033124568876453456;S
20241101;101541;2562;18;2033124568876453457;S
20241101;101541;2562;40;2033124568876453458;S
20241101;101541;2562;20;2033124568876453459;S
20241101;101542;2561.5;1;2033124568876453460;S
20241101;101542;2561.5;1;2033124568876453461;S
20241101;101542;2561.5;1;2033124568876453462;S
20241101;101543;2561.5;3;2033124568876453463;S
20241101;101543;2561;1;2033124568876453464;S
20241101;101543;2561;3;2033124568876453465;S
20241101;101545;2561;3;2033124568876453466;S
20241101;101546;2561;2;2033124568876453467;S
20241101;101547;2561;2;2033124568876453468;S
20241101;101547;2561;4;2033124568876453469;S
20241101;101549;2561;3;2033124568876453470;S
20241101;101549;2561;5;2033124568876453471;S
20241101;101550;2561;10;2033124568876453472;S
20241101;101550;2561;1;2033124568876453473;B
20241101;101550;2561;1;2033124568876453474;B
20241101;101550;2561.5;3;2033124568876453475;B
20241101;101551;2561.5;3;2033124568876453476;S
20241101;101553;2562;4;2033124568876453477;B
20241101;101553;2562.5;40;2033124568876453478;B
20241101;101553;2562.5;5;2033124568876453479;B
20241101;101553;2562.5;1;2033124568876453480;B
20241101;101553;2562.5;10;2033124568876453481;B
20241101;101553;2562.5;4;2033124568876453482;B
20241101;101553;2562.5;3;2033124568876453483;B
20241101;101553;2563;5;2033124568876453484;B
20241101;101553;2563;28;2033124568876453485;B
20241101;101554;2563;3;2033124568876453486;B
20241101;101555;2563.5;1;2033124568876453487;B
20241101;101555;2563.5;3;2033124568876453488;B
20241101;101555;2564;3;2033124568876453489;B
20241101;101600;2563;1;2033124568876453490;S
20241101;101603;2563;1;2033124568876453491;B
20241101;101603;2563;14;2033124568876453492;B
20241101;101604;2563;5;2033124568876453493;B
20241101;101606;2562;3;2033124568876453494;S
20241101;101606;2562;5;2033124568876453495;S
20241101;101606;2562;1;2033124568876453496;S
20241101;101606;2561.5;1;2033124568876453497;S
20241101;101607;2563;6;2033124568876453498;B
20241101;101610;2562.5;32;2033124568876453499;B
20241101;101610;2562.5;5;2033124568876453500;B
20241101;101610;2562.5;38;2033124568876453501;B
20241101;101613;2561.5;2;2033124568876453502;S
20241101;101615;2562.5;3;2033124568876453503;B
20241101;101615;2562.5;1;2033124568876453504;B
20241101;101615;2563;14;2033124568876453505;B
20241101;101615;2563;2;2033124568876453506;B
20241101;101616;2562;5;2033124568876453507;S
20241101;101618;2561.5;1;2033124568876453508;S
20241101;101618;2561.5;1;2033124568876453509;S
20241101;101618;2561.5;2;2033124568876453510;S
20241101;101618;2561;6;2033124568876453511;S
20241101;101627;2561;3;2033124568876453512;S
20241101;101628;2561;2;2033124568876453513;S
20241101;101628;2561;1;2033124568876453514;S
20241101;101628;2561;1;2033124568876453515;S
20241101;101631;2561;1;2033124568876453516;B
20241101;101631;2561;24;2033124568876453517;B
20241101;101631;2560.5;1;2033124568876453518;S
20241101;101631;2560.5;1;2033124568876453519;S
20241101;101631;2560;2;2033124568876453520;S
20241101;101631;2560;1;2033124568876453521;S
20241101;101631;2560;1;2033124568876453522;S
20241101;101631;2560;1;2033124568876453523;S
20241101;101631;2560;2;2033124568876453524;S
20241101;101631;2560;1;2033124568876453525;S
20241101;101631;2560;1;2033124568876453526;S
20241101;101631;2560;3;2033124568876453527;S
20241101;101631;2560;5;2033124568876453528;S
20241101;101631;2560;5;2033124568876453529;S
20241101;101631;2560;1;2033124568876453530;S
20241101;101631;2560;4;2033124568876453531;S
20241101;101631;2560;5;2033124568876453532;S
20241101;101631;2560;1;2033124568876453533;S
20241101;101631;2560;10;2033124568876453534;S
20241101;101631;2560;10;2033124568876453535;S
20241101;101631;2560;1;2033124568876453536;S
20241101;101631;2560;1;2033124568876453537;S
20241101;101631;2560;18;2033124568876453538;S
20241101;101631;2560;40;2033124568876453539;S
20241101;101631;2559.5;10;2033124568876453540;S
20241101;101632;2560;1;2033124568876453541;S
20241101;101632;2559.5;1;2033124568876453542;S
20241101;101632;2559.5;1;2033124568876453543;S
20241101;101632;2559.5;10;2033124568876453544;S
20241101;101632;2559.5;4;2033124568876453545;S
20241101;101632;2559;40;2033124568876453546;S
20241101;101632;2559;5;2033124568876453547;S
20241101;101632;2559;1;2033124568876453548;S
20241101;101632;2559;4;2033124568876453549;S
20241101;101632;2559;3;2033124568876453550;S
20241101;101632;2559;3;2033124568876453551;S
20241101;101632;2559;3;2033124568876453552;S
20241101;101632;2559;3;2033124568876453553;S
20241101;101632;2559;3;2033124568876453554;S
20241101;101632;2559;3;2033124568876453555;S
20241101;101632;2559;6;2033124568876453556;S
20241101;101632;2558.5;40;2033124568876453557;S
20241101;101632;2558.5;5;2033124568876453558;S
20241101;101632;2558.5;3;2033124568876453559;S
20241101;101632;2558.5;3;2033124568876453560;S
20241101;101632;2558.5;3;2033124568876453561;S
20241101;101632;2558.5;1;2033124568876453562;S
20241101;101632;2558.5;1;2033124568876453563;S
20241101;101632;2558.5;3;2033124568876453564;S
20241101;101632;2558;1;2033124568876453565;S
20241101;101632;2558;40;2033124568876453566;S
20241101;101632;2558;5;2033124568876453567;S
20241101;101632;2558;4;2033124568876453568;S
20241101;101632;2559;1;2033124568876453569;S
20241101;101632;2559;10;2033124568876453570;S
20241101;101632;2559;4;2033124568876453571;S
20241101;101632;2558.5;3;2033124568876453572;S
20241101;101632;2558;4;2033124568876453573;S
20241101;101632;2558;6;2033124568876453574;S
20241101;101633;2558.5;1;2033124568876453575;S
20241101;101633;2559.5;5;2033124568876453576;B
20241101;101633;2558.5;1;2033124568876453577;S
20241101;101633;2558.5;4;2033124568876453578;S
20241101;101633;2558;5;2033124568876453579;S
20241101;101633;2558;4;2033124568876453580;S
20241101;101633;2558.5;1;2033124568876453581;B
20241101;101633;2558.5;1;2033124568876453582;B
20241101;101634;2559;3;2033124568876453583;B
20241101;101634;2559;2;2033124568876453584;B
20241101;101637;2558.5;1;2033124568876453585;S
20241101;101637;2559;1;2033124568876453586;B
20241101;101637;2559;1;2033124568876453587;B
20241101;101637;2559;1;2033124568876453588;B
20241101;101637;2559;2;2033124568876453589;B
20241101;101637;2558.5;39;2033124568876453590;S
20241101;101637;2558.5;5;2033124568876453591;S
20241101;101637;2558;16;2033124568876453592;S
20241101;101637;2558;24;2033124568876453593;S
20241101;101637;2558;11;2033124568876453594;S
20241101;101639;2558.5;40;2033124568876453595;B
20241101;101639;2558.5;5;2033124568876453596;B
20241101;101639;2558.5;3;2033124568876453597;S
20241101;101639;2558.5;2;2033124568876453598;S
20241101;101640;2557.5;1;2033124568876453599;S
20241101;101642;2558.5;20;2033124568876453600;S
20241101;101643;2558;5;2033124568876453601;S
20241101;101645;2558;1;2033124568876453602;B
20241101;101646;2558;5;2033124568876453603;B
20241101;101646;2558;34;2033124568876453604;B
20241101;101647;2558.5;5;2033124568876453605;B
20241101;101649;2558;6;2033124568876453606;S
20241101;101649;2558;2;2033124568876453607;S
20241101;101652;2558.5;5;2033124568876453608;B
20241101;101653;2558;3;2033124568876453609;S
20241101;101655;2557.5;9;2033124568876453610;S
20241101;101655;2557.5;1;2033124568876453611;S
20241101;101655;2557.5;5;2033124568876453612;S
20241101;101656;2557.5;3;2033124568876453613;S
20241101;101657;2557.5;5;2033124568876453614;S
20241101;101657;2557.5;9;2033124568876453615;S
20241101;101659;2558;14;2033124568876453616;B
20241101;101700;2558;1;2033124568876453617;B
20241101;101700;2557.5;1;2033124568876453618;S
20241101;101700;2557.5;3;2033124568876453619;S
20241101;101703;2557.5;37;2033124568876453620;S
20241101;101704;2557;1;2033124568876453621;S
20241101;101704;2557;2;2033124568876453622;S
20241101;101704;2557;2;2033124568876453623;S
20241101;101704;2557;22;2033124568876453624;S
20241101;101704;2557;40;2033124568876453625;S
20241101;101704;2557;1;2033124568876453626;S
20241101;101704;2557;1;2033124568876453627;S
20241101;101704;2557;5;2033124568876453628;S
20241101;101704;2557;6;2033124568876453629;S
20241101;101704;2557;1;2033124568876453630;S
20241101;101704;2556.5;7;2033124568876453631;S
20241101;101704;2556.5;1;2033124568876453632;S
20241101;101704;2556.5;40;2033124568876453633;S
20241101;101704;2556.5;1;2033124568876453634;S
20241101;101705;2556.5;1;2033124568876453635;S
20241101;101705;2556.5;4;2033124568876453636;S
20241101;101711;2557.5;3;2033124568876453637;B
20241101;101711;2557.5;2;2033124568876453638;B
20241101;101712;2558;1;2033124568876453639;B
20241101;101712;2558;2;2033124568876453640;B
20241101;101712;2558;4;2033124568876453641;B
20241101;101712;2558.5;10;2033124568876453642;B
20241101;101713;2558.5;25;2033124568876453643;B
20241101;101713;2558.5;6;2033124568876453644;B
20241101;101713;2558.5;3;2033124568876453645;B
20241101;101713;2558.5;50;2033124568876453646;B
20241101;101713;2558.5;40;2033124568876453647;B
20241101;101713;2558.5;3;2033124568876453648;B
20241101;101713;2558.5;1;2033124568876453649;B
20241101;101713;2558.5;20;2033124568876453650;B
20241101;101713;2558.5;1;2033124568876453651;B
20241101;101713;2558.5;5;2033124568876453652;B
20241101;101713;2558.5;6;2033124568876453653;B
20241101;101713;2558.5;2;2033124568876453654;B
20241101;101713;2559;1;2033124568876453655;B
20241101;101713;2559;1;2033124568876453656;B
20241101;101713;2559;3;2033124568876453657;B
20241101;101713;2559;5;2033124568876453658;B
20241101;101713;2559;8;2033124568876453659;B
20241101;101713;2559;6;2033124568876453660;B
20241101;101713;2559;6;2033124568876453661;B
20241101;101714;2559.5;3;2033124568876453662;B
20241101;101714;2559.5;7;2033124568876453663;B
20241101;101715;2559.5;25;2033124568876453664;B
20241101;101715;2559.5;125;2033124568876453665;B
20241101;101715;2559.5;40;2033124568876453666;B
20241101;101715;2559.5;3;2033124568876453667;B
20241101;101716;2560;5;2033124568876453668;B
20241101;101716;2560;1;2033124568876453669;B
20241101;101716;2560;1;2033124568876453670;B
20241101;101716;2560.5;10;2033124568876453671;B
20241101;101716;2560.5;1;2033124568876453672;B
20241101;101717;2560;10;2033124568876453673;S
20241101;101717;2560.5;3;2033124568876453674;B
20241101;101717;2560.5;6;2033124568876453675;B
20241101;101717;2561;3;2033124568876453676;B
20241101;101718;2561;5;2033124568876453677;B
20241101;101718;2561.5;5;2033124568876453678;B
20241101;101718;2561.5;4;2033124568876453679;B
20241101;101718;2561.5;1;2033124568876453680;B
20241101;101721;2560.5;3;2033124568876453681;S
20241101;101721;2560;1;2033124568876453682;S
20241101;101721;2560;2;2033124568876453683;S
20241101;101723;2560;1;2033124568876453684;B
20241101;101723;2560.5;9;2033124568876453685;B
20241101;101724;2559.5;25;2033124568876453686;S
20241101;101724;2559.5;15;2033124568876453687;S
20241101;101724;2559.5;5;2033124568876453688;S
20241101;101724;2560.5;1;2033124568876453689;B
20241101;101726;2560;6;2033124568876453690;B
20241101;101726;2560;3;2033124568876453691;B
20241101;101726;2560;4;2033124568876453692;B
20241101;101726;2560;1;2033124568876453693;B
20241101;101726;2560;10;2033124568876453694;B
20241101;101726;2559.5;4;2033124568876453695;S
20241101;101730;2560;1;2033124568876453696;B
20241101;101732;2561;5;2033124568876453697;B
20241101;101732;2561;1;2033124568876453698;B
20241101;101737;2561;1;2033124568876453699;B
20241101;101737;2561;4;2033124568876453700;B
20241101;101737;2560;5;2033124568876453701;S
20241101;101739;2560;1;2033124568876453702;S
20241101;101741;2559.5;1;2033124568876453703;S
20241101;101741;2559.5;2;2033124568876453704;S
20241101;101741;2559.5;1;2033124568876453705;S
20241101;101741;2560;1;2033124568876453706;B
20241101;101742;2559;12;2033124568876453707;S
20241101;101743;2559;5;2033124568876453708;S
20241101;101743;2559;5;2033124568876453709;S
20241101;101743;2559.5;1;2033124568876453710;B
20241101;101743;2559;2;2033124568876453711;S
20241101;101743;2559;1;2033124568876453712;S
20241101;101744;2558.5;5;2033124568876453713;S
20241101;101744;2558.5;3;2033124568876453714;S
20241101;101744;2558.5;1;2033124568876453715;S
20241101;101744;2558.5;3;2033124568876453716;S
20241101;101744;2558;3;2033124568876453717;S
20241101;101744;2558;1;2033124568876453718;S
20241101;101744;2558;2;2033124568876453719;S
20241101;101751;2558;10;2033124568876453720;S
20241101;101751;2558;3;2033124568876453721;S
20241101;101752;2558;10;2033124568876453722;S
20241101;101755;2559;5;2033124568876453723;B
20241101;101755;2559;1;2033124568876453724;B
20241101;101758;2559;5;2033124568876453725;S
20241101;101758;2558.5;6;2033124568876453726;S
20241101;101758;2558.5;5;2033124568876453727;S
20241101;101758;2558.5;5;2033124568876453728;S
20241101;101758;2558;17;2033124568876453729;S
20241101;101758;2558;5;2033124568876453730;S
20241101;101758;2558;5;2033124568876453731;S
20241101;101758;2558;12;2033124568876453732;S
20241101;101758;2557.5;40;2033124568876453733;S
20241101;101758;2557.5;1;2033124568876453734;S
20241101;101758;2557.5;40;2033124568876453735;S
20241101;101758;2557.5;12;2033124568876453736;S
20241101;101758;2557.5;1;2033124568876453737;S
20241101;101758;2557.5;51;2033124568876453738;S
20241101;101758;2557.5;2;2033124568876453739;S
20241101;101758;2557.5;8;2033124568876453740;S
20241101;101803;2557;1;2033124568876453741;S
20241101;101803;2557;1;2033124568876453742;S
20241101;101804;2556.5;6;2033124568876453743;S
20241101;101804;2556.5;38;2033124568876453744;S
20241101;101804;2556.5;11;2033124568876453745;S
20241101;101804;2556.5;1;2033124568876453746;S
20241101;101804;2556.5;5;2033124568876453747;S
20241101;101804;2556.5;5;2033124568876453748;S
20241101;101805;2556.5;1;2033124568876453749;B
20241101;101805;2556;1;2033124568876453750;S
20241101;101805;2556;1;2033124568876453751;S
20241101;101805;2556;5;2033124568876453752;S
20241101;101805;2556;1;2033124568876453753;S
20241101;101805;2556;4;2033124568876453754;S
20241101;101806;2556;1;2033124568876453755;S
20241101;101807;2556.5;14;2033124568876453756;B
20241101;101807;2556.5;11;2033124568876453757;B
20241101;101807;2557;3;2033124568876453758;B
20241101;101807;2557;1;2033124568876453759;B
20241101;101807;2557.5;6;2033124568876453760;B
20241101;101815;2558.5;2;2033124568876453761;B
20241101;101815;2558;4;2033124568876453762;S
20241101;101817;2559;5;2033124568876453763;B
20241101;101817;2559;3;2033124568876453764;B
20241101;101817;2559;3;2033124568876453765;B
20241101;101817;2559.5;30;2033124568876453766;B
20241101;101817;2559.5;1;2033124568876453767;B
20241101;101817;2559.5;2;2033124568876453768;B
20241101;101817;2559.5;50;2033124568876453769;B
20241101;101817;2559.5;6;2033124568876453770;B
20241101;101821;2558.5;1;2033124568876453771;S
20241101;101821;2559;5;2033124568876453772;B
20241101;101832;2558.5;1;2033124568876453773;S
20241101;101832;2558.5;1;2033124568876453774;S
20241101;101834;2558;10;2033124568876453775;S
20241101;101834;2558.5;40;2033124568876453776;B
20241101;101835;2558;20;2033124568876453777;S
20241101;101835;2558;2;2033124568876453778;S
20241101;101835;2558;3;2033124568876453779;S
20241101;101835;2558;3;2033124568876453780;S
20241101;101835;2558;3;2033124568876453781;S
20241101;101835;2558;1;2033124568876453782;S
20241101;101835;2558;2;2033124568876453783;S
20241101;101835;2557.5;6;2033124568876453784;S
20241101;101835;2557.5;1;2033124568876453785;S
20241101;101835;2557.5;9;2033124568876453786;S
20241101;101841;2559;1;2033124568876453787;S
20241101;101846;2559.5;1;2033124568876453788;B
20241101;101847;2559.5;1;2033124568876453789;B
20241101;101851;2558.5;2;2033124568876453790;S
20241101;101901;2559.5;5;2033124568876453791;B
20241101;101903;2559.5;1;2033124568876453792;B
20241101;101908;2559.5;5;2033124568876453793;B
20241101;101908;2559.5;7;2033124568876453794;B
20241101;101908;2559.5;2;2033124568876453795;B
20241101;101912;2560;6;2033124568876453796;B
20241101;101912;2560;9;2033124568876453797;B
20241101;101912;2560;3;2033124568876453798;B
20241101;101913;2561;3;2033124568876453799;B
20241101;101913;2561;7;2033124568876453800;B
20241101;101913;2561;1;2033124568876453801;B
20241101;101916;2560;10;2033124568876453802;S
20241101;101917;2560;10;2033124568876453803;S
20241101;101928;2560;6;2033124568876453804;S
20241101;101928;2559.5;10;2033124568876453805;S
20241101;101932;2560.5;5;2033124568876453806;B
20241101;101932;2560.5;33;2033124568876453807;B
20241101;101939;2560.5;2;2033124568876453808;B
20241101;101940;2560.5;5;2033124568876453809;B
20241101;101940;2560.5;24;2033124568876453810;B
20241101;101940;2560.5;1;2033124568876453811;B
20241101;101940;2560.5;1;2033124568876453812;B
20241101;101940;2560.5;7;2033124568876453813;B
20241101;101943;2561;1;2033124568876453814;B
20241101;101944;2561;2;2033124568876453815;S
20241101;101944;2561;1;2033124568876453816;S
20241101;101946;2561;2;2033124568876453817;S
20241101;101951;2561.5;1;2033124568876453818;B
20241101;101951;2561.5;3;2033124568876453819;B
20241101;101951;2561.5;5;2033124568876453820;B
20241101;101951;2562;21;2033124568876453821;B
20241101;101953;2561;3;2033124568876453822;S
20241101;101953;2560.5;1;2033124568876453823;B
20241101;101953;2560.5;1;2033124568876453824;B
20241101;101953;2560.5;1;2033124568876453825;B
20241101;101955;2560;1;2033124568876453826;S
20241101;101955;2561;2;2033124568876453827;B
20241101;101957;2560;2;2033124568876453828;S
20241101;101957;2560;8;2033124568876453829;S
20241101;102000;2560;19;2033124568876453830;S
20241101;102000;2560;1;2033124568876453831;S
20241101;102000;2560;5;2033124568876453832;S
20241101;102000;2560;3;2033124568876453833;S
20241101;102000;2560;3;2033124568876453834;S
20241101;102000;2560;6;2033124568876453835;S
20241101;102002;2560;6;2033124568876453836;B
20241101;102002;2560;12;2033124568876453837;B
20241101;102004;2560;10;2033124568876453838;S
20241101;102005;2560.5;2;2033124568876453839;B
20241101;102006;2560;3;2033124568876453840;S
20241101;102006;2560;9;2033124568876453841;S
20241101;102006;2560;3;2033124568876453842;S
20241101;102011;2560;2;2033124568876453843;B
20241101;102013;2559.5;1;2033124568876453844;S
20241101;102013;2559.5;4;2033124568876453845;S
20241101;102014;2560;4;2033124568876453846;B
20241101;102014;2560;5;2033124568876453847;B
20241101;102014;2560;1;2033124568876453848;B
20241101;102015;2559.5;2;2033124568876453849;S
20241101;102015;2559.5;2;2033124568876453850;S
20241101;102015;2559.5;1;2033124568876453851;S
20241101;102015;2559.5;1;2033124568876453852;S
20241101;102015;2559.5;4;2033124568876453853;S
20241101;102015;2559.5;1;2033124568876453854;S
20241101;102016;2559;1;2033124568876453855;S
20241101;102016;2559;4;2033124568876453856;S
20241101;102016;2559.5;1;2033124568876453857;B
20241101;102017;2559;1;2033124568876453858;S
20241101;102020;2559;16;2033124568876453859;S
20241101;102020;2559;1;2033124568876453860;S
20241101;102020;2558.5;40;2033124568876453861;S
20241101;102020;2558.5;20;2033124568876453862;S
20241101;102020;2558.5;25;2033124568876453863;S
20241101;102020;2558.5;4;2033124568876453864;S
20241101;102026;2558;1;2033124568876453865;S
20241101;102026;2558;3;2033124568876453866;S
20241101;102026;2558;1;2033124568876453867;S
20241101;102027;2557.5;5;2033124568876453868;S
20241101;102028;2557.5;1;2033124568876453869;S
20241101;102032;2557.5;3;2033124568876453870;S
20241101;102032;2557.5;1;2033124568876453871;S
20241101;102032;2557.5;2;2033124568876453872;S
20241101;102037;2557;10;2033124568876453873;S
20241101;102039;2558;2;2033124568876453874;B
20241101;102039;2558;1;2033124568876453875;B
20241101;102039;2558.5;11;2033124568876453876;B
20241101;102039;2558.5;12;2033124568876453877;B
20241101;102039;2557.5;6;2033124568876453878;S
20241101;102040;2557;1;2033124568876453879;S
20241101;102040;2557;3;2033124568876453880;S
20241101;102040;2557;3;2033124568876453881;S
20241101;102040;2557;3;2033124568876453882;S
20241101;102041;2557;3;2033124568876453883;S
20241101;102041;2557;1;2033124568876453884;S
20241101;102041;2557;1;2033124568876453885;S
20241101;102041;2557;2;2033124568876453886;S
20241101;102041;2557;2;2033124568876453887;S
20241101;102041;2557;29;2033124568876453888;S
20241101;102041;2557;1;2033124568876453889;S
20241101;102044;2556.5;1;2033124568876453890;S
20241101;102044;2556.5;3;2033124568876453891;S
20241101;102045;2556.5;7;2033124568876453892;S
20241101;102045;2556.5;1;2033124568876453893;S
20241101;102052;2556;5;2033124568876453894;S
20241101;102052;2556.5;9;2033124568876453895;B
20241101;102052;2556.5;1;2033124568876453896;B
20241101;102054;2556;2;2033124568876453897;S
20241101;102055;2556;12;2033124568876453898;S
20241101;102055;2556;16;2033124568876453899;S
20241101;102055;2556;1;2033124568876453900;S
20241101;102055;2556;23;2033124568876453901;S
20241101;102056;2556;2;2033124568876453902;S
20241101;102056;2556;1;2033124568876453903;S
20241101;102056;2556;1;2033124568876453904;S
20241101;102056;2556;1;2033124568876453905;S
20241101;102056;2556;1;2033124568876453906;B
20241101;102056;2556;1;2033124568876453907;S
20241101;102056;2556;2;2033124568876453908;B
20241101;102057;2556;2;2033124568876453909;B
20241101;102058;2555.5;1;2033124568876453910;S
20241101;102058;2555.5;1;2033124568876453911;S
20241101;102058;2555.5;2;2033124568876453912;S
20241101;102058;2555.5;1;2033124568876453913;S
20241101;102058;2555.5;2;2033124568876453914;S
20241101;102058;2555.5;2;2033124568876453915;S
20241101;102058;2555.5;1;2033124568876453916;S
20241101;102058;2555.5;2;2033124568876453917;S
20241101;102058;2555.5;2;2033124568876453918;S
20241101;102058;2555.5;2;2033124568876453919;S
20241101;102058;2555.5;1;2033124568876453920;S
20241101;102058;2555.5;2;2033124568876453921;S
20241101;102058;2555.5;1;2033124568876453922;S
20241101;102058;2555.5;1;2033124568876453923;S
20241101;102058;2555.5;1;2033124568876453924;S
20241101;102058;2555.5;2;2033124568876453925;S
20241101;102058;2555.5;1;2033124568876453926;S
20241101;102058;2555.5;1;2033124568876453927;S
20241101;102058;2555.5;2;2033124568876453928;S
20241101;102058;2555.5;1;2033124568876453929;S
20241101;102058;2555.5;2;2033124568876453930;S
20241101;102058;2555.5;1;2033124568876453931;S
20241101;102058;2555.5;2;2033124568876453932;S
20241101;102058;2555.5;1;2033124568876453933;S
20241101;102058;2555.5;2;2033124568876453934;S
20241101;102058;2555.5;1;2033124568876453935;S
20241101;102058;2555.5;2;2033124568876453936;S
20241101;102058;2555.5;1;2033124568876453937;S
20241101;102058;2555.5;2;2033124568876453938;S
20241101;102058;2555.5;1;2033124568876453939;S
20241101;102058;2555.5;1;2033124568876453940;S
20241101;102058;2555.5;1;2033124568876453941;S
20241101;102058;2555.5;1;2033124568876453942;S
20241101;102101;2555.5;1;2033124568876453943;S
20241101;102101;2555.5;23;2033124568876453944;S
20241101;102102;2555;4;2033124568876453945;S
20241101;102102;2555;1;2033124568876453946;S
20241101;102102;2555;5;2033124568876453947;S
20241101;102103;2555;6;2033124568876453948;S
20241101;102103;2555;44;2033124568876453949;S
20241101;102103;2555;5;2033124568876453950;S
20241101;102103;2555;1;2033124568876453951;S
20241101;102103;2555;1;2033124568876453952;S
20241101;102103;2555;40;2033124568876453953;S
20241101;102103;2555;10;2033124568876453954;S
20241101;102103;2555;1;2033124568876453955;S
20241101;102103;2555;1;2033124568876453956;S
20241101;102103;2555;20;2033124568876453957;S
20241101;102103;2555;1;2033124568876453958;S
20241101;102103;2555;1;2033124568876453959;S
20241101;102103;2555;2;2033124568876453960;S
20241101;102103;2555;3;2033124568876453961;B
20241101;102103;2555.5;7;2033124568876453962;B
20241101;102104;2555;40;2033124568876453963;S
20241101;102104;2555;1;2033124568876453964;S
20241101;102104;2554.5;1;2033124568876453965;S
20241101;102104;2554.5;5;2033124568876453966;S
20241101;102104;2554.5;1;2033124568876453967;S
20241101;102104;2554.5;2;2033124568876453968;S
20241101;102104;2554.5;4;2033124568876453969;S
20241101;102106;2554.5;9;2033124568876453970;S
20241101;102106;2554.5;6;2033124568876453971;S
20241101;102106;2554.5;2;2033124568876453972;S
20241101;102106;2554;2;2033124568876453973;S
20241101;102106;2554;1;2033124568876453974;S
20241101;102106;2554;1;2033124568876453975;S
20241101;102106;2554;4;2033124568876453976;S
20241101;102106;2554.5;10;2033124568876453977;S
20241101;102106;2554;10;2033124568876453978;S
20241101;102107;2554;1;2033124568876453979;S
20241101;102107;2555;1;2033124568876453980;B
20241101;102108;2555;1;2033124568876453981;B
20241101;102110;2555;4;2033124568876453982;B
20241101;102110;2555;1;2033124568876453983;B
20241101;102111;2555.5;3;2033124568876453984;B
20241101;102112;2555;10;2033124568876453985;S
20241101;102112;2556;1;2033124568876453986;B
20241101;102112;2556;5;2033124568876453987;B
20241101;102112;2555.5;2;2033124568876453988;S
20241101;102112;2555.5;4;2033124568876453989;S
20241101;102112;2555;30;2033124568876453990;S
20241101;102112;2555;2;2033124568876453991;S
20241101;102112;2555;18;2033124568876453992;S
20241101;102112;2554.5;6;2033124568876453993;S
20241101;102115;2555;1;2033124568876453994;S
20241101;102117;2555.5;6;2033124568876453995;S
20241101;102117;2555.5;12;2033124568876453996;S
20241101;102117;2555;5;2033124568876453997;S
20241101;102117;2555;3;2033124568876453998;S
20241101;102123;2555.5;1;2033124568876453999;S
20241101;102123;2555;5;2033124568876454000;S
20241101;102123;2555;1;2033124568876454001;S
20241101;102123;2555;6;2033124568876454002;S
20241101;102124;2555;2;2033124568876454003;B
20241101;102125;2555;1;2033124568876454004;B
20241101;102127;2556;6;2033124568876454005;B
20241101;102127;2556;4;2033124568876454006;B
20241101;102127;2556.5;36;2033124568876454007;B
20241101;102128;2556.5;1;2033124568876454008;B
20241101;102128;2556.5;5;2033124568876454009;B
20241101;102128;2556.5;3;2033124568876454010;B
20241101;102128;2556.5;2;2033124568876454011;B
20241101;102128;2556.5;5;2033124568876454012;B
20241101;102131;2556;21;2033124568876454013;S
20241101;102137;2557;1;2033124568876454014;B
20241101;102137;2556;1;2033124568876454015;S
20241101;102138;2557.5;20;2033124568876454016;B
20241101;102138;2557.5;1;2033124568876454017;B
20241101;102140;2557;2;2033124568876454018;S
20241101;102141;2558.5;1;2033124568876454019;B
20241101;102142;2557;1;2033124568876454020;S
20241101;102152;2558;5;2033124568876454021;B
20241101;102152;2558;1;2033124568876454022;B
20241101;102153;2558.5;1;2033124568876454023;B
20241101;102154;2558.5;16;2033124568876454024;B
20241101;102155;2558.5;3;2033124568876454025;B
20241101;102155;2558.5;2;2033124568876454026;B
20241101;102155;2559;2;2033124568876454027;B
20241101;102201;2557.5;3;2033124568876454028;S
20241101;102208;2557.5;3;2033124568876454029;S
20241101;102208;2557.5;12;2033124568876454030;S
20241101;102208;2557;40;2033124568876454031;S
20241101;102208;2557;35;2033124568876454032;S
20241101;102208;2557;15;2033124568876454033;S
20241101;102208;2557;6;2033124568876454034;S
20241101;102208;2557;20;2033124568876454035;S
20241101;102208;2556.5;3;2033124568876454036;S
20241101;102208;2556.5;6;2033124568876454037;S
20241101;102209;2556.5;2;2033124568876454038;S
20241101;102209;2556.5;8;2033124568876454039;S
20241101;102209;2556.5;5;2033124568876454040;S
20241101;102211;2556.5;1;2033124568876454041;B
20241101;102215;2557;3;2033124568876454042;B
20241101;102215;2557.5;7;2033124568876454043;B
20241101;102222;2557;1;2033124568876454044;S
20241101;102222;2557;19;2033124568876454045;S
20241101;102222;2557;1;2033124568876454046;S
20241101;102222;2557;2;2033124568876454047;S
20241101;102223;2557;3;2033124568876454048;S
20241101;102224;2557.5;2;2033124568876454049;B
20241101;102224;2557.5;3;2033124568876454050;B
20241101;102227;2557;1;2033124568876454051;S
20241101;102227;2557;19;2033124568876454052;S
20241101;102227;2557;1;2033124568876454053;S
20241101;102228;2557;2;2033124568876454054;B
20241101;102228;2557.5;1;2033124568876454055;B
20241101;102229;2557.5;1;2033124568876454056;B
20241101;102229;2557.5;2;2033124568876454057;B
20241101;102229;2557.5;3;2033124568876454058;B
20241101;102229;2557.5;6;2033124568876454059;B
20241101;102229;2557.5;5;2033124568876454060;B
20241101;102229;2557.5;3;2033124568876454061;B
20241101;102229;2558;40;2033124568876454062;B
20241101;102229;2558;5;2033124568876454063;B
20241101;102229;2558;1;2033124568876454064;B
20241101;102229;2558;10;2033124568876454065;B
20241101;102229;2558;4;2033124568876454066;B
20241101;102229;2558;18;2033124568876454067;B
20241101;102229;2558;100;2033124568876454068;B
20241101;102229;2558.5;2;2033124568876454069;B
20241101;102236;2558;6;2033124568876454070;B
20241101;102236;2558;4;2033124568876454071;B
20241101;102240;2558;3;2033124568876454072;B
20241101;102244;2559;1;2033124568876454073;B
20241101;102244;2559;2;2033124568876454074;B
20241101;102244;2559;1;2033124568876454075;B
20241101;102244;2559;6;2033124568876454076;B
20241101;102246;2558.5;1;2033124568876454077;S
20241101;102249;2559;30;2033124568876454078;B
20241101;102250;2559;5;2033124568876454079;B
20241101;102254;2559;50;2033124568876454080;B
20241101;102254;2558.5;1;2033124568876454081;S
20241101;102301;2559;1;2033124568876454082;B
20241101;102303;2558.5;1;2033124568876454083;S
20241101;102303;2558.5;3;2033124568876454084;S
20241101;102304;2559;2;2033124568876454085;B
20241101;102306;2558.5;1;2033124568876454086;S
20241101;102307;2559;2;2033124568876454087;B
20241101;102307;2559;18;2033124568876454088;B
20241101;102314;2557.5;1;2033124568876454089;S
20241101;102314;2557.5;1;2033124568876454090;S
20241101;102316;2558.5;40;2033124568876454091;B
20241101;102316;2558.5;1;2033124568876454092;B
20241101;102316;2558.5;4;2033124568876454093;B
20241101;102324;2559;2;2033124568876454094;B
20241101;102324;2559;1;2033124568876454095;B
20241101;102324;2559;1;2033124568876454096;B
20241101;102324;2559;10;2033124568876454097;B
20241101;102326;2559.5;1;2033124568876454098;B
20241101;102326;2559.5;1;2033124568876454099;B
20241101;102326;2559.5;1;2033124568876454100;B
20241101;102330;2559.5;1;2033124568876454101;B
20241101;102336;2558.5;2;2033124568876454102;S
20241101;102338;2559;3;2033124568876454103;B
20241101;102339;2559;1;2033124568876454104;B
20241101;102348;2559;1;2033124568876454105;S
20241101;102348;2558.5;3;2033124568876454106;S
20241101;102348;2558.5;6;2033124568876454107;S
20241101;102348;2558.5;10;2033124568876454108;S
20241101;102357;2559;1;2033124568876454109;B
20241101;102402;2559;6;2033124568876454110;B
20241101;102402;2559;5;2033124568876454111;B
20241101;102403;2559;4;2033124568876454112;S
20241101;102403;2559;1;2033124568876454113;S
20241101;102407;2559.5;2;2033124568876454114;B
20241101;102411;2559.5;10;2033124568876454115;B
20241101;102411;2559.5;25;2033124568876454116;B
20241101;102411;2559.5;13;2033124568876454117;B
20241101;102412;2560;5;2033124568876454118;B
20241101;102412;2560;20;2033124568876454119;B
20241101;102412;2560;5;2033124568876454120;B
20241101;102412;2560;1;2033124568876454121;B
20241101;102412;2560;6;2033124568876454122;B
20241101;102412;2560;4;2033124568876454123;B
20241101;102412;2560;1;2033124568876454124;B
20241101;102412;2560;30;2033124568876454125;B
20241101;102412;2560;12;2033124568876454126;B
20241101;102412;2560;1;2033124568876454127;B
20241101;102414;2560.5;5;2033124568876454128;B
20241101;102414;2560;5;2033124568876454129;S
20241101;102417;2560;4;2033124568876454130;S
20241101;102417;2560;3;2033124568876454131;S
20241101;102417;2560;50;2033124568876454132;S
20241101;102417;2560;1;2033124568876454133;S
20241101;102417;2560;4;2033124568876454134;S
20241101;102417;2560;40;2033124568876454135;S
20241101;102417;2560;8;2033124568876454136;S
20241101;102417;2560;5;2033124568876454137;S
20241101;102417;2560;4;2033124568876454138;S
20241101;102418;2559.5;10;2033124568876454139;S
20241101;102418;2559.5;2;2033124568876454140;S
20241101;102420;2560;1;2033124568876454141;B
20241101;102422;2560;39;2033124568876454142;B
20241101;102422;2560;6;2033124568876454143;B
20241101;102422;2560;5;2033124568876454144;B
20241101;102422;2560;34;2033124568876454145;B
20241101;102422;2560;9;2033124568876454146;B
20241101;102422;2560.5;35;2033124568876454147;B
20241101;102422;2560.5;3;2033124568876454148;B
20241101;102422;2560.5;19;2033124568876454149;B
20241101;102425;2559.5;2;2033124568876454150;S
20241101;102425;2559.5;3;2033124568876454151;S
20241101;102441;2560;6;2033124568876454152;B
20241101;102442;2560;4;2033124568876454153;B
20241101;102444;2560;2;2033124568876454154;B
20241101;102447;2560;4;2033124568876454155;B
20241101;102450;2560;4;2033124568876454156;B
20241101;102452;2560.5;46;2033124568876454157;B
20241101;102452;2561;18;2033124568876454158;B
20241101;102453;2561;34;2033124568876454159;B
20241101;102453;2561;16;2033124568876454160;B
20241101;102453;2561;1;2033124568876454161;B
20241101;102453;2561;23;2033124568876454162;B
20241101;102457;2561;16;2033124568876454163;B
20241101;102457;2561;12;2033124568876454164;B
20241101;102457;2561;4;2033124568876454165;B
20241101;102459;2561;1;2033124568876454166;B
20241101;102500;2561;4;2033124568876454167;B
20241101;102501;2561;1;2033124568876454168;B
20241101;102501;2561;2;2033124568876454169;B
20241101;102503;2560.5;1;2033124568876454170;S
20241101;102503;2560.5;1;2033124568876454171;S
20241101;102509;2559.5;3;2033124568876454172;S
20241101;102509;2559.5;6;2033124568876454173;S
20241101;102509;2559.5;6;2033124568876454174;S
20241101;102509;2559.5;1;2033124568876454175;S
20241101;102511;2559;9;2033124568876454176;S
20241101;102512;2559;2;2033124568876454177;S
20241101;102517;2559;10;2033124568876454178;S
20241101;102520;2559;7;2033124568876454179;S
20241101;102520;2559;3;2033124568876454180;S
20241101;102520;2559;1;2033124568876454181;S
20241101;102526;2559.5;6;2033124568876454182;S
20241101;102526;2559.5;2;2033124568876454183;S
20241101;102526;2559.5;2;2033124568876454184;S
20241101;102526;2559;5;2033124568876454185;S
20241101;102526;2559;4;2033124568876454186;S
20241101;102526;2559;40;2033124568876454187;S
20241101;102526;2559;4;2033124568876454188;S
20241101;102526;2559;3;2033124568876454189;S
20241101;102526;2559;10;2033124568876454190;S
20241101;102526;2559;6;2033124568876454191;S
20241101;102526;2559;6;2033124568876454192;S
20241101;102526;2559;3;2033124568876454193;S
20241101;102526;2559;31;2033124568876454194;S
20241101;102526;2559;15;2033124568876454195;S
20241101;102526;2559;3;2033124568876454196;S
20241101;102528;2560;1;2033124568876454197;B
20241101;102530;2559.5;20;2033124568876454198;S
20241101;102531;2559.5;1;2033124568876454199;S
20241101;102538;2560.5;5;2033124568876454200;B
20241101;102540;2560.5;5;2033124568876454201;B
20241101;102542;2561;10;2033124568876454202;B
20241101;102542;2560.5;10;2033124568876454203;S
20241101;102544;2561;1;2033124568876454204;B
20241101;102545;2561;20;2033124568876454205;B
20241101;102546;2561;10;2033124568876454206;B
20241101;102546;2561;16;2033124568876454207;B
20241101;102547;2561;1;2033124568876454208;B
20241101;102547;2561;1;2033124568876454209;B
20241101;102547;2561;1;2033124568876454210;S
20241101;102548;2561.5;1;2033124568876454211;B
20241101;102548;2562;3;2033124568876454212;B
20241101;102548;2562;1;2033124568876454213;B
20241101;102548;2562;1;2033124568876454214;B
20241101;102548;2562;2;2033124568876454215;B
20241101;102548;2562;1;2033124568876454216;B
20241101;102548;2562;1;2033124568876454217;B
20241101;102549;2562.5;1;2033124568876454218;B
20241101;102549;2562.5;1;2033124568876454219;B
20241101;102549;2562.5;3;2033124568876454220;B
20241101;102549;2562.5;5;2033124568876454221;B
20241101;102550;2562.5;5;2033124568876454222;S
20241101;102550;2563;1;2033124568876454223;B
20241101;102550;2563;2;2033124568876454224;B
20241101;102550;2563;3;2033124568876454225;B
20241101;102553;2563;3;2033124568876454226;B
20241101;102553;2563;14;2033124568876454227;B
20241101;102553;2563;1;2033124568876454228;B
20241101;102553;2563;3;2033124568876454229;B
20241101;102553;2563;1;2033124568876454230;B
20241101;102553;2563;10;2033124568876454231;S
20241101;102554;2562.5;1;2033124568876454232;S
20241101;102554;2562.5;1;2033124568876454233;S
20241101;102554;2562.5;1;2033124568876454234;S
20241101;102554;2562.5;1;2033124568876454235;S
20241101;102554;2562.5;1;2033124568876454236;S
20241101;102554;2562.5;1;2033124568876454237;S
20241101;102554;2562.5;1;2033124568876454238;S
20241101;102555;2562.5;1;2033124568876454239;S
20241101;102555;2562.5;1;2033124568876454240;S
20241101;102555;2562.5;1;2033124568876454241;S
20241101;102555;2562.5;1;2033124568876454242;S
20241101;102555;2562;1;2033124568876454243;S
20241101;102555;2562;1;2033124568876454244;S
20241101;102555;2562;1;2033124568876454245;S
20241101;102555;2562;1;2033124568876454246;S
20241101;102555;2562;1;2033124568876454247;S
20241101;102555;2562;1;2033124568876454248;S
20241101;102555;2562;1;2033124568876454249;S
20241101;102555;2562;1;2033124568876454250;S
20241101;102555;2562;1;2033124568876454251;S
20241101;102555;2562;1;2033124568876454252;S
20241101;102555;2562;1;2033124568876454253;S
20241101;102555;2562;1;2033124568876454254;S
20241101;102555;2562;1;2033124568876454255;S
20241101;102555;2562;1;2033124568876454256;S
20241101;102555;2562;1;2033124568876454257;S
20241101;102555;2562;1;2033124568876454258;S
20241101;102555;2562;1;2033124568876454259;S
20241101;102555;2562;1;2033124568876454260;S
20241101;102555;2562;1;2033124568876454261;S
20241101;102557;2563;1;2033124568876454262;B
20241101;102557;2563.5;5;2033124568876454263;B
20241101;102557;2563.5;1;2033124568876454264;B
20241101;102557;2563.5;2;2033124568876454265;B
20241101;102557;2563.5;129;2033124568876454266;B
20241101;102557;2562.5;1;2033124568876454267;S
20241101;102558;2562;2;2033124568876454268;S
20241101;102558;2562;4;2033124568876454269;S
20241101;102558;2562;36;2033124568876454270;S
20241101;102558;2562;40;2033124568876454271;S
20241101;102558;2562;6;2033124568876454272;B
20241101;102558;2562;9;2033124568876454273;S
20241101;102558;2562;4;2033124568876454274;B
20241101;102559;2562;10;2033124568876454275;B
20241101;102601;2562;2;2033124568876454276;B
20241101;102605;2562;1;2033124568876454277;B
20241101;102609;2561.5;1;2033124568876454278;S
20241101;102610;2562;23;2033124568876454279;B
20241101;102610;2562;6;2033124568876454280;B
20241101;102610;2562;1;2033124568876454281;B
20241101;102611;2562;6;2033124568876454282;S
20241101;102612;2562;15;2033124568876454283;S
20241101;102612;2562;4;2033124568876454284;S
20241101;102612;2562;16;2033124568876454285;S
20241101;102612;2562;6;2033124568876454286;S
20241101;102612;2562;2;2033124568876454287;S
20241101;102612;2562;20;2033124568876454288;S
20241101;102612;2562;26;2033124568876454289;S
20241101;102613;2561.5;2;2033124568876454290;S
20241101;102616;2561;3;2033124568876454291;S
20241101;102616;2561;2;2033124568876454292;S
20241101;102616;2561;1;2033124568876454293;S
20241101;102616;2560.5;1;2033124568876454294;S
20241101;102617;2560.5;1;2033124568876454295;S
20241101;102617;2560.5;4;2033124568876454296;S
20241101;102617;2560.5;9;2033124568876454297;S
20241101;102617;2560.5;1;2033124568876454298;S
20241101;102617;2560.5;3;2033124568876454299;S
20241101;102617;2560.5;3;2033124568876454300;S
20241101;102617;2561;1;2033124568876454301;B
20241101;102619;2560;1;2033124568876454302;S
20241101;102620;2559.5;2;2033124568876454303;S
20241101;102620;2559.5;1;2033124568876454304;S
20241101;102621;2559.5;1;2033124568876454305;S
20241101;102623;2560;1;2033124568876454306;B
20241101;102625;2560;12;2033124568876454307;B
20241101;102626;2560.5;1;2033124568876454308;B
20241101;102632;2560.5;1;2033124568876454309;S
20241101;102634;2560.5;39;2033124568876454310;S
20241101;102634;2560.5;2;2033124568876454311;B
20241101;102634;2560.5;4;2033124568876454312;B
20241101;102634;2560.5;4;2033124568876454313;B
20241101;102635;2560.5;1;2033124568876454314;B
20241101;102641;2560;1;2033124568876454315;S
20241101;102644;2560;1;2033124568876454316;S
20241101;102646;2560.5;1;2033124568876454317;B
20241101;102646;2560.5;4;2033124568876454318;B
20241101;102646;2560.5;1;2033124568876454319;B
20241101;102646;2560.5;12;2033124568876454320;B
20241101;102648;2560.5;15;2033124568876454321;B
20241101;102658;2560.5;10;2033124568876454322;S
20241101;102702;2560;40;2033124568876454323;S
20241101;102702;2560;12;2033124568876454324;S
20241101;102702;2560;1;2033124568876454325;S
20241101;102702;2560;1;2033124568876454326;S
20241101;102703;2560;3;2033124568876454327;B
20241101;102710;2560;1;2033124568876454328;B
20241101;102711;2560;5;2033124568876454329;B
20241101;102711;2559.5;1;2033124568876454330;S
20241101;102712;2560;1;2033124568876454331;B
20241101;102712;2560;1;2033124568876454332;B
20241101;102713;2560;1;2033124568876454333;B
20241101;102713;2560;1;2033124568876454334;B
20241101;102715;2560;5;2033124568876454335;B
20241101;102716;2560;1;2033124568876454336;B
20241101;102720;2560;1;2033124568876454337;B
20241101;102721;2560;1;2033124568876454338;B
20241101;102724;2560;1;2033124568876454339;B
20241101;102724;2560;1;2033124568876454340;B
20241101;102725;2560;1;2033124568876454341;B
20241101;102744;2560.5;1;2033124568876454342;B
20241101;102744;2560;1;2033124568876454343;S
20241101;102744;2560;3;2033124568876454344;S
20241101;102752;2560;2;2033124568876454345;B
20241101;102801;2560;1;2033124568876454346;B
20241101;102803;2560;1;2033124568876454347;B
20241101;102816;2560.5;4;2033124568876454348;B
20241101;102819;2560;10;2033124568876454349;S
20241101;102819;2559.5;1;2033124568876454350;S
20241101;102819;2559.5;4;2033124568876454351;S
20241101;102819;2559.5;5;2033124568876454352;S
20241101;102819;2559.5;1;2033124568876454353;S
20241101;102821;2559;1;2033124568876454354;S
20241101;102821;2559;1;2033124568876454355;S
20241101;102822;2558.5;1;2033124568876454356;S
20241101;102824;2559;1;2033124568876454357;B
20241101;102828;2558.5;1;2033124568876454358;S
20241101;102828;2558.5;1;2033124568876454359;S
20241101;102829;2558.5;1;2033124568876454360;S
20241101;102830;2559.5;3;2033124568876454361;B
20241101;102830;2559.5;3;2033124568876454362;B
20241101;102830;2559.5;6;2033124568876454363;B
20241101;102830;2559.5;6;2033124568876454364;B
20241101;102831;2560;2;2033124568876454365;B
20241101;102831;2560;1;2033124568876454366;B
20241101;102836;2559;3;2033124568876454367;S
20241101;102836;2558.5;12;2033124568876454368;S
20241101;102837;2559;3;2033124568876454369;S
20241101;102845;2559;1;2033124568876454370;S
20241101;102848;2559;11;2033124568876454371;S
20241101;102848;2559;1;2033124568876454372;S
20241101;102852;2558.5;6;2033124568876454373;S
20241101;102906;2559;5;2033124568876454374;B
20241101;102920;2560;5;2033124568876454375;B
20241101;102922;2560;15;2033124568876454376;B
20241101;102925;2559.5;4;2033124568876454377;S
20241101;102925;2560.5;1;2033124568876454378;B
20241101;102928;2560.5;2;2033124568876454379;B
20241101;102929;2561;1;2033124568876454380;B
20241101;102929;2561;5;2033124568876454381;B
20241101;102929;2561;4;2033124568876454382;B
20241101;102929;2561;1;2033124568876454383;B
20241101;102929;2561;39;2033124568876454384;B
20241101;102939;2560.5;12;2033124568876454385;S
20241101;102939;2560.5;3;2033124568876454386;S
20241101;102945;2561.5;2;2033124568876454387;B
20241101;102947;2561.5;1;2033124568876454388;B
20241101;102947;2561.5;1;2033124568876454389;B
20241101;102947;2561.5;1;2033124568876454390;B
20241101;102947;2561.5;1;2033124568876454391;B
20241101;102947;2561.5;1;2033124568876454392;B
20241101;102947;2561.5;1;2033124568876454393;B
20241101;102951;2561.5;1;2033124568876454394;B
20241101;102951;2561.5;1;2033124568876454395;B
20241101;102951;2561.5;1;2033124568876454396;B
20241101;102951;2561.5;1;2033124568876454397;B
20241101;102951;2561.5;1;2033124568876454398;B
20241101;102951;2561.5;1;2033124568876454399;B
20241101;102951;2561.5;1;2033124568876454400;B
20241101;102951;2561.5;1;2033124568876454401;B
20241101;102951;2561.5;1;2033124568876454402;B
20241101;102951;2561.5;1;2033124568876454403;B
20241101;102951;2561.5;1;2033124568876454404;B
20241101;102951;2561.5;1;2033124568876454405;B
20241101;102953;2561.5;20;2033124568876454406;B
20241101;102953;2561.5;5;2033124568876454407;B
20241101;102953;2561.5;6;2033124568876454408;B
20241101;102953;2561.5;14;2033124568876454409;B
20241101;102956;2562;5;2033124568876454410;B
20241101;102956;2562;9;2033124568876454411;B
20241101;102956;2562;2;2033124568876454412;B
20241101;102956;2562;12;2033124568876454413;B
20241101;102956;2562.5;9;2033124568876454414;B
20241101;102958;2563;1;2033124568876454415;B
20241101;102958;2563;1;2033124568876454416;B
20241101;102958;2563.5;1;2033124568876454417;B
20241101;103000;2562.5;6;2033124568876454418;S
20241101;103000;2562.5;5;2033124568876454419;S
20241101;103000;2562.5;4;2033124568876454420;B
20241101;103001;2562;1;2033124568876454421;S
20241101;103003;2562.5;10;2033124568876454422;B
20241101;103005;2563.5;5;2033124568876454423;B
20241101;103005;2563.5;1;2033124568876454424;B
20241101;103005;2563.5;10;2033124568876454425;B
20241101;103005;2563.5;4;2033124568876454426;B
20241101;103005;2563.5;30;2033124568876454427;B
20241101;103009;2564;20;2033124568876454428;B
20241101;103009;2564;20;2033124568876454429;B
20241101;103009;2564;5;2033124568876454430;B
20241101;103009;2564;3;2033124568876454431;B
20241101;103009;2564;1;2033124568876454432;B
20241101;103009;2564;1;2033124568876454433;B
20241101;103009;2564;6;2033124568876454434;B
20241101;103009;2564;6;2033124568876454435;B
20241101;103009;2564;3;2033124568876454436;B
20241101;103009;2564.5;5;2033124568876454437;B
20241101;103009;2564.5;40;2033124568876454438;B
20241101;103009;2564.5;1;2033124568876454439;B
20241101;103009;2564.5;1;2033124568876454440;B
20241101;103009;2564.5;1;2033124568876454441;B
20241101;103009;2564.5;1;2033124568876454442;B
20241101;103009;2564.5;15;2033124568876454443;B
20241101;103009;2564.5;3;2033124568876454444;B
20241101;103009;2564.5;3;2033124568876454445;B
20241101;103009;2564.5;12;2033124568876454446;B
20241101;103009;2564.5;60;2033124568876454447;B
20241101;103009;2564.5;60;2033124568876454448;B
20241101;103009;2564.5;58;2033124568876454449;B
20241101;103012;2564.5;1;2033124568876454450;B
20241101;103015;2565;3;2033124568876454451;B
20241101;103016;2565;3;2033124568876454452;B
20241101;103016;2565;5;2033124568876454453;B
20241101;103016;2565;1;2033124568876454454;B
20241101;103016;2565;9;2033124568876454455;B
20241101;103016;2563.5;10;2033124568876454456;S
20241101;103017;2565;1;2033124568876454457;B
20241101;103017;2565;1;2033124568876454458;B
20241101;103017;2565;1;2033124568876454459;B
20241101;103018;2564;1;2033124568876454460;B
20241101;103023;2564;1;2033124568876454461;B
20241101;103023;2564;2;2033124568876454462;B
20241101;103025;2564;1;2033124568876454463;B
20241101;103026;2564.5;10;2033124568876454464;B
20241101;103034;2565;1;2033124568876454465;B
20241101;103034;2565;8;2033124568876454466;B
20241101;103034;2565;5;2033124568876454467;B
20241101;103034;2565;1;2033124568876454468;B
20241101;103034;2565;9;2033124568876454469;B
20241101;103034;2565;3;2033124568876454470;B
20241101;103034;2565;6;2033124568876454471;B
20241101;103034;2565;7;2033124568876454472;B
20241101;103034;2565.5;1;2033124568876454473;B
20241101;103034;2565.5;1;2033124568876454474;B
20241101;103036;2565.5;5;2033124568876454475;B
20241101;103036;2565.5;1;2033124568876454476;B
20241101;103036;2566;5;2033124568876454477;B
20241101;103036;2566;7;2033124568876454478;B
20241101;103038;2565;5;2033124568876454479;S
20241101;103039;2566;1;2033124568876454480;B
20241101;103044;2566;6;2033124568876454481;B
20241101;103044;2566;16;2033124568876454482;B
20241101;103044;2566;1;2033124568876454483;B
20241101;103044;2566;2;2033124568876454484;B
20241101;103044;2566;22;2033124568876454485;B
20241101;103044;2567;1;2033124568876454486;B
20241101;103044;2567;5;2033124568876454487;B
20241101;103044;2567;10;2033124568876454488;B
20241101;103044;2567;3;2033124568876454489;B
20241101;103044;2567.5;2;2033124568876454490;B
20241101;103044;2567.5;10;2033124568876454491;B
20241101;103045;2567.5;2;2033124568876454492;B
20241101;103045;2567.5;10;2033124568876454493;B
20241101;103045;2567;11;2033124568876454494;S
20241101;103046;2567.5;3;2033124568876454495;B
20241101;103046;2567.5;2;2033124568876454496;B
20241101;103046;2567.5;5;2033124568876454497;B
20241101;103048;2566.5;1;2033124568876454498;S
20241101;103048;2566.5;2;2033124568876454499;S
20241101;103048;2566;15;2033124568876454500;S
20241101;103048;2566;5;2033124568876454501;S
20241101;103048;2566;6;2033124568876454502;S
20241101;103048;2566;2;2033124568876454503;S
20241101;103048;2566;4;2033124568876454504;S
20241101;103051;2566.5;6;2033124568876454505;B
20241101;103051;2567;2;2033124568876454506;B
20241101;103052;2567;1;2033124568876454507;B
20241101;103053;2566.5;6;2033124568876454508;S
20241101;103053;2566.5;4;2033124568876454509;S
20241101;103053;2567;2;2033124568876454510;B
20241101;103055;2567.5;1;2033124568876454511;B
20241101;103057;2567.5;1;2033124568876454512;S
20241101;103057;2567.5;1;2033124568876454513;S
20241101;103059;2568;50;2033124568876454514;B
20241101;103100;2568;5;2033124568876454515;B
20241101;103100;2568;1;2033124568876454516;B
20241101;103101;2568.5;1;2033124568876454517;B
20241101;103101;2568;3;2033124568876454518;S
20241101;103101;2567.5;1;2033124568876454519;S
20241101;103101;2567.5;5;2033124568876454520;S
20241101;103101;2567.5;3;2033124568876454521;S
20241101;103101;2567;10;2033124568876454522;S
20241101;103108;2567;6;2033124568876454523;S
20241101;103108;2567;4;2033124568876454524;S
20241101;103110;2566.5;3;2033124568876454525;S
20241101;103110;2566.5;3;2033124568876454526;S
20241101;103110;2566;2;2033124568876454527;S
20241101;103110;2566;3;2033124568876454528;S
20241101;103113;2566;5;2033124568876454529;B
20241101;103113;2565.5;1;2033124568876454530;S
20241101;103115;2566;2;2033124568876454531;B
20241101;103121;2566;1;2033124568876454532;B
20241101;103121;2566;4;2033124568876454533;B
20241101;103122;2566;8;2033124568876454534;B
20241101;103122;2566;2;2033124568876454535;B
20241101;103124;2567;1;2033124568876454536;B
20241101;103127;2567;1;2033124568876454537;B
20241101;103131;2567;20;2033124568876454538;B
20241101;103134;2567;1;2033124568876454539;B
20241101;103142;2567.5;10;2033124568876454540;S
20241101;103150;2567;3;2033124568876454541;S
20241101;103150;2567;2;2033124568876454542;S
20241101;103152;2567;2;2033124568876454543;S
20241101;103154;2566.5;2;2033124568876454544;S
20241101;103154;2566.5;1;2033124568876454545;S
20241101;103154;2566.5;1;2033124568876454546;B
20241101;103155;2566.5;1;2033124568876454547;B
20241101;103210;2567;1;2033124568876454548;S
20241101;103214;2567;1;2033124568876454549;S
20241101;103216;2567;32;2033124568876454550;S
20241101;103225;2566;1;2033124568876454551;S
20241101;103230;2566;1;2033124568876454552;S
20241101;103230;2566;6;2033124568876454553;S
20241101;103231;2566;2;2033124568876454554;S
20241101;103231;2566;31;2033124568876454555;S
20241101;103231;2565.5;19;2033124568876454556;S
20241101;103231;2565.5;40;2033124568876454557;S
20241101;103232;2565.5;2;2033124568876454558;S
20241101;103232;2565.5;6;2033124568876454559;S
20241101;103232;2565;5;2033124568876454560;S
20241101;103232;2565;25;2033124568876454561;S
20241101;103232;2565;1;2033124568876454562;S
20241101;103232;2565;4;2033124568876454563;S
