<DATE>;<TIME>;<LAST>;<VOL>;<ID>;<OPER>
20241106;095902;860.5;1;2016799033112134104;S
20241106;095902;860.5;1;2016799033112134105;B
20241106;095902;860.5;2;2016799033112134106;S
20241106;095902;860.5;1;2016799033112134107;B
20241106;095902;860.5;1;2016799033112134108;B
20241106;095902;860.5;9;2016799033112134109;B
20241106;095902;860.5;1;2016799033112134110;B
20241106;095902;860.5;5;2016799033112134111;B
20241106;095902;860.5;1;2016799033112134112;B
20241106;095902;860.5;1;2016799033112134113;B
20241106;095902;860.5;1;2016799033112134114;B
20241106;095902;860.5;1;2016799033112134115;B
20241106;095902;860.5;1;2016799033112134116;B
20241106;095902;860.5;1;2016799033112134117;B
20241106;095902;860.5;1;2016799033112134118;B
20241106;095902;860.5;1;2016799033112134119;B
20241106;095902;860.5;1;2016799033112134120;B
20241106;100000;861;1;2016799033112134121;B
20241106;100000;861;1;2016799033112134122;B
20241106;100000;861;5;2016799033112134123;B
20241106;100000;861.5;1;2016799033112134124;B
20241106;100000;862;2;2016799033112134125;B
20241106;100000;862;1;2016799033112134126;B
20241106;100000;862;1;2016799033112134127;B
20241106;100000;862.5;1;2016799033112134128;B
20241106;100000;862.5;1;2016799033112134129;B
20241106;100000;862.5;1;2016799033112134130;B
20241106;100000;862.5;1;2016799033112134131;B
20241106;100000;863;1;2016799033112134132;B
20241106;100000;863.5;1;2016799033112134133;B
20241106;100000;863.5;1;2016799033112134135;B
20241106;100000;863.5;1;2016799033112134140;B
20241106;100000;864;1;2016799033112134144;B
20241106;100000;864;1;2016799033112134145;B
20241106;100000;864.5;1;2016799033112134146;B
20241106;100000;864.5;5;2016799033112134147;B
20241106;100000;865;1;2016799033112134148;B
20241106;100000;865;1;2016799033112134149;B
20241106;100000;865;1;2016799033112134150;B
20241106;100000;865;1;2016799033112134151;B
20241106;100000;865;3;2016799033112134152;S
20241106;100000;865.5;1;2016799033112134153;B
20241106;100000;865.5;1;2016799033112134154;B
20241106;100000;865.5;1;2016799033112134155;B
20241106;100000;865.5;1;2016799033112134156;B
20241106;100000;866;1;2016799033112134157;B
20241106;100000;866.5;1;2016799033112134158;B
20241106;100000;867;1;2016799033112134159;B
20241106;100000;867;1;2016799033112134160;B
20241106;100000;867;1;2016799033112134161;B
20241106;100000;867.5;1;2016799033112134162;B
20241106;100000;868;1;2016799033112134163;B
20241106;100000;868;1;2016799033112134164;B
20241106;100000;868;1;2016799033112134165;B
20241106;100000;865;3;2016799033112134166;S
20241106;100000;865;1;2016799033112134167;S
20241106;100000;868;1;2016799033112134168;S
20241106;100000;868.5;1;2016799033112134169;B
20241106;100001;868.5;2;2016799033112134170;B
20241106;100001;869;4;2016799033112134171;B
20241106;100001;868.5;5;2016799033112134172;S
20241106;100001;869;1;2016799033112134173;B
20241106;100001;868.5;5;2016799033112134174;S
20241106;100001;868.5;2;2016799033112134175;S
20241106;100001;868.5;2;2016799033112134176;S
20241106;100001;869;1;2016799033112134177;B
20241106;100001;869.5;1;2016799033112134178;B
20241106;100001;869.5;1;2016799033112134179;B
20241106;100001;870;1;2016799033112134180;B
20241106;100001;870;1;2016799033112134181;B
20241106;100001;870;1;2016799033112134182;B
20241106;100001;870;1;2016799033112134183;B
20241106;100001;870;1;2016799033112134184;B
20241106;100001;870;1;2016799033112134185;B
20241106;100001;870;1;2016799033112134186;B
20241106;100001;870;3;2016799033112134187;B
20241106;100001;870;1;2016799033112134188;B
20241106;100001;870.5;1;2016799033112134189;B
20241106;100001;870.5;2;2016799033112134190;S
20241106;100001;870.5;3;2016799033112134191;S
20241106;100001;871;1;2016799033112134192;B
20241106;100001;871;1;2016799033112134193;B
20241106;100001;871;1;2016799033112134194;B
20241106;100001;871.5;1;2016799033112134195;B
20241106;100001;871.5;1;2016799033112134196;B
20241106;100001;872;1;2016799033112134197;B
20241106;100001;872.5;1;2016799033112134198;B
20241106;100001;873.5;1;2016799033112134199;B
20241106;100001;873;1;2016799033112134200;S
20241106;100001;873.5;2;2016799033112134202;B
20241106;100001;873;1;2016799033112134206;S
20241106;100001;872.5;1;2016799033112134207;S
20241106;100001;874.5;1;2016799033112134208;B
20241106;100001;874.5;1;2016799033112134209;B
20241106;100001;875;1;2016799033112134210;B
20241106;100001;875;1;2016799033112134211;B
20241106;100001;875;2;2016799033112134212;B
20241106;100001;875;1;2016799033112134213;B
20241106;100001;875;3;2016799033112134214;B
20241106;100001;875;3;2016799033112134215;B
20241106;100001;875.5;1;2016799033112134216;B
20241106;100001;875.5;1;2016799033112134217;B
20241106;100001;876.5;1;2016799033112134218;B
20241106;100001;877.5;1;2016799033112134219;B
20241106;100001;877.5;1;2016799033112134220;B
20241106;100001;878;1;2016799033112134221;B
20241106;100001;878.5;1;2016799033112134222;B
20241106;100001;878.5;1;2016799033112134223;B
20241106;100001;878.5;1;2016799033112134224;B
20241106;100001;879;1;2016799033112134225;B
20241106;100001;879;8;2016799033112134226;B
20241106;100001;879.5;1;2016799033112134227;B
20241106;100001;879.5;1;2016799033112134228;B
20241106;100001;877;4;2016799033112134229;S
20241106;100001;874;1;2016799033112134230;S
20241106;100001;879.5;10;2016799033112134235;B
20241106;100002;879.5;30;2016799033112134236;B
20241106;100002;879.5;70;2016799033112134237;B
20241106;100002;879.5;20;2016799033112134238;B
20241106;100002;880;1;2016799033112134239;B
20241106;100002;880;1;2016799033112134240;B
20241106;100002;880.5;1;2016799033112134241;B
20241106;100002;881.5;1;2016799033112134242;B
20241106;100002;881.5;3;2016799033112134243;B
20241106;100002;873;1;2016799033112134244;S
20241106;100002;872.5;1;2016799033112134249;S
20241106;100002;872;1;2016799033112134254;S
20241106;100002;872;2;2016799033112134259;S
20241106;100002;881.5;4;2016799033112134260;B
20241106;100002;881.5;6;2016799033112134261;B
20241106;100002;872.5;1;2016799033112134262;S
20241106;100002;873;3;2016799033112134263;S
20241106;100002;871.5;5;2016799033112134264;S
20241106;100003;871;1;2016799033112134265;S
20241106;100003;870.5;3;2016799033112134270;S
20241106;100003;870.5;1;2016799033112134271;S
20241106;100003;870.5;1;2016799033112134272;S
20241106;100003;870.5;4;2016799033112134273;S
20241106;100003;870.5;2;2016799033112134274;S
20241106;100003;870.5;1;2016799033112134275;S
20241106;100004;870.5;1;2016799033112134276;S
20241106;100004;882;2;2016799033112134277;B
20241106;100004;882;1;2016799033112134278;B
20241106;100004;882;1;2016799033112134279;B
20241106;100004;882.5;1;2016799033112134280;B
20241106;100004;882.5;1;2016799033112134281;B
20241106;100004;883;1;2016799033112134282;B
20241106;100004;870.5;1;2016799033112134283;S
20241106;100004;883;1;2016799033112134284;B
20241106;100004;883;3;2016799033112134285;B
20241106;100004;883;2;2016799033112134286;B
20241106;100004;883;10;2016799033112134287;B
20241106;100004;883;2;2016799033112134288;B
20241106;100004;883;7;2016799033112134289;B
20241106;100004;870.5;1;2016799033112134290;S
20241106;100004;870.5;1;2016799033112134291;S
20241106;100004;877.5;2;2016799033112134292;S
20241106;100004;883;20;2016799033112134293;B
20241106;100004;883;10;2016799033112134294;B
20241106;100004;877.5;2;2016799033112134295;S
20241106;100004;880;1;2016799033112134296;B
20241106;100005;881.5;9;2016799033112134297;S
20241106;100005;880.5;2;2016799033112134298;S
20241106;100005;883;40;2016799033112134300;B
20241106;100005;883.5;1;2016799033112134301;B
20241106;100005;883.5;1;2016799033112134302;B
20241106;100005;884;1;2016799033112134303;B
20241106;100005;884;5;2016799033112134304;B
20241106;100005;884;7;2016799033112134305;B
20241106;100005;883.5;2;2016799033112134306;S
20241106;100005;883.5;1;2016799033112134308;S
20241106;100006;883.5;1;2016799033112134312;S
20241106;100006;883.5;6;2016799033112134313;S
20241106;100006;883.5;3;2016799033112134314;S
20241106;100006;884;20;2016799033112134315;B
20241106;100006;884;40;2016799033112134316;B
20241106;100006;884;20;2016799033112134317;B
20241106;100006;884;40;2016799033112134318;B
20241106;100006;884;13;2016799033112134319;B
20241106;100006;884.5;1;2016799033112134320;B
20241106;100006;884.5;1;2016799033112134321;B
20241106;100006;884.5;1;2016799033112134322;B
20241106;100006;884.5;14;2016799033112134323;B
20241106;100006;883.5;1;2016799033112134324;S
20241106;100007;884.5;100;2016799033112134325;B
20241106;100007;884.5;19;2016799033112134326;B
20241106;100007;885;1;2016799033112134327;B
20241106;100007;885;5;2016799033112134328;B
20241106;100007;885;75;2016799033112134329;B
20241106;100007;885;58;2016799033112134330;B
20241106;100007;885;1;2016799033112134331;B
20241106;100007;885.5;1;2016799033112134332;B
20241106;100007;885.5;40;2016799033112134333;B
20241106;100007;886;1;2016799033112134334;B
20241106;100007;886;1;2016799033112134335;B
20241106;100007;886.5;1;2016799033112134336;B
20241106;100007;885.5;2;2016799033112134337;S
20241106;100007;885.5;1;2016799033112134338;S
20241106;100007;885.5;2;2016799033112134339;S
20241106;100007;887.5;1;2016799033112134340;B
20241106;100007;887.5;11;2016799033112134341;B
20241106;100008;885.5;5;2016799033112134342;S
20241106;100008;885.5;1;2016799033112134343;S
20241106;100008;885.5;1;2016799033112134344;S
20241106;100008;885.5;10;2016799033112134345;S
20241106;100008;885.5;10;2016799033112134346;S
20241106;100008;885.5;10;2016799033112134347;S
20241106;100008;885.5;10;2016799033112134348;S
20241106;100008;885.5;10;2016799033112134349;S
20241106;100008;885.5;10;2016799033112134350;S
20241106;100008;885.5;10;2016799033112134351;S
20241106;100008;885.5;20;2016799033112134352;S
20241106;100009;885.5;10;2016799033112134353;S
20241106;100009;885.5;10;2016799033112134354;S
20241106;100009;885.5;10;2016799033112134355;S
20241106;100009;885.5;12;2016799033112134356;S
20241106;100009;885;10;2016799033112134357;S
20241106;100009;884.5;10;2016799033112134358;S
20241106;100009;881;1;2016799033112134359;S
20241106;100010;881;100;2016799033112134360;S
20241106;100010;884;4;2016799033112134361;S
20241106;100010;881;1;2016799033112134362;S
20241106;100011;881;2;2016799033112134363;S
20241106;100012;885;1;2016799033112134364;B
20241106;100012;881;1;2016799033112134365;S
20241106;100013;880.5;1;2016799033112134366;S
20241106;100013;880.5;1;2016799033112134367;S
20241106;100013;880.5;2;2016799033112134368;S
20241106;100013;880.5;1;2016799033112134369;S
20241106;100013;878;10;2016799033112134370;S
20241106;100013;878;1;2016799033112134371;S
20241106;100013;878;1;2016799033112134372;S
20241106;100013;878;1;2016799033112134373;S
20241106;100013;878;10;2016799033112134374;S
20241106;100013;878;4;2016799033112134375;S
20241106;100013;878.5;10;2016799033112134376;B
20241106;100014;881;1;2016799033112134377;B
20241106;100014;878;10;2016799033112134378;S
20241106;100014;878;4;2016799033112134379;S
20241106;100014;878;10;2016799033112134380;S
20241106;100014;882;1;2016799033112134381;B
20241106;100014;878;2;2016799033112134382;S
20241106;100014;878;3;2016799033112134383;S
20241106;100014;878;10;2016799033112134384;S
20241106;100014;880;10;2016799033112134385;B
20241106;100015;878;1;2016799033112134387;S
20241106;100015;878;1;2016799033112134388;S
20241106;100015;878;1;2016799033112134389;S
20241106;100015;878;10;2016799033112134390;S
20241106;100015;884.5;1;2016799033112134391;S
20241106;100015;884;1;2016799033112134392;S
20241106;100015;885;1;2016799033112134393;S
20241106;100015;884.5;19;2016799033112134394;S
20241106;100015;886.5;2;2016799033112134395;B
20241106;100016;884.5;10;2016799033112134396;S
20241106;100016;884.5;10;2016799033112134397;S
20241106;100016;884.5;3;2016799033112134398;S
20241106;100016;884.5;10;2016799033112134399;S
20241106;100016;878.5;1;2016799033112134400;S
20241106;100016;886.5;3;2016799033112134401;B
20241106;100016;886.5;2;2016799033112134402;B
20241106;100016;886.5;2;2016799033112134403;B
20241106;100016;878.5;2;2016799033112134404;S
20241106;100016;878.5;10;2016799033112134405;S
20241106;100016;878.5;2;2016799033112134406;S
20241106;100016;878.5;2;2016799033112134407;S
20241106;100016;886.5;3;2016799033112134408;B
20241106;100016;878.5;20;2016799033112134409;S
20241106;100016;878.5;1;2016799033112134410;S
20241106;100016;878.5;1;2016799033112134411;S
20241106;100016;881.5;3;2016799033112134412;B
20241106;100017;885.5;1;2016799033112134413;B
20241106;100017;886;2;2016799033112134414;B
20241106;100017;886.5;1;2016799033112134415;B
20241106;100017;883.5;1;2016799033112134416;S
20241106;100017;883.5;10;2016799033112134417;S
20241106;100017;883.5;2;2016799033112134418;S
20241106;100017;883.5;10;2016799033112134419;S
20241106;100017;883.5;8;2016799033112134420;S
20241106;100017;883.5;2;2016799033112134421;S
20241106;100017;883.5;20;2016799033112134422;S
20241106;100018;884;10;2016799033112134423;B
20241106;100018;883.5;2;2016799033112134424;S
20241106;100018;883.5;2;2016799033112134425;S
20241106;100018;883.5;10;2016799033112134426;S
20241106;100018;883.5;1;2016799033112134427;S
20241106;100018;883.5;1;2016799033112134428;S
20241106;100018;883.5;1;2016799033112134429;S
20241106;100018;883.5;1;2016799033112134430;S
20241106;100018;883.5;10;2016799033112134431;S
20241106;100019;883.5;1;2016799033112134432;S
20241106;100019;883.5;2;2016799033112134433;S
20241106;100019;883.5;10;2016799033112134434;S
20241106;100019;883.5;2;2016799033112134435;S
20241106;100019;883;2;2016799033112134436;S
20241106;100019;885;6;2016799033112134437;B
20241106;100019;883;2;2016799033112134438;S
20241106;100019;885;2;2016799033112134439;B
20241106;100020;883;1;2016799033112134440;S
20241106;100020;883;1;2016799033112134441;S
20241106;100020;883;1;2016799033112134442;S
20241106;100020;885;2;2016799033112134443;B
20241106;100020;883;2;2016799033112134444;S
20241106;100021;883;1;2016799033112134445;S
20241106;100021;882.5;4;2016799033112134446;S
20241106;100021;885;40;2016799033112134447;B
20241106;100021;880;1;2016799033112134448;S
20241106;100021;878.5;1;2016799033112134453;S
20241106;100021;878.5;2;2016799033112134454;S
20241106;100021;878.5;2;2016799033112134455;S
20241106;100021;878.5;1;2016799033112134456;S
20241106;100021;878.5;1;2016799033112134457;S
20241106;100021;878.5;1;2016799033112134458;S
20241106;100022;878.5;2;2016799033112134459;S
20241106;100022;878.5;2;2016799033112134460;S
20241106;100022;878.5;2;2016799033112134461;S
20241106;100022;878.5;2;2016799033112134462;S
20241106;100022;878.5;1;2016799033112134463;S
20241106;100022;878.5;1;2016799033112134464;S
20241106;100022;878.5;1;2016799033112134465;S
20241106;100023;879.5;1;2016799033112134466;S
20241106;100023;881;2;2016799033112134467;S
20241106;100023;881;2;2016799033112134468;S
20241106;100023;881;2;2016799033112134469;S
20241106;100023;881;1;2016799033112134470;S
20241106;100023;881;1;2016799033112134471;S
20241106;100024;881;1;2016799033112134472;S
20241106;100024;881;2;2016799033112134473;S
20241106;100024;881;1;2016799033112134474;S
20241106;100024;883.5;6;2016799033112134475;B
20241106;100024;881;1;2016799033112134476;S
20241106;100025;881;1;2016799033112134477;S
20241106;100025;884;2;2016799033112134478;B
20241106;100025;884.5;1;2016799033112134479;B
20241106;100025;881;2;2016799033112134480;S
20241106;100025;881;1;2016799033112134481;S
20241106;100025;881;1;2016799033112134482;S
20241106;100025;881;2;2016799033112134483;S
20241106;100026;883;2;2016799033112134484;B
20241106;100026;881;1;2016799033112134485;S
20241106;100026;881;1;2016799033112134486;S
20241106;100028;884.5;1;2016799033112134487;B
20241106;100028;884.5;3;2016799033112134488;B
20241106;100030;883;1;2016799033112134489;S
20241106;100031;883.5;3;2016799033112134490;B
20241106;100032;884.5;20;2016799033112134491;B
20241106;100032;884;3;2016799033112134492;S
20241106;100032;881;1;2016799033112134494;S
20241106;100032;883.5;2;2016799033112134496;B
20241106;100033;883.5;3;2016799033112134497;B
20241106;100033;883.5;2;2016799033112134498;B
20241106;100034;882;1;2016799033112134499;S
20241106;100036;883;1;2016799033112134500;S
20241106;100036;883;14;2016799033112134501;S
20241106;100037;882.5;1;2016799033112134503;S
20241106;100037;882.5;1;2016799033112134508;S
20241106;100037;882.5;1;2016799033112134512;S
20241106;100038;882.5;2;2016799033112134514;S
20241106;100038;882.5;1;2016799033112134518;S
20241106;100039;882.5;100;2016799033112134519;S
20241106;100039;882.5;10;2016799033112134520;S
20241106;100039;882.5;10;2016799033112134521;S
20241106;100039;882;12;2016799033112134522;S
20241106;100039;880.5;3;2016799033112134523;S
20241106;100039;880.5;97;2016799033112134528;S
20241106;100040;884;2;2016799033112134529;S
20241106;100044;881.5;3;2016799033112134530;B
20241106;100044;884.5;20;2016799033112134531;B
20241106;100044;881.5;3;2016799033112134532;B
20241106;100047;884;1;2016799033112134533;B
20241106;100047;884;2;2016799033112134534;B
20241106;100048;884;1;2016799033112134535;B
20241106;100049;881;3;2016799033112134536;S
20241106;100051;884;61;2016799033112134537;B
20241106;100051;881;3;2016799033112134538;S
20241106;100055;881.5;3;2016799033112134539;B
20241106;100059;883;1;2016799033112134540;B
20241106;100100;883;4;2016799033112134541;B
20241106;100100;883;84;2016799033112134542;B
20241106;100102;881;1;2016799033112134543;S
20241106;100105;881;5;2016799033112134544;S
20241106;100105;881;5;2016799033112134545;S
20241106;100105;883.5;1;2016799033112134546;B
20241106;100107;884;12;2016799033112134547;B
20241106;100107;884.5;1;2016799033112134548;B
20241106;100107;885;3;2016799033112134549;B
20241106;100107;885;3;2016799033112134550;B
20241106;100107;885;1;2016799033112134551;B
20241106;100111;882;1;2016799033112134552;S
20241106;100113;882;2;2016799033112134553;S
20241106;100113;882;8;2016799033112134554;S
20241106;100113;882;3;2016799033112134555;S
20241106;100113;884;1;2016799033112134556;B
20241106;100116;882;1;2016799033112134557;S
20241106;100116;882;2;2016799033112134558;S
20241106;100116;881;3;2016799033112134559;S
20241106;100117;884;2;2016799033112134560;B
20241106;100119;881;1;2016799033112134561;S
20241106;100119;881;1;2016799033112134562;S
20241106;100119;881.5;1;2016799033112134563;B
20241106;100119;881.5;1;2016799033112134564;B
20241106;100119;881.5;1;2016799033112134565;B
20241106;100119;884;1;2016799033112134566;B
20241106;100120;884;1;2016799033112134567;B
20241106;100121;881;2;2016799033112134568;S
20241106;100121;884;1;2016799033112134569;B
20241106;100121;884.5;1;2016799033112134570;B
20241106;100122;885;1;2016799033112134571;B
20241106;100122;885;1;2016799033112134572;B
20241106;100126;884;1;2016799033112134575;B
20241106;100126;886;1;2016799033112134580;B
20241106;100126;886.5;1;2016799033112134585;B
20241106;100127;885;1;2016799033112134590;S
20241106;100127;885;2;2016799033112134595;S
20241106;100127;885;1;2016799033112134600;S
20241106;100130;881;1;2016799033112134604;S
20241106;100130;880.5;19;2016799033112134605;S
20241106;100130;883.5;1;2016799033112134606;B
20241106;100131;883.5;1;2016799033112134607;B
20241106;100132;880.5;1;2016799033112134608;S
20241106;100136;880.5;2;2016799033112134609;S
20241106;100143;880.5;8;2016799033112134610;S
20241106;100144;881.5;1;2016799033112134611;B
20241106;100145;881.5;1;2016799033112134612;B
20241106;100145;881.5;1;2016799033112134613;B
20241106;100145;883;1;2016799033112134614;B
20241106;100145;884.5;1;2016799033112134615;B
20241106;100145;885;2;2016799033112134620;B
20241106;100147;881;1;2016799033112134625;S
20241106;100149;885;1;2016799033112134630;B
20241106;100149;885;2;2016799033112134631;B
20241106;100149;885.5;1;2016799033112134632;B
20241106;100149;885.5;3;2016799033112134637;B
20241106;100149;886.5;1;2016799033112134642;B
20241106;100149;886.5;2;2016799033112134643;B
20241106;100149;887;1;2016799033112134644;B
20241106;100149;887;1;2016799033112134645;B
20241106;100149;888;6;2016799033112134646;B
20241106;100149;888;6;2016799033112134647;B
20241106;100149;887.5;6;2016799033112134648;S
20241106;100150;881;6;2016799033112134649;S
20241106;100150;880.5;9;2016799033112134650;S
20241106;100150;880.5;6;2016799033112134651;S
20241106;100151;880.5;5;2016799033112134652;S
20241106;100152;880.5;4;2016799033112134653;S
20241106;100152;880.5;10;2016799033112134654;S
20241106;100152;880.5;10;2016799033112134655;S
20241106;100152;880.5;10;2016799033112134656;S
20241106;100152;880.5;10;2016799033112134657;S
20241106;100152;880.5;6;2016799033112134658;S
20241106;100152;880.5;1;2016799033112134659;S
20241106;100153;879.5;1;2016799033112134661;S
20241106;100154;878.5;3;2016799033112134667;S
20241106;100154;878;2;2016799033112134672;S
20241106;100154;878;1;2016799033112134673;S
20241106;100154;878;2;2016799033112134674;S
20241106;100154;878;7;2016799033112134679;S
20241106;100154;878;2;2016799033112134680;S
20241106;100159;879;3;2016799033112134681;B
20241106;100200;880;6;2016799033112134682;B
20241106;100203;879.5;1;2016799033112134683;S
20241106;100205;880.5;3;2016799033112134684;S
20241106;100206;881;8;2016799033112134685;S
20241106;100210;880.5;1;2016799033112134686;S
20241106;100211;880.5;6;2016799033112134687;S
20241106;100214;879;1;2016799033112134688;S
20241106;100214;879;89;2016799033112134693;S
20241106;100214;879;10;2016799033112134694;S
20241106;100214;880.5;1;2016799033112134695;B
20241106;100217;879;1;2016799033112134696;S
20241106;100218;881;2;2016799033112134697;B
20241106;100223;880;6;2016799033112134699;S
20241106;100228;880;30;2016799033112134700;S
20241106;100228;881;9;2016799033112134701;B
20241106;100228;882;4;2016799033112134702;B
20241106;100232;879.5;1;2016799033112134703;S
20241106;100236;880.5;10;2016799033112134704;B
20241106;100240;879;1;2016799033112134705;S
20241106;100242;880.5;1;2016799033112134706;B
20241106;100246;879;1;2016799033112134707;S
20241106;100250;879;1;2016799033112134708;S
20241106;100255;879.5;1;2016799033112134709;S
20241106;100255;880;2;2016799033112134710;B
20241106;100300;881;2;2016799033112134711;B
20241106;100300;881;2;2016799033112134712;B
20241106;100300;881.5;1;2016799033112134713;B
20241106;100306;880;2;2016799033112134715;S
20241106;100306;880;1;2016799033112134716;S
20241106;100309;881;1;2016799033112134717;B
20241106;100309;881;7;2016799033112134718;B
20241106;100311;879.5;2;2016799033112134719;S
20241106;100313;879.5;1;2016799033112134720;S
20241106;100314;880.5;1;2016799033112134721;B
20241106;100321;879;1;2016799033112134724;S
20241106;100323;880;3;2016799033112134725;B
20241106;100330;879;1;2016799033112134726;S
20241106;100332;880;3;2016799033112134727;B
20241106;100332;880;2;2016799033112134728;B
20241106;100332;880;5;2016799033112134729;B
20241106;100336;880;10;2016799033112134730;B
20241106;100336;880;5;2016799033112134731;B
20241106;100336;880;1;2016799033112134732;S
20241106;100339;880;1;2016799033112134733;S
20241106;100339;880;1;2016799033112134734;S
20241106;100344;880;2;2016799033112134735;S
20241106;100346;879;10;2016799033112134736;S
20241106;100346;879;1;2016799033112134737;S
20241106;100349;879;10;2016799033112134738;S
20241106;100349;878.5;95;2016799033112134739;S
20241106;100350;879.5;1;2016799033112134740;S
20241106;100352;879.5;1;2016799033112134741;S
20241106;100354;880;1;2016799033112134742;S
20241106;100356;880;1;2016799033112134743;S
20241106;100357;880;4;2016799033112134744;S
20241106;100358;880;1;2016799033112134745;S
20241106;100404;880.5;1;2016799033112134746;B
20241106;100405;880.5;2;2016799033112134747;S
20241106;100406;880.5;1;2016799033112134748;S
20241106;100407;881;4;2016799033112134749;B
20241106;100407;881;4;2016799033112134750;B
20241106;100407;881;1;2016799033112134751;B
20241106;100407;881;1;2016799033112134752;B
20241106;100407;881;1;2016799033112134753;B
20241106;100407;881;1;2016799033112134754;B
20241106;100407;881;1;2016799033112134755;B
20241106;100407;881;3;2016799033112134756;B
20241106;100407;881;4;2016799033112134757;B
20241106;100407;881.5;4;2016799033112134758;B
20241106;100407;882;1;2016799033112134759;B
20241106;100407;882;5;2016799033112134760;B
20241106;100407;882;2;2016799033112134761;B
20241106;100407;882;2;2016799033112134762;B
20241106;100407;882;6;2016799033112134763;B
20241106;100407;882.5;2;2016799033112134764;B
20241106;100407;882.5;6;2016799033112134769;B
20241106;100407;882.5;1;2016799033112134770;B
20241106;100407;883;6;2016799033112134771;S
20241106;100407;882.5;1;2016799033112134772;S
20241106;100412;881.5;1;2016799033112134773;B
20241106;100412;881.5;1;2016799033112134774;B
20241106;100413;882;15;2016799033112134775;B
20241106;100420;881.5;3;2016799033112134776;B
20241106;100420;881.5;10;2016799033112134777;B
20241106;100421;882;3;2016799033112134778;B
20241106;100422;882.5;1;2016799033112134779;B
20241106;100425;881.5;1;2016799033112134781;S
20241106;100426;881.5;3;2016799033112134782;S
20241106;100430;881.5;10;2016799033112134783;S
20241106;100434;883;10;2016799033112134784;B
20241106;100434;883;50;2016799033112134785;B
20241106;100435;882;2;2016799033112134786;B
20241106;100438;882;1;2016799033112134787;B
20241106;100438;881.5;1;2016799033112134788;S
20241106;100438;881.5;1;2016799033112134789;S
20241106;100440;881.5;2;2016799033112134790;S
20241106;100443;882;17;2016799033112134791;B
20241106;100443;883;8;2016799033112134792;B
20241106;100443;883;2;2016799033112134793;B
20241106;100443;883;1;2016799033112134794;B
20241106;100445;881.5;1;2016799033112134795;S
20241106;100447;882;1;2016799033112134796;S
20241106;100449;883;10;2016799033112134797;B
20241106;100449;883.5;11;2016799033112134798;B
20241106;100449;883.5;25;2016799033112134799;B
20241106;100454;882;1;2016799033112134800;S
20241106;100455;883;1;2016799033112134801;B
20241106;100455;883;9;2016799033112134802;B
20241106;100455;883;1;2016799033112134803;B
20241106;100455;883.5;24;2016799033112134804;B
20241106;100455;882;1;2016799033112134805;S
20241106;100455;882;1;2016799033112134806;S
20241106;100456;882;1;2016799033112134807;S
20241106;100500;883;9;2016799033112134808;B
20241106;100500;883.5;16;2016799033112134809;B
20241106;100500;883.5;25;2016799033112134810;B
20241106;100502;882;1;2016799033112134811;S
20241106;100502;883.5;21;2016799033112134812;B
20241106;100502;883.5;24;2016799033112134813;B
20241106;100505;882.5;2;2016799033112134814;S
20241106;100505;882.5;2;2016799033112134815;S
20241106;100506;883.5;25;2016799033112134816;B
20241106;100506;883.5;25;2016799033112134817;B
20241106;100507;882.5;2;2016799033112134818;S
20241106;100507;884;1;2016799033112134819;B
20241106;100507;883;1;2016799033112134820;S
20241106;100510;884;9;2016799033112134821;B
20241106;100510;884;6;2016799033112134822;B
20241106;100510;884;25;2016799033112134823;B
20241106;100510;883.5;1;2016799033112134824;S
20241106;100512;884;25;2016799033112134825;B
20241106;100512;884;25;2016799033112134826;B
20241106;100512;883.5;10;2016799033112134827;S
20241106;100514;884;10;2016799033112134828;B
20241106;100514;884;140;2016799033112134829;B
20241106;100514;883.5;2;2016799033112134830;S
20241106;100514;883.5;2;2016799033112134831;S
20241106;100514;883.5;14;2016799033112134832;S
20241106;100514;883.5;32;2016799033112134833;S
20241106;100514;883.5;13;2016799033112134834;S
20241106;100514;883.5;13;2016799033112134835;S
20241106;100514;883.5;13;2016799033112134836;S
20241106;100514;883.5;4;2016799033112134837;S
20241106;100514;883.5;3;2016799033112134838;S
20241106;100514;883.5;7;2016799033112134839;S
20241106;100514;883.5;7;2016799033112134840;S
20241106;100514;883.5;7;2016799033112134841;S
20241106;100514;883.5;6;2016799033112134842;S
20241106;100514;883.5;6;2016799033112134843;S
20241106;100514;883.5;6;2016799033112134844;S
20241106;100514;883.5;6;2016799033112134845;S
20241106;100514;883;9;2016799033112134846;S
20241106;100514;882;1;2016799033112134847;S
20241106;100514;882;90;2016799033112134848;S
20241106;100514;882;1;2016799033112134849;S
20241106;100517;884;1;2016799033112134850;B
20241106;100517;884;9;2016799033112134851;B
20241106;100517;884;16;2016799033112134852;B
20241106;100517;884;10;2016799033112134853;B
20241106;100517;884;15;2016799033112134854;B
20241106;100520;884;1;2016799033112134855;B
20241106;100523;883.5;1;2016799033112134856;B
20241106;100523;884;9;2016799033112134857;B
20241106;100523;884;1;2016799033112134858;B
20241106;100523;884;1;2016799033112134859;B
20241106;100523;884;13;2016799033112134860;B
20241106;100523;884;25;2016799033112134861;B
20241106;100524;884;14;2016799033112134862;B
20241106;100524;884;1;2016799033112134863;B
20241106;100526;882.5;1;2016799033112134864;S
20241106;100526;884;6;2016799033112134865;B
20241106;100526;884;6;2016799033112134866;B
20241106;100526;884;25;2016799033112134867;B
20241106;100532;884;10;2016799033112134868;B
20241106;100532;884;15;2016799033112134869;B
20241106;100532;884;25;2016799033112134870;B
20241106;100532;883;3;2016799033112134871;S
20241106;100532;883;1;2016799033112134872;S
20241106;100533;883.5;1;2016799033112134873;S
20241106;100533;884;1;2016799033112134874;B
20241106;100536;884;25;2016799033112134875;B
20241106;100536;884;3;2016799033112134876;B
20241106;100536;884;18;2016799033112134877;B
20241106;100541;883.5;1;2016799033112134878;S
20241106;100541;884;25;2016799033112134879;B
20241106;100541;884;1;2016799033112134880;B
20241106;100541;884;1;2016799033112134881;B
20241106;100541;884;15;2016799033112134882;B
20241106;100542;884;5;2016799033112134883;B
20241106;100544;884;25;2016799033112134884;B
20241106;100544;884;20;2016799033112134885;B
20241106;100544;884;5;2016799033112134886;B
20241106;100545;884;1;2016799033112134887;B
20241106;100548;883.5;2;2016799033112134888;B
20241106;100548;884;23;2016799033112134889;B
20241106;100548;884;13;2016799033112134890;B
20241106;100548;884;1;2016799033112134891;B
20241106;100549;884;1;2016799033112134892;B
20241106;100550;884;25;2016799033112134893;B
20241106;100550;884;22;2016799033112134894;B
20241106;100550;884;1;2016799033112134895;B
20241106;100551;884;1;2016799033112134896;B
20241106;100552;884;1;2016799033112134897;B
20241106;100552;884;22;2016799033112134898;B
20241106;100552;884;25;2016799033112134899;B
20241106;100553;884;1;2016799033112134900;B
20241106;100554;884;1;2016799033112134901;B
20241106;100554;884;2;2016799033112134902;B
20241106;100554;884;1;2016799033112134903;B
20241106;100555;883.5;2;2016799033112134904;S
20241106;100555;884;9;2016799033112134905;B
20241106;100555;884;1;2016799033112134906;B
20241106;100556;883.5;1;2016799033112134907;B
20241106;100557;884;1;2016799033112134908;B
20241106;100559;883.5;1;2016799033112134909;B
20241106;100559;884;24;2016799033112134910;B
20241106;100559;884;25;2016799033112134911;B
20241106;100601;884;1;2016799033112134912;B
20241106;100601;884;1;2016799033112134913;B
20241106;100603;884;15;2016799033112134914;B
20241106;100603;884;16;2016799033112134915;B
20241106;100603;884;7;2016799033112134916;B
20241106;100603;884;1;2016799033112134917;B
20241106;100604;884;1;2016799033112134918;B
20241106;100604;884.5;2;2016799033112134919;B
20241106;100604;884.5;1;2016799033112134920;B
20241106;100604;884.5;1;2016799033112134921;B
20241106;100605;884.5;1;2016799033112134922;B
20241106;100605;884.5;10;2016799033112134923;B
20241106;100605;884.5;14;2016799033112134924;B
20241106;100605;884.5;25;2016799033112134925;B
20241106;100607;884.5;1;2016799033112134926;B
20241106;100608;883.5;1;2016799033112134927;S
20241106;100609;883.5;1;2016799033112134928;S
20241106;100610;884.5;1;2016799033112134929;B
20241106;100610;884.5;2;2016799033112134930;B
20241106;100610;884.5;8;2016799033112134931;B
20241106;100610;884.5;17;2016799033112134932;B
20241106;100610;884.5;3;2016799033112134933;B
20241106;100610;884.5;6;2016799033112134934;B
20241106;100613;884.5;6;2016799033112134935;B
20241106;100613;884.5;17;2016799033112134936;B
20241106;100613;884.5;25;2016799033112134937;B
20241106;100613;884.5;2;2016799033112134938;B
20241106;100614;883.5;1;2016799033112134939;S
20241106;100617;883.5;1;2016799033112134940;S
20241106;100617;884.5;8;2016799033112134941;B
20241106;100617;884.5;14;2016799033112134942;B
20241106;100617;884.5;25;2016799033112134943;B
20241106;100617;884.5;2;2016799033112134944;B
20241106;100620;884;13;2016799033112134945;B
20241106;100620;884;24;2016799033112134946;B
20241106;100620;883.5;2;2016799033112134947;S
20241106;100624;884;1;2016799033112134948;B
20241106;100624;884.5;11;2016799033112134949;B
20241106;100624;884.5;10;2016799033112134950;B
20241106;100624;884.5;15;2016799033112134951;B
20241106;100625;883.5;1;2016799033112134952;S
20241106;100626;883.5;1;2016799033112134953;S
20241106;100627;884.5;25;2016799033112134954;B
20241106;100627;884.5;25;2016799033112134955;B
20241106;100633;884;1;2016799033112134956;B
20241106;100633;884;1;2016799033112134957;B
20241106;100633;884.5;10;2016799033112134958;B
20241106;100633;884.5;4;2016799033112134959;B
20241106;100633;884.5;1;2016799033112134960;B
20241106;100633;884.5;6;2016799033112134961;B
20241106;100633;883.5;4;2016799033112134962;S
20241106;100633;884.5;2;2016799033112134963;B
20241106;100635;884;1;2016799033112134964;B
20241106;100636;884;9;2016799033112134965;B
20241106;100636;884.5;7;2016799033112134966;B
20241106;100636;884.5;8;2016799033112134967;B
20241106;100636;884.5;17;2016799033112134968;B
20241106;100639;883.5;2;2016799033112134969;S
20241106;100642;884.5;1;2016799033112134970;B
20241106;100642;884.5;1;2016799033112134971;B
20241106;100642;884.5;8;2016799033112134972;B
20241106;100642;884.5;25;2016799033112134973;B
20241106;100646;884.5;4;2016799033112134974;B
20241106;100646;884.5;21;2016799033112134975;B
20241106;100646;884.5;20;2016799033112134976;B
20241106;100647;884;2;2016799033112134977;S
20241106;100648;884;1;2016799033112134978;B
20241106;100648;884.5;1;2016799033112134979;B
20241106;100649;884.5;11;2016799033112134980;B
20241106;100649;884.5;2;2016799033112134981;B
20241106;100649;884.5;23;2016799033112134982;B
20241106;100649;884;10;2016799033112134983;S
20241106;100650;883.5;10;2016799033112134984;S
20241106;100650;883;1;2016799033112134985;S
20241106;100650;883;1;2016799033112134986;S
20241106;100650;883;88;2016799033112134987;S
20241106;100653;884.5;10;2016799033112134988;B
20241106;100653;884.5;8;2016799033112134989;B
20241106;100653;884.5;11;2016799033112134990;B
20241106;100658;884;9;2016799033112134991;B
20241106;100658;884;10;2016799033112134992;B
20241106;100658;884;15;2016799033112134993;B
20241106;100701;884;25;2016799033112134994;B
20241106;100701;884;25;2016799033112134995;B
20241106;100704;883.5;1;2016799033112134996;S
20241106;100707;883;1;2016799033112134997;S
20241106;100708;883;1;2016799033112134998;S
20241106;100708;882.5;1;2016799033112134999;S
20241106;100708;882.5;1;2016799033112135000;S
20241106;100708;882.5;1;2016799033112135001;S
20241106;100708;882.5;1;2016799033112135002;S
20241106;100708;882.5;85;2016799033112135003;S
20241106;100708;883.5;2;2016799033112135004;B
20241106;100708;883.5;23;2016799033112135005;B
20241106;100708;883.5;5;2016799033112135006;B
20241106;100708;882.5;10;2016799033112135007;S
20241106;100708;882;1;2016799033112135008;S
20241106;100708;882;1;2016799033112135009;S
20241106;100708;882;78;2016799033112135010;S
20241106;100710;881.5;12;2016799033112135011;S
20241106;100710;881.5;1;2016799033112135012;S
20241106;100710;881.5;7;2016799033112135013;S
20241106;100710;881.5;3;2016799033112135014;S
20241106;100710;881.5;7;2016799033112135015;S
20241106;100710;881.5;1;2016799033112135016;S
20241106;100710;881.5;1;2016799033112135017;S
20241106;100711;881.5;1;2016799033112135018;S
20241106;100712;881.5;7;2016799033112135019;S
20241106;100712;881;1;2016799033112135020;S
20241106;100712;881;2;2016799033112135021;S
20241106;100712;881;2;2016799033112135026;S
20241106;100712;881;1;2016799033112135027;S
20241106;100712;881;1;2016799033112135028;S
20241106;100712;881;26;2016799033112135029;S
20241106;100713;882.5;25;2016799033112135030;B
20241106;100713;882.5;25;2016799033112135031;B
20241106;100714;881;1;2016799033112135032;S
20241106;100715;881;9;2016799033112135033;S
20241106;100715;881;1;2016799033112135034;S
20241106;100717;881;1;2016799033112135035;S
20241106;100717;882.5;1;2016799033112135036;B
20241106;100718;881.5;10;2016799033112135037;S
20241106;100718;881;10;2016799033112135038;S
20241106;100718;882.5;9;2016799033112135039;B
20241106;100718;882.5;16;2016799033112135040;B
20241106;100718;882.5;25;2016799033112135041;B
20241106;100718;882;9;2016799033112135042;S
20241106;100718;881;21;2016799033112135043;S
20241106;100718;881;30;2016799033112135044;S
20241106;100719;881;1;2016799033112135045;S
20241106;100723;880.5;1;2016799033112135048;S
20241106;100724;882;1;2016799033112135049;B
20241106;100724;882;3;2016799033112135050;B
20241106;100724;882;25;2016799033112135051;B
20241106;100728;881;1;2016799033112135052;B
20241106;100728;881;1;2016799033112135053;S
20241106;100728;880.5;2;2016799033112135054;S
20241106;100728;881.5;2;2016799033112135055;B
20241106;100728;882.5;12;2016799033112135056;B
20241106;100728;882.5;25;2016799033112135057;B
20241106;100728;882.5;8;2016799033112135058;B
20241106;100732;882;1;2016799033112135059;B
20241106;100732;882;1;2016799033112135060;B
20241106;100732;882;1;2016799033112135061;B
20241106;100732;882.5;22;2016799033112135062;B
20241106;100732;882.5;25;2016799033112135063;B
20241106;100733;881.5;10;2016799033112135064;S
20241106;100734;882;10;2016799033112135065;B
20241106;100734;882.5;8;2016799033112135066;B
20241106;100734;882.5;7;2016799033112135067;B
20241106;100734;882.5;10;2016799033112135068;B
20241106;100734;882.5;6;2016799033112135069;B
20241106;100735;882.5;1;2016799033112135070;B
20241106;100736;881;1;2016799033112135071;B
20241106;100739;882;1;2016799033112135072;B
20241106;100739;882.5;6;2016799033112135073;B
20241106;100739;882.5;7;2016799033112135074;B
20241106;100739;882.5;25;2016799033112135075;B
20241106;100741;881;2;2016799033112135076;S
20241106;100741;882;2;2016799033112135077;B
20241106;100741;882;12;2016799033112135078;B
20241106;100741;882.5;11;2016799033112135079;B
20241106;100741;882.5;25;2016799033112135080;B
20241106;100742;882.5;2;2016799033112135081;B
20241106;100747;882;25;2016799033112135082;B
20241106;100747;882;5;2016799033112135083;B
20241106;100751;881;1;2016799033112135084;S
20241106;100751;881.5;25;2016799033112135085;B
20241106;100751;881.5;13;2016799033112135086;B
20241106;100753;880.5;64;2016799033112135087;S
20241106;100753;880.5;1;2016799033112135088;S
20241106;100754;880.5;3;2016799033112135089;S
20241106;100754;881.5;25;2016799033112135090;B
20241106;100754;881.5;25;2016799033112135091;B
20241106;100757;881.5;6;2016799033112135092;B
20241106;100757;881.5;25;2016799033112135093;B
20241106;100757;881.5;10;2016799033112135094;B
20241106;100757;881.5;3;2016799033112135095;B
20241106;100757;881.5;1;2016799033112135096;B
20241106;100757;882;2;2016799033112135097;B
20241106;100757;882;3;2016799033112135098;B
20241106;100759;880.5;7;2016799033112135099;S
20241106;100759;880.5;10;2016799033112135100;S
20241106;100759;880.5;10;2016799033112135101;S
20241106;100759;880.5;10;2016799033112135102;S
20241106;100759;880.5;9;2016799033112135103;S
20241106;100800;880.5;13;2016799033112135104;B
20241106;100800;880.5;6;2016799033112135105;B
20241106;100801;880;1;2016799033112135106;S
20241106;100801;879.5;6;2016799033112135107;S
20241106;100801;879.5;44;2016799033112135108;S
20241106;100801;880;6;2016799033112135109;B
20241106;100804;880.5;25;2016799033112135110;B
20241106;100804;880.5;25;2016799033112135111;B
20241106;100807;880;5;2016799033112135112;B
20241106;100807;880.5;20;2016799033112135113;B
20241106;100807;880.5;2;2016799033112135114;B
20241106;100807;880.5;19;2016799033112135115;B
20241106;100807;879.5;2;2016799033112135116;S
20241106;100812;880.5;25;2016799033112135117;B
20241106;100812;880.5;16;2016799033112135118;B
20241106;100812;880.5;2;2016799033112135119;B
20241106;100812;881;2;2016799033112135120;B
20241106;100816;880;25;2016799033112135121;B
20241106;100816;880;25;2016799033112135122;B
20241106;100818;879.5;1;2016799033112135123;S
20241106;100821;880;25;2016799033112135124;B
20241106;100821;880;25;2016799033112135125;B
20241106;100825;880;25;2016799033112135126;B
20241106;100825;880;14;2016799033112135127;B
20241106;100827;879.5;1;2016799033112135128;S
20241106;100830;880;25;2016799033112135129;B
20241106;100830;880;20;2016799033112135130;B
20241106;100834;879.5;1;2016799033112135131;S
20241106;100835;879.5;1;2016799033112135132;S
20241106;100835;879.5;1;2016799033112135133;S
20241106;100836;879.5;1;2016799033112135134;S
20241106;100836;880;1;2016799033112135135;B
20241106;100836;880;22;2016799033112135136;B
20241106;100836;880;25;2016799033112135137;B
20241106;100838;879.5;1;2016799033112135139;S
20241106;100840;880;3;2016799033112135143;B
20241106;100841;880;22;2016799033112135144;B
20241106;100841;880;25;2016799033112135145;B
20241106;100842;880;1;2016799033112135146;B
20241106;100842;880;1;2016799033112135147;B
20241106;100845;879.5;76;2016799033112135148;S
20241106;100845;880;22;2016799033112135149;B
20241106;100845;880;25;2016799033112135150;B
20241106;100847;879.5;106;2016799033112135151;S
20241106;100847;879;1;2016799033112135152;S
20241106;100847;879;6;2016799033112135153;S
20241106;100847;879;1;2016799033112135154;S
20241106;100847;879;72;2016799033112135155;S
20241106;100848;879;2;2016799033112135156;S
20241106;100848;879;1;2016799033112135157;S
20241106;100848;879.5;1;2016799033112135158;B
20241106;100849;879.5;5;2016799033112135159;B
20241106;100849;879.5;3;2016799033112135160;B
20241106;100851;879.5;18;2016799033112135161;B
20241106;100851;879.5;25;2016799033112135162;B
20241106;100853;879.5;1;2016799033112135163;B
20241106;100853;879;2;2016799033112135164;S
20241106;100854;878.5;6;2016799033112135165;S
20241106;100854;878.5;1;2016799033112135166;S
20241106;100856;879;6;2016799033112135167;B
20241106;100856;879.5;10;2016799033112135168;B
20241106;100856;879.5;10;2016799033112135169;B
20241106;100857;880;2;2016799033112135170;B
20241106;100857;880;2;2016799033112135171;B
20241106;100857;880;21;2016799033112135172;B
20241106;100857;880;5;2016799033112135173;B
20241106;100857;880;10;2016799033112135174;B
20241106;100858;879.5;6;2016799033112135175;S
20241106;100858;879.5;1;2016799033112135176;S
20241106;100858;879.5;3;2016799033112135177;S
20241106;100900;880;4;2016799033112135178;B
20241106;100901;879;20;2016799033112135179;B
20241106;100901;879;25;2016799033112135180;B
20241106;100905;879;2;2016799033112135181;B
20241106;100905;879;9;2016799033112135182;B
20241106;100905;879;25;2016799033112135183;B
20241106;100905;879;8;2016799033112135184;B
20241106;100907;879;1;2016799033112135185;B
20241106;100909;879.5;25;2016799033112135186;B
20241106;100909;879.5;14;2016799033112135187;B
20241106;100910;878;1;2016799033112135188;S
20241106;100915;879;25;2016799033112135189;B
20241106;100917;878.5;1;2016799033112135190;S
20241106;100918;878;1;2016799033112135191;S
20241106;100918;878;10;2016799033112135192;S
20241106;100920;878;25;2016799033112135193;B
20241106;100920;878;25;2016799033112135194;B
20241106;100924;878;25;2016799033112135195;B
20241106;100924;878;25;2016799033112135196;B
20241106;100925;877.5;1;2016799033112135197;S
20241106;100925;877.5;1;2016799033112135198;S
20241106;100925;877.5;1;2016799033112135199;S
20241106;100926;878;25;2016799033112135200;B
20241106;100929;878;2;2016799033112135201;B
20241106;100929;878;1;2016799033112135202;B
20241106;100929;878;1;2016799033112135203;B
20241106;100929;878.5;10;2016799033112135204;B
20241106;100929;878.5;6;2016799033112135205;B
20241106;100929;878.5;4;2016799033112135206;B
20241106;100929;879;13;2016799033112135207;B
20241106;100929;879;25;2016799033112135208;B
20241106;100929;878;10;2016799033112135209;S
20241106;100929;878;75;2016799033112135210;S
20241106;100931;877.5;1;2016799033112135211;S
20241106;100934;877.5;2;2016799033112135212;S
20241106;100934;878;6;2016799033112135213;B
20241106;100934;878;25;2016799033112135214;B
20241106;100939;878;1;2016799033112135215;B
20241106;100939;878;1;2016799033112135216;B
20241106;100939;878;2;2016799033112135217;B
20241106;100939;878.5;10;2016799033112135218;B
20241106;100939;878.5;11;2016799033112135219;B
20241106;100943;878.5;25;2016799033112135220;B
20241106;100943;878.5;1;2016799033112135221;B
20241106;100945;878;1;2016799033112135222;S
20241106;100945;878.5;10;2016799033112135223;B
20241106;100945;878.5;5;2016799033112135224;B
20241106;100945;879;1;2016799033112135225;B
20241106;100945;879;9;2016799033112135226;B
20241106;100946;878.5;1;2016799033112135227;B
20241106;100949;878.5;9;2016799033112135228;B
20241106;100949;879;1;2016799033112135229;B
20241106;100949;879;15;2016799033112135230;B
20241106;100949;879;25;2016799033112135231;B
20241106;100950;877.5;1;2016799033112135232;S
20241106;100950;877.5;3;2016799033112135233;S
20241106;100950;877.5;1;2016799033112135234;S
20241106;100950;877;6;2016799033112135235;S
20241106;100950;877;2;2016799033112135236;S
20241106;100950;877;87;2016799033112135237;S
20241106;100950;877;10;2016799033112135238;S
20241106;100950;877;10;2016799033112135239;S
20241106;100950;877;10;2016799033112135240;S
20241106;100950;877;1;2016799033112135241;S
20241106;100950;877;6;2016799033112135242;S
20241106;100950;877;10;2016799033112135243;S
20241106;100950;876.5;6;2016799033112135244;S
20241106;100950;876.5;1;2016799033112135245;S
20241106;100950;876.5;3;2016799033112135246;S
20241106;100950;876.5;10;2016799033112135247;S
20241106;100954;877;6;2016799033112135248;B
20241106;100954;877.5;5;2016799033112135249;B
20241106;100957;877.5;25;2016799033112135250;B
20241106;100957;877.5;25;2016799033112135251;B
20241106;101000;877;2;2016799033112135252;B
20241106;101001;877.5;3;2016799033112135253;B
20241106;101001;877.5;25;2016799033112135254;B
20241106;101005;877.5;20;2016799033112135255;B
20241106;101007;877;1;2016799033112135256;B
20241106;101008;877;1;2016799033112135257;B
20241106;101017;877;1;2016799033112135258;B
20241106;101017;877;4;2016799033112135259;B
20241106;101021;877;2;2016799033112135260;B
20241106;101023;876.5;3;2016799033112135261;S
20241106;101026;876.5;1;2016799033112135262;S
20241106;101032;876.5;1;2016799033112135263;S
20241106;101032;876.5;1;2016799033112135268;S
20241106;101032;876.5;4;2016799033112135269;S
20241106;101032;876.5;2;2016799033112135270;S
20241106;101032;876.5;22;2016799033112135271;S
20241106;101041;876.5;1;2016799033112135272;S
20241106;101041;876.5;5;2016799033112135273;S
20241106;101042;876.5;1;2016799033112135274;S
20241106;101049;876;2;2016799033112135276;S
20241106;101049;876;1;2016799033112135277;S
20241106;101049;876;1;2016799033112135278;S
20241106;101050;876;2;2016799033112135279;S
20241106;101050;876;2;2016799033112135280;S
20241106;101050;876;2;2016799033112135281;S
20241106;101050;876;2;2016799033112135282;S
20241106;101050;876;2;2016799033112135283;S
20241106;101050;876;4;2016799033112135284;S
20241106;101050;876;2;2016799033112135285;S
20241106;101050;876;2;2016799033112135286;S
20241106;101057;875.5;6;2016799033112135287;S
20241106;101057;875.5;94;2016799033112135288;S
20241106;101057;875.5;6;2016799033112135289;S
20241106;101058;875.5;1;2016799033112135290;S
20241106;101103;875.5;1;2016799033112135291;S
20241106;101109;875.5;1;2016799033112135292;S
20241106;101118;875.5;1;2016799033112135293;S
20241106;101123;876;1;2016799033112135294;B
20241106;101123;876.5;6;2016799033112135295;B
20241106;101124;875.5;5;2016799033112135296;S
20241106;101133;876;1;2016799033112135297;S
20241106;101133;876;7;2016799033112135298;S
20241106;101136;876;1;2016799033112135299;S
20241106;101138;875.5;2;2016799033112135300;S
20241106;101138;875.5;10;2016799033112135301;S
20241106;101151;875.5;1;2016799033112135302;S
20241106;101153;875.5;3;2016799033112135303;S
20241106;101156;876;1;2016799033112135304;B
20241106;101207;876;2;2016799033112135305;B
20241106;101207;875.5;2;2016799033112135306;S
20241106;101209;875.5;5;2016799033112135307;S
20241106;101209;876;2;2016799033112135308;B
20241106;101215;875.5;2;2016799033112135309;S
20241106;101215;875.5;1;2016799033112135310;S
20241106;101215;875.5;2;2016799033112135311;S
20241106;101223;876;1;2016799033112135312;B
20241106;101226;876;13;2016799033112135313;B
20241106;101226;876;33;2016799033112135314;B
20241106;101226;876;3;2016799033112135315;B
20241106;101234;876.5;2;2016799033112135316;B
20241106;101234;876.5;2;2016799033112135317;B
20241106;101234;876.5;1;2016799033112135318;B
20241106;101234;876.5;1;2016799033112135319;B
20241106;101234;876.5;1;2016799033112135320;B
20241106;101234;876.5;1;2016799033112135321;B
20241106;101243;876;1;2016799033112135322;S
20241106;101245;876.5;1;2016799033112135323;S
20241106;101252;876.5;1;2016799033112135324;S
20241106;101252;877;3;2016799033112135325;B
20241106;101252;877;2;2016799033112135326;B
20241106;101253;877;2;2016799033112135327;S
20241106;101300;877;2;2016799033112135328;S
20241106;101300;877;98;2016799033112135329;S
20241106;101301;876.5;1;2016799033112135330;S
20241106;101310;877;1;2016799033112135331;B
20241106;101316;877.5;5;2016799033112135332;B
20241106;101320;877.5;10;2016799033112135333;S
20241106;101327;878;1;2016799033112135334;B
20241106;101327;878;2;2016799033112135335;B
20241106;101327;878;1;2016799033112135336;B
20241106;101327;878;6;2016799033112135337;B
20241106;101347;877.5;60;2016799033112135338;S
20241106;101347;877.5;40;2016799033112135339;S
20241106;101358;877;5;2016799033112135340;S
20241106;101358;877;5;2016799033112135341;S
20241106;101404;876;60;2016799033112135342;S
20241106;101416;876.5;30;2016799033112135343;S
20241106;101423;877;2;2016799033112135344;B
20241106;101423;877;1;2016799033112135345;B
20241106;101433;877;1;2016799033112135346;B
20241106;101437;876.5;1;2016799033112135347;S
20241106;101438;876.5;50;2016799033112135348;S
20241106;101442;876.5;2;2016799033112135349;B
20241106;101452;876;1;2016799033112135350;S
20241106;101452;876;6;2016799033112135351;S
20241106;101452;876;5;2016799033112135352;S
20241106;101452;876;7;2016799033112135353;S
20241106;101452;876;2;2016799033112135354;S
20241106;101504;876.5;4;2016799033112135356;B
20241106;101513;876.5;2;2016799033112135360;B
20241106;101525;875.5;1;2016799033112135361;S
20241106;101533;876.5;1;2016799033112135362;B
20241106;101536;876.5;1;2016799033112135363;B
20241106;101540;876.5;1;2016799033112135364;B
20241106;101546;876;1;2016799033112135365;S
20241106;101548;876.5;1;2016799033112135366;B
20241106;101557;876.5;3;2016799033112135367;B
20241106;101557;876.5;8;2016799033112135368;B
20241106;101611;877;1;2016799033112135369;B
20241106;101617;877;1;2016799033112135370;B
20241106;101626;877;1;2016799033112135371;B
20241106;101626;876.5;1;2016799033112135372;S
20241106;101633;876.5;1;2016799033112135373;B
20241106;101635;876;1;2016799033112135374;S
20241106;101639;876;2;2016799033112135375;B
20241106;101642;876.5;2;2016799033112135376;B
20241106;101704;876;2;2016799033112135377;S
20241106;101705;876;2;2016799033112135378;S
20241106;101715;876.5;5;2016799033112135379;B
20241106;101729;876;1;2016799033112135380;S
20241106;101731;876;4;2016799033112135381;S
20241106;101738;876;5;2016799033112135382;S
20241106;101744;876;3;2016799033112135383;S
20241106;101754;875.5;1;2016799033112135384;S
20241106;101805;876;1;2016799033112135385;B
20241106;101806;876;1;2016799033112135386;B
20241106;101812;876;1;2016799033112135387;B
20241106;101817;875;1;2016799033112135388;S
20241106;101817;875;1;2016799033112135389;S
20241106;101834;875;2;2016799033112135390;S
20241106;101850;875;3;2016799033112135391;S
20241106;101854;875;1;2016799033112135392;S
20241106;101854;875;1;2016799033112135393;S
20241106;101854;875;1;2016799033112135394;S
20241106;101854;875;1;2016799033112135395;S
20241106;101858;874.5;2;2016799033112135396;S
20241106;101858;874.5;1;2016799033112135397;S
20241106;101858;874.5;1;2016799033112135398;S
20241106;101902;874;1;2016799033112135399;S
20241106;101911;874;5;2016799033112135400;S
20241106;101911;874;1;2016799033112135401;S
20241106;101915;874;4;2016799033112135402;S
20241106;101915;874;10;2016799033112135403;S
20241106;101916;874;1;2016799033112135404;S
20241106;101916;874;1;2016799033112135405;S
20241106;101916;874;3;2016799033112135406;S
20241106;101916;874;1;2016799033112135407;B
20241106;101929;874;10;2016799033112135408;S
20241106;101929;874;90;2016799033112135409;S
20241106;101929;874.5;1;2016799033112135410;B
20241106;101934;873.5;1;2016799033112135411;S
20241106;101945;873.5;17;2016799033112135412;S
20241106;101945;873.5;12;2016799033112135413;S
20241106;101945;873.5;1;2016799033112135414;S
20241106;101949;873.5;80;2016799033112135415;S
20241106;101952;873;6;2016799033112135416;S
20241106;101952;873;14;2016799033112135417;S
20241106;101952;873;6;2016799033112135418;S
20241106;101958;873;5;2016799033112135419;S
20241106;102002;873;3;2016799033112135420;S
20241106;102005;873;1;2016799033112135421;S
20241106;102014;873;1;2016799033112135422;S
20241106;102018;873;1;2016799033112135423;S
20241106;102028;872.5;4;2016799033112135424;S
20241106;102029;872.5;1;2016799033112135425;S
20241106;102029;872.5;1;2016799033112135426;S
20241106;102029;872.5;2;2016799033112135427;S
20241106;102036;872;3;2016799033112135428;S
20241106;102041;872;1;2016799033112135429;S
20241106;102041;872;1;2016799033112135430;S
20241106;102044;872;1;2016799033112135431;S
20241106;102046;871.5;4;2016799033112135434;S
20241106;102046;871.5;1;2016799033112135439;S
20241106;102046;871.5;1;2016799033112135444;S
20241106;102046;871.5;1;2016799033112135449;S
20241106;102046;871.5;1;2016799033112135454;S
20241106;102046;871.5;2;2016799033112135459;S
20241106;102058;872;1;2016799033112135463;B
20241106;102111;871.5;1;2016799033112135464;S
20241106;102121;872;5;2016799033112135465;S
20241106;102127;872.5;1;2016799033112135466;B
20241106;102130;872.5;1;2016799033112135467;B
20241106;102132;872.5;1;2016799033112135468;B
20241106;102135;873;1;2016799033112135469;B
20241106;102137;873;1;2016799033112135470;B
20241106;102139;873;1;2016799033112135471;B
20241106;102139;872.5;5;2016799033112135472;S
20241106;102141;872.5;1;2016799033112135473;S
20241106;102141;873;1;2016799033112135474;B
20241106;102143;873;1;2016799033112135475;B
20241106;102146;873;1;2016799033112135476;B
20241106;102153;873;1;2016799033112135477;B
20241106;102153;873;1;2016799033112135478;B
20241106;102153;873;1;2016799033112135479;B
20241106;102153;873;1;2016799033112135480;B
20241106;102153;873.5;1;2016799033112135481;B
20241106;102156;874;1;2016799033112135482;B
20241106;102156;874;9;2016799033112135483;B
20241106;102157;873.5;9;2016799033112135484;S
20241106;102157;873.5;6;2016799033112135485;S
20241106;102200;873.5;3;2016799033112135486;S
20241106;102202;874;1;2016799033112135487;B
20241106;102202;874;8;2016799033112135488;B
20241106;102203;874;1;2016799033112135489;B
20241106;102207;874;10;2016799033112135490;B
20241106;102207;874;6;2016799033112135491;B
20241106;102211;874;1;2016799033112135492;S
20241106;102212;874;1;2016799033112135493;S
20241106;102222;874.5;1;2016799033112135494;B
20241106;102242;874.5;1;2016799033112135495;B
20241106;102245;874;5;2016799033112135496;S
20241106;102247;874;2;2016799033112135497;S
20241106;102248;874.5;1;2016799033112135498;B
20241106;102250;874.5;1;2016799033112135499;B
20241106;102306;874.5;1;2016799033112135500;S
20241106;102309;875;1;2016799033112135501;B
20241106;102323;875.5;2;2016799033112135502;B
20241106;102326;874.5;1;2016799033112135503;S
20241106;102331;874;1;2016799033112135504;S
20241106;102333;874.5;2;2016799033112135505;B
20241106;102334;873.5;1;2016799033112135506;S
20241106;102340;874.5;1;2016799033112135507;B
20241106;102352;874.5;1;2016799033112135508;B
20241106;102359;874.5;1;2016799033112135509;B
20241106;102403;873.5;1;2016799033112135510;S
20241106;102405;874;1;2016799033112135511;S
20241106;102414;873.5;1;2016799033112135512;B
20241106;102415;873.5;5;2016799033112135513;B
20241106;102425;873;1;2016799033112135514;S
20241106;102425;873;2;2016799033112135515;S
20241106;102425;873;3;2016799033112135516;S
20241106;102425;873;2;2016799033112135517;S
20241106;102425;873;1;2016799033112135518;S
20241106;102425;873;1;2016799033112135519;S
20241106;102425;873;1;2016799033112135520;S
20241106;102425;873;1;2016799033112135521;S
20241106;102428;872.5;1;2016799033112135522;S
20241106;102439;872.5;9;2016799033112135523;S
20241106;102439;872.5;1;2016799033112135524;S
20241106;102439;872.5;1;2016799033112135525;S
20241106;102441;872;5;2016799033112135526;S
20241106;102441;873;1;2016799033112135527;B
20241106;102500;872;1;2016799033112135528;S
20241106;102500;872;1;2016799033112135529;S
20241106;102516;872.5;1;2016799033112135530;S
20241106;102516;872;1;2016799033112135531;S
20241106;102516;872;15;2016799033112135532;S
20241106;102523;873;1;2016799033112135533;B
20241106;102542;872.5;1;2016799033112135534;S
20241106;102557;873;1;2016799033112135535;B
20241106;102605;873;4;2016799033112135536;B
20241106;102625;873;1;2016799033112135537;B
20241106;102631;873;1;2016799033112135538;B
20241106;102631;873;3;2016799033112135539;B
20241106;102657;872.5;5;2016799033112135540;S
20241106;102657;872.5;9;2016799033112135541;S
20241106;102705;873;1;2016799033112135542;B
20241106;102708;872.5;2;2016799033112135543;S
20241106;102709;873;1;2016799033112135544;B
20241106;102711;872.5;1;2016799033112135545;S
20241106;102735;872;3;2016799033112135546;S
20241106;102748;872;18;2016799033112135547;S
20241106;102749;872;5;2016799033112135548;S
20241106;102754;872;10;2016799033112135549;S
20241106;102808;872;2;2016799033112135550;S
20241106;102812;872;1;2016799033112135551;S
20241106;102812;872;1;2016799033112135552;S
20241106;102812;872;2;2016799033112135553;S
20241106;102813;872;1;2016799033112135554;S
20241106;102813;871.5;1;2016799033112135555;S
20241106;102824;871.5;1;2016799033112135556;S
20241106;102824;871.5;4;2016799033112135557;S
20241106;102824;871.5;1;2016799033112135558;S
20241106;102824;871.5;2;2016799033112135559;S
20241106;102825;871;5;2016799033112135560;S
20241106;102826;871;1;2016799033112135561;S
20241106;102826;871;1;2016799033112135562;S
20241106;102833;871.5;1;2016799033112135563;B
20241106;102834;871.5;2;2016799033112135564;S
20241106;102854;871.5;1;2016799033112135565;B
20241106;102857;871;1;2016799033112135566;S
20241106;102859;872;1;2016799033112135567;B
20241106;102859;872;4;2016799033112135568;B
20241106;102907;872;5;2016799033112135569;B
20241106;102907;872;3;2016799033112135570;B
20241106;102911;872;1;2016799033112135571;S
20241106;102926;872.5;1;2016799033112135572;B
20241106;102926;872.5;1;2016799033112135573;B
20241106;102926;873;1;2016799033112135574;B
20241106;102936;872.5;1;2016799033112135575;B
20241106;102936;873;10;2016799033112135576;B
20241106;102937;872.5;9;2016799033112135577;S
20241106;102942;872.5;1;2016799033112135578;S
20241106;102943;873;1;2016799033112135579;B
20241106;102943;873;1;2016799033112135580;B
20241106;102943;873;2;2016799033112135581;B
20241106;102943;873;1;2016799033112135582;B
20241106;102943;873;3;2016799033112135583;B
20241106;102958;873.5;10;2016799033112135584;B
20241106;102958;873.5;2;2016799033112135585;B
20241106;102958;873.5;1;2016799033112135586;B
20241106;102958;873.5;1;2016799033112135587;B
20241106;102958;873.5;1;2016799033112135588;B
20241106;102958;873.5;1;2016799033112135589;B
20241106;103030;873.5;1;2016799033112135590;S
20241106;103032;873;1;2016799033112135591;S
20241106;103034;873.5;5;2016799033112135592;S
20241106;103047;873.5;1;2016799033112135593;B
20241106;103047;874;15;2016799033112135594;B
20241106;103048;874;1;2016799033112135595;B
20241106;103054;874;2;2016799033112135596;B
20241106;103054;874;8;2016799033112135597;B
20241106;103101;873.5;2;2016799033112135598;S
20241106;103110;874;1;2016799033112135599;B
20241106;103111;874;1;2016799033112135600;B
20241106;103121;874;1;2016799033112135601;B
20241106;103122;873.5;1;2016799033112135602;S
20241106;103122;873.5;1;2016799033112135603;S
20241106;103149;874;3;2016799033112135604;B
20241106;103149;874;1;2016799033112135605;B
20241106;103149;874;10;2016799033112135606;B
20241106;103149;874;1;2016799033112135607;B
20241106;103149;874;4;2016799033112135608;B
20241106;103149;874;1;2016799033112135609;B
20241106;103149;874;5;2016799033112135610;B
20241106;103149;874;5;2016799033112135611;B
20241106;103210;874.5;1;2016799033112135612;B
20241106;103210;874.5;2;2016799033112135613;B
20241106;103210;874.5;1;2016799033112135614;B
20241106;103210;874.5;1;2016799033112135615;B
20241106;103303;874;1;2016799033112135616;S
20241106;103325;873.5;1;2016799033112135617;S
20241106;103325;873.5;1;2016799033112135618;S
20241106;103326;873.5;1;2016799033112135619;S
20241106;103344;874;1;2016799033112135620;B
20241106;103345;874;1;2016799033112135621;B
20241106;103350;874;1;2016799033112135622;B
20241106;103401;873.5;1;2016799033112135623;B
20241106;103401;873.5;2;2016799033112135624;B
20241106;103434;873.5;1;2016799033112135625;S
20241106;103434;873.5;1;2016799033112135626;S
20241106;103451;873.5;3;2016799033112135627;B
20241106;103517;873.5;1;2016799033112135628;S
20241106;103518;873.5;7;2016799033112135629;B
20241106;103541;873;2;2016799033112135630;S
20241106;103541;873;1;2016799033112135631;S
20241106;103541;873;1;2016799033112135632;S
20241106;103554;873;1;2016799033112135633;S
20241106;103601;873.5;2;2016799033112135634;B
20241106;103604;873.5;1;2016799033112135635;B
20241106;103610;873.5;11;2016799033112135636;B
20241106;103629;873;1;2016799033112135637;S
20241106;103648;873.5;1;2016799033112135638;B
20241106;103657;873.5;1;2016799033112135639;S
20241106;103700;873.5;1;2016799033112135640;S
20241106;103711;873.5;1;2016799033112135641;S
20241106;103712;874;1;2016799033112135642;B
20241106;103712;874;2;2016799033112135643;B
20241106;103712;874;1;2016799033112135644;B
20241106;103712;874;2;2016799033112135645;B
20241106;103712;874;9;2016799033112135646;B
20241106;103740;874;1;2016799033112135647;B
20241106;103759;873.5;13;2016799033112135648;S
20241106;103806;873;1;2016799033112135649;S
20241106;103806;873;1;2016799033112135650;S
20241106;103806;873;1;2016799033112135651;S
20241106;103809;873;1;2016799033112135652;S
20241106;103815;872.5;1;2016799033112135653;S
20241106;103815;872.5;1;2016799033112135654;S
20241106;103815;872.5;1;2016799033112135655;S
20241106;103815;872.5;3;2016799033112135656;S
20241106;103830;873.5;4;2016799033112135657;B
20241106;103836;872.5;2;2016799033112135658;S
20241106;103838;872.5;5;2016799033112135659;S
20241106;103856;872.5;1;2016799033112135660;S
20241106;103909;872.5;1;2016799033112135661;S
20241106;103923;874;1;2016799033112135662;B
20241106;103928;874;1;2016799033112135663;S
20241106;103929;874.5;1;2016799033112135664;B
20241106;103932;873.5;1;2016799033112135665;S
20241106;103932;873.5;24;2016799033112135666;S
20241106;103932;873.5;1;2016799033112135667;S
20241106;103932;873.5;1;2016799033112135668;S
20241106;103932;873.5;2;2016799033112135669;S
20241106;103933;873.5;1;2016799033112135670;S
20241106;103933;873.5;1;2016799033112135671;S
20241106;103933;873.5;2;2016799033112135672;S
20241106;103933;873.5;2;2016799033112135673;S
20241106;103933;873.5;2;2016799033112135674;S
20241106;103933;873.5;1;2016799033112135675;S
20241106;103933;873.5;1;2016799033112135676;S
20241106;103933;873.5;1;2016799033112135677;S
20241106;103933;873.5;6;2016799033112135678;S
20241106;103933;873.5;1;2016799033112135679;S
20241106;103933;873.5;1;2016799033112135680;S
20241106;103934;873.5;1;2016799033112135681;S
20241106;103934;873.5;1;2016799033112135682;S
20241106;103934;873.5;1;2016799033112135683;S
20241106;103934;873.5;1;2016799033112135684;S
20241106;103934;873.5;15;2016799033112135685;S
20241106;103935;873.5;1;2016799033112135686;S
20241106;103935;873.5;6;2016799033112135687;S
20241106;103935;873.5;2;2016799033112135688;S
20241106;103935;873.5;1;2016799033112135689;S
20241106;103935;873.5;1;2016799033112135690;S
20241106;103935;873.5;1;2016799033112135691;S
20241106;103935;873.5;1;2016799033112135692;S
20241106;103935;873.5;35;2016799033112135693;S
20241106;103935;873.5;1;2016799033112135694;S
20241106;103935;873.5;1;2016799033112135695;S
20241106;103935;873.5;6;2016799033112135696;S
20241106;103936;873.5;1;2016799033112135697;S
20241106;103936;873.5;6;2016799033112135698;S
20241106;103936;873.5;2;2016799033112135699;S
20241106;103936;873.5;1;2016799033112135700;S
20241106;103936;873.5;3;2016799033112135701;S
20241106;103936;873.5;2;2016799033112135702;S
20241106;103936;873.5;2;2016799033112135703;S
20241106;103936;873.5;1;2016799033112135704;S
20241106;103936;873.5;1;2016799033112135705;S
20241106;103936;873.5;6;2016799033112135706;S
20241106;103936;873.5;10;2016799033112135707;S
20241106;103936;873.5;1;2016799033112135708;S
20241106;103936;873.5;8;2016799033112135709;S
20241106;103936;873.5;1;2016799033112135710;S
20241106;103937;873.5;12;2016799033112135711;S
20241106;103937;873.5;1;2016799033112135712;S
20241106;103937;873.5;1;2016799033112135713;S
20241106;103937;873.5;2;2016799033112135714;S
20241106;103937;873.5;1;2016799033112135715;S
20241106;103938;873;4;2016799033112135716;S
20241106;103938;873;4;2016799033112135717;S
20241106;103938;873;2;2016799033112135718;S
20241106;103938;873;1;2016799033112135719;S
20241106;103938;873;1;2016799033112135720;S
20241106;103938;873;6;2016799033112135721;S
20241106;103938;873;6;2016799033112135722;S
20241106;103939;873;27;2016799033112135723;S
20241106;103939;873;3;2016799033112135724;S
20241106;103939;873;1;2016799033112135725;S
20241106;103939;873;1;2016799033112135726;S
20241106;103939;873;2;2016799033112135727;S
20241106;103939;873;1;2016799033112135728;S
20241106;103940;873;1;2016799033112135729;S
20241106;103940;873;1;2016799033112135730;S
20241106;103940;873;6;2016799033112135731;S
20241106;103940;873;1;2016799033112135732;S
20241106;103940;873;4;2016799033112135733;S
20241106;103940;873;8;2016799033112135734;S
20241106;103940;873;2;2016799033112135735;S
20241106;103940;873;1;2016799033112135736;S
20241106;103940;873;7;2016799033112135737;S
20241106;103941;873;9;2016799033112135738;S
20241106;103941;873;1;2016799033112135739;S
20241106;103941;873;1;2016799033112135740;S
20241106;103942;873;2;2016799033112135741;S
20241106;103942;873;1;2016799033112135742;S
20241106;103942;873;1;2016799033112135743;S
20241106;103942;873;3;2016799033112135744;S
20241106;103942;873;6;2016799033112135745;S
20241106;103942;873;1;2016799033112135746;S
20241106;103942;873;6;2016799033112135747;S
20241106;103942;873;1;2016799033112135748;S
20241106;103942;873;1;2016799033112135749;S
20241106;103943;873;1;2016799033112135750;S
20241106;103943;873;1;2016799033112135751;S
20241106;103943;873;7;2016799033112135752;S
20241106;103943;873;60;2016799033112135753;S
20241106;103943;873;1;2016799033112135754;S
20241106;103943;873;3;2016799033112135755;S
20241106;103943;873;1;2016799033112135756;S
20241106;103943;873;1;2016799033112135757;S
20241106;103943;873;9;2016799033112135758;S
20241106;103944;873;3;2016799033112135759;S
20241106;103944;873;1;2016799033112135760;S
20241106;103944;873;1;2016799033112135761;S
20241106;103944;873;3;2016799033112135762;S
20241106;103944;873;1;2016799033112135763;S
20241106;103944;873;3;2016799033112135764;S
20241106;103944;873;2;2016799033112135765;S
20241106;103945;873;13;2016799033112135766;S
20241106;103945;873;35;2016799033112135767;S
20241106;103945;873;1;2016799033112135768;S
20241106;103945;873;4;2016799033112135769;S
20241106;103945;873;4;2016799033112135770;S
20241106;103945;873;2;2016799033112135771;S
20241106;103945;873;1;2016799033112135772;S
20241106;103945;873;1;2016799033112135773;S
20241106;103945;873;1;2016799033112135774;S
20241106;103945;873;2;2016799033112135775;S
20241106;103945;873;2;2016799033112135776;S
20241106;103945;873;1;2016799033112135777;S
20241106;103945;873;1;2016799033112135778;S
20241106;103946;873;1;2016799033112135779;S
20241106;103946;873;3;2016799033112135780;S
20241106;103946;873;1;2016799033112135781;S
20241106;103946;873;8;2016799033112135782;S
20241106;103946;873;1;2016799033112135783;S
20241106;103946;873;2;2016799033112135784;S
20241106;103947;873;1;2016799033112135785;S
20241106;103947;873;13;2016799033112135786;S
20241106;103947;873;17;2016799033112135787;S
20241106;103947;873;1;2016799033112135788;S
20241106;103947;873;1;2016799033112135789;S
20241106;103948;873;1;2016799033112135790;S
20241106;103948;873;1;2016799033112135791;S
20241106;103948;873;1;2016799033112135792;S
20241106;103949;873;5;2016799033112135793;S
20241106;103949;873;3;2016799033112135794;S
20241106;103949;873;4;2016799033112135795;S
20241106;103949;873;3;2016799033112135796;S
20241106;103950;873;11;2016799033112135797;S
20241106;103950;873;1;2016799033112135798;S
20241106;103950;873;1;2016799033112135799;S
20241106;103950;873;1;2016799033112135800;S
20241106;103950;873;2;2016799033112135801;S
20241106;103950;873;3;2016799033112135802;S
20241106;103950;873;8;2016799033112135803;S
20241106;103950;873;6;2016799033112135804;S
20241106;103951;873;1;2016799033112135805;S
20241106;103951;873;1;2016799033112135806;S
20241106;103951;873;2;2016799033112135807;S
20241106;103951;873;1;2016799033112135808;S
20241106;103951;873;2;2016799033112135809;S
20241106;103951;873;1;2016799033112135810;S
20241106;103951;873;2;2016799033112135811;S
20241106;103952;873;5;2016799033112135812;S
20241106;103952;873;2;2016799033112135813;S
20241106;103952;873;3;2016799033112135814;S
20241106;103952;873;1;2016799033112135815;S
20241106;103952;873;1;2016799033112135816;S
20241106;103952;873;1;2016799033112135817;S
20241106;103953;873;1;2016799033112135818;S
20241106;103953;873;2;2016799033112135819;S
20241106;103953;873;22;2016799033112135820;S
20241106;103954;873;1;2016799033112135821;S
20241106;103954;873;1;2016799033112135822;S
20241106;103955;873;1;2016799033112135823;S
20241106;103955;873;5;2016799033112135824;S
20241106;103956;873;6;2016799033112135825;S
20241106;103956;873;1;2016799033112135826;S
20241106;103956;873;5;2016799033112135827;S
20241106;103956;873;2;2016799033112135828;S
20241106;103956;873;1;2016799033112135829;S
20241106;103956;873;1;2016799033112135830;S
20241106;103957;873;1;2016799033112135831;S
20241106;103957;873;2;2016799033112135832;S
20241106;103957;873;2;2016799033112135833;S
20241106;103959;873;1;2016799033112135834;S
20241106;103959;873;1;2016799033112135835;S
20241106;103959;873;1;2016799033112135836;S
20241106;103959;873;3;2016799033112135837;S
20241106;104000;873;2;2016799033112135838;S
20241106;104000;873;1;2016799033112135839;S
20241106;104001;873;2;2016799033112135840;S
20241106;104001;873;1;2016799033112135841;S
20241106;104002;873;1;2016799033112135842;S
20241106;104003;874;1;2016799033112135843;B
20241106;104003;874;9;2016799033112135844;B
20241106;104003;873;1;2016799033112135845;S
20241106;104003;873.5;1;2016799033112135846;S
20241106;104003;873;1;2016799033112135847;S
20241106;104003;873;39;2016799033112135848;S
20241106;104003;873;5;2016799033112135849;S
20241106;104003;873;17;2016799033112135850;S
20241106;104004;873;1;2016799033112135851;S
20241106;104004;873;1;2016799033112135852;S
20241106;104004;873;3;2016799033112135853;S
20241106;104004;873;4;2016799033112135854;S
20241106;104005;873;1;2016799033112135855;S
20241106;104005;873;1;2016799033112135856;S
20241106;104005;873;1;2016799033112135857;S
20241106;104005;873;1;2016799033112135858;S
20241106;104005;873;1;2016799033112135859;S
20241106;104005;873;2;2016799033112135860;S
20241106;104006;873;2;2016799033112135861;S
20241106;104006;873;1;2016799033112135862;S
20241106;104006;873;1;2016799033112135863;S
20241106;104006;873;1;2016799033112135864;S
20241106;104006;873;47;2016799033112135865;S
20241106;104006;873;4;2016799033112135866;S
20241106;104007;873;2;2016799033112135867;S
20241106;104008;873;2;2016799033112135868;S
20241106;104008;873;6;2016799033112135869;S
20241106;104009;873;1;2016799033112135870;S
20241106;104009;873;3;2016799033112135871;S
20241106;104010;873;1;2016799033112135872;S
20241106;104010;873;1;2016799033112135873;S
20241106;104011;873;5;2016799033112135874;S
20241106;104011;873;1;2016799033112135875;S
20241106;104012;873;1;2016799033112135876;S
20241106;104013;873;15;2016799033112135877;S
20241106;104013;873;2;2016799033112135878;S
20241106;104013;873;2;2016799033112135879;S
20241106;104020;874;3;2016799033112135880;B
20241106;104023;874;1;2016799033112135881;B
20241106;104023;874;1;2016799033112135882;B
20241106;104023;874.5;1;2016799033112135883;B
20241106;104023;874.5;1;2016799033112135884;B
20241106;104023;874.5;2;2016799033112135885;B
20241106;104023;874.5;1;2016799033112135886;B
20241106;104023;874.5;1;2016799033112135887;B
20241106;104023;874.5;10;2016799033112135888;B
20241106;104029;874.5;2;2016799033112135889;B
20241106;104029;875;10;2016799033112135890;B
20241106;104029;875;5;2016799033112135891;B
20241106;104034;874.5;8;2016799033112135892;S
20241106;104035;875;5;2016799033112135893;B
20241106;104046;875;1;2016799033112135894;B
20241106;104046;875;10;2016799033112135895;B
20241106;104046;875;1;2016799033112135896;B
20241106;104046;875;1;2016799033112135897;B
20241106;104046;875;2;2016799033112135898;B
20241106;104151;875;1;2016799033112135904;B
20241106;104159;875;3;2016799033112135906;B
20241106;104159;875;1;2016799033112135907;B
20241106;104159;875;1;2016799033112135908;B
20241106;104159;875;1;2016799033112135909;B
20241106;104159;875;5;2016799033112135910;B
20241106;104159;875;3;2016799033112135911;B
20241106;104208;875;1;2016799033112135912;B
20241106;104208;875;17;2016799033112135913;B
20241106;104235;874.5;7;2016799033112135914;B
20241106;104254;875;1;2016799033112135915;B
20241106;104320;874.5;1;2016799033112135916;S
20241106;104320;874.5;9;2016799033112135917;S
20241106;104321;875;1;2016799033112135918;B
20241106;104321;875.5;5;2016799033112135919;B
20241106;104332;875.5;1;2016799033112135920;B
20241106;104332;875.5;1;2016799033112135921;B
20241106;104332;875.5;6;2016799033112135922;B
20241106;104332;875.5;8;2016799033112135923;B
20241106;104332;875.5;1;2016799033112135924;B
20241106;104332;875.5;17;2016799033112135925;B
20241106;104332;875.5;1;2016799033112135926;B
20241106;104332;875.5;2;2016799033112135927;B
20241106;104332;875.5;2;2016799033112135928;B
20241106;104332;875.5;5;2016799033112135929;B
20241106;104332;875.5;27;2016799033112135930;B
20241106;104332;875.5;3;2016799033112135931;B
20241106;104332;875.5;2;2016799033112135932;B
20241106;104332;875.5;1;2016799033112135933;B
20241106;104332;875.5;13;2016799033112135934;B
20241106;104332;875.5;1;2016799033112135935;B
20241106;104332;875.5;1;2016799033112135936;B
20241106;104332;875.5;4;2016799033112135937;B
20241106;104332;875.5;6;2016799033112135938;B
20241106;104332;875.5;7;2016799033112135939;B
20241106;104332;875.5;2;2016799033112135940;B
20241106;104332;875.5;1;2016799033112135941;B
20241106;104332;875.5;1;2016799033112135942;B
20241106;104332;875.5;1;2016799033112135943;B
20241106;104332;875.5;1;2016799033112135944;B
20241106;104332;875.5;1;2016799033112135945;B
20241106;104332;875.5;2;2016799033112135946;B
20241106;104332;875.5;1;2016799033112135947;B
20241106;104332;875.5;1;2016799033112135948;B
20241106;104332;875.5;3;2016799033112135949;B
20241106;104332;875.5;2;2016799033112135950;B
20241106;104332;875.5;1;2016799033112135951;B
20241106;104332;875.5;1;2016799033112135952;B
20241106;104332;876;2;2016799033112135953;B
20241106;104332;876;2;2016799033112135954;B
20241106;104332;876;2;2016799033112135955;B
20241106;104332;876;1;2016799033112135956;B
20241106;104332;876;1;2016799033112135957;B
20241106;104332;876;35;2016799033112135958;B
20241106;104332;876;1;2016799033112135959;B
20241106;104332;876;1;2016799033112135960;B
20241106;104332;876;1;2016799033112135961;B
20241106;104332;876;1;2016799033112135962;B
20241106;104332;876;3;2016799033112135963;B
20241106;104332;876;1;2016799033112135964;B
20241106;104332;876;1;2016799033112135965;B
20241106;104332;876;5;2016799033112135966;B
20241106;104332;876;2;2016799033112135967;B
20241106;104332;876;1;2016799033112135968;B
20241106;104332;876;1;2016799033112135969;B
20241106;104332;876;15;2016799033112135970;B
20241106;104332;876;1;2016799033112135971;B
20241106;104332;876;1;2016799033112135972;B
20241106;104332;876;1;2016799033112135973;B
20241106;104332;876;1;2016799033112135974;B
20241106;104332;876;1;2016799033112135975;B
20241106;104332;876;3;2016799033112135976;B
20241106;104332;876;2;2016799033112135977;B
20241106;104332;876;1;2016799033112135978;B
20241106;104332;876;1;2016799033112135979;B
20241106;104332;876;1;2016799033112135980;B
20241106;104332;876;24;2016799033112135981;B
20241106;104332;876;1;2016799033112135982;B
20241106;104332;876;8;2016799033112135983;B
20241106;104332;876;12;2016799033112135984;B
20241106;104332;875.5;1;2016799033112135985;B
20241106;104332;875.5;1;2016799033112135986;B
20241106;104332;875.5;1;2016799033112135987;B
20241106;104332;875.5;15;2016799033112135988;B
20241106;104332;875.5;9;2016799033112135989;B
20241106;104332;875.5;6;2016799033112135990;B
20241106;104332;875.5;1;2016799033112135991;B
20241106;104332;875.5;8;2016799033112135992;B
20241106;104332;875.5;9;2016799033112135993;B
20241106;104332;875.5;1;2016799033112135994;B
20241106;104332;875.5;1;2016799033112135995;B
20241106;104332;875.5;1;2016799033112135996;B
20241106;104332;875.5;1;2016799033112135997;B
20241106;104332;875.5;2;2016799033112135998;B
20241106;104332;875.5;1;2016799033112135999;B
20241106;104332;875.5;5;2016799033112136000;B
20241106;104332;875.5;40;2016799033112136001;B
20241106;104332;875.5;2;2016799033112136002;B
20241106;104332;875.5;1;2016799033112136003;B
20241106;104332;875.5;1;2016799033112136004;B
20241106;104332;875.5;1;2016799033112136005;B
20241106;104332;875.5;1;2016799033112136006;B
20241106;104332;875.5;1;2016799033112136007;B
20241106;104332;875.5;1;2016799033112136008;B
20241106;104332;875.5;6;2016799033112136009;B
20241106;104332;875.5;1;2016799033112136010;B
20241106;104332;875.5;1;2016799033112136011;B
20241106;104332;875.5;1;2016799033112136012;B
20241106;104332;875.5;5;2016799033112136013;B
20241106;104332;875.5;1;2016799033112136014;B
20241106;104332;875.5;1;2016799033112136015;B
20241106;104332;875.5;2;2016799033112136016;B
20241106;104332;875.5;3;2016799033112136017;B
20241106;104332;876;1;2016799033112136018;B
20241106;104332;876;1;2016799033112136019;B
20241106;104332;876;1;2016799033112136020;B
20241106;104332;876;1;2016799033112136021;B
20241106;104332;875.5;22;2016799033112136022;B
20241106;104332;875.5;11;2016799033112136023;B
20241106;104332;875.5;2;2016799033112136024;B
20241106;104332;875.5;1;2016799033112136025;B
20241106;104332;875.5;2;2016799033112136026;B
20241106;104332;875.5;1;2016799033112136027;B
20241106;104332;875.5;1;2016799033112136028;B
20241106;104333;875.5;2;2016799033112136029;B
20241106;104333;875.5;10;2016799033112136030;B
20241106;104333;875.5;1;2016799033112136031;B
20241106;104333;875.5;1;2016799033112136032;B
20241106;104333;875.5;3;2016799033112136033;B
20241106;104333;875.5;35;2016799033112136034;B
20241106;104333;875.5;1;2016799033112136035;B
20241106;104333;875.5;1;2016799033112136036;B
20241106;104333;875.5;1;2016799033112136037;B
20241106;104333;875.5;4;2016799033112136038;B
20241106;104333;875.5;1;2016799033112136039;B
20241106;104333;875.5;1;2016799033112136040;B
20241106;104333;875.5;3;2016799033112136041;B
20241106;104333;875.5;1;2016799033112136042;B
20241106;104333;875.5;1;2016799033112136043;B
20241106;104333;875.5;1;2016799033112136044;B
20241106;104333;875.5;1;2016799033112136045;B
20241106;104333;875.5;1;2016799033112136046;B
20241106;104333;875.5;1;2016799033112136047;B
20241106;104333;875.5;3;2016799033112136048;B
20241106;104333;875.5;2;2016799033112136049;B
20241106;104333;875.5;3;2016799033112136050;B
20241106;104333;875.5;2;2016799033112136051;B
20241106;104333;875.5;1;2016799033112136052;B
20241106;104333;875.5;1;2016799033112136053;B
20241106;104333;875.5;2;2016799033112136054;B
20241106;104333;876;1;2016799033112136055;B
20241106;104333;876;10;2016799033112136056;B
20241106;104333;876;6;2016799033112136057;B
20241106;104333;876;1;2016799033112136058;B
20241106;104333;876;3;2016799033112136059;B
20241106;104333;876;1;2016799033112136060;B
20241106;104333;876;1;2016799033112136061;B
20241106;104333;876;4;2016799033112136062;B
20241106;104333;876;1;2016799033112136063;B
20241106;104333;876;6;2016799033112136064;B
20241106;104333;876;6;2016799033112136065;B
20241106;104333;876;2;2016799033112136066;B
20241106;104333;876;6;2016799033112136067;B
20241106;104333;876;1;2016799033112136068;B
20241106;104333;876;6;2016799033112136069;B
20241106;104333;876;47;2016799033112136070;B
20241106;104333;876;2;2016799033112136071;B
20241106;104333;876;1;2016799033112136072;B
20241106;104333;876;2;2016799033112136073;B
20241106;104333;876;2;2016799033112136074;B
20241106;104333;876;1;2016799033112136075;B
20241106;104333;876;3;2016799033112136076;B
20241106;104333;876;4;2016799033112136077;B
20241106;104333;876;2;2016799033112136078;B
20241106;104333;876;1;2016799033112136079;B
20241106;104333;875;5;2016799033112136080;S
20241106;104333;876;2;2016799033112136081;B
20241106;104333;876;4;2016799033112136082;B
20241106;104333;876;6;2016799033112136083;B
20241106;104333;876;1;2016799033112136084;B
20241106;104333;876;1;2016799033112136085;B
20241106;104333;876;5;2016799033112136086;B
20241106;104333;876;1;2016799033112136087;B
20241106;104333;876;2;2016799033112136088;B
20241106;104333;876;1;2016799033112136089;B
20241106;104333;876;1;2016799033112136090;B
20241106;104333;876;1;2016799033112136091;B
20241106;104333;876;8;2016799033112136092;B
20241106;104333;876;5;2016799033112136093;B
20241106;104333;876;1;2016799033112136094;B
20241106;104333;876;6;2016799033112136095;B
20241106;104333;876;8;2016799033112136096;B
20241106;104333;876;1;2016799033112136097;B
20241106;104333;876;1;2016799033112136098;B
20241106;104333;876;1;2016799033112136099;B
20241106;104333;876;1;2016799033112136100;B
20241106;104333;876;3;2016799033112136101;B
20241106;104333;876;1;2016799033112136102;B
20241106;104333;876;2;2016799033112136103;B
20241106;104333;876;3;2016799033112136104;B
20241106;104333;876;2;2016799033112136105;B
20241106;104333;876;2;2016799033112136106;B
20241106;104333;876;4;2016799033112136107;B
20241106;104333;876;1;2016799033112136108;B
20241106;104333;876;2;2016799033112136109;B
20241106;104333;876;67;2016799033112136110;B
20241106;104333;876;6;2016799033112136111;B
20241106;104333;876;1;2016799033112136112;B
20241106;104333;876;2;2016799033112136113;B
20241106;104333;876;2;2016799033112136114;B
20241106;104334;876;1;2016799033112136115;B
20241106;104334;876;2;2016799033112136116;B
20241106;104334;876;1;2016799033112136117;B
20241106;104334;876;1;2016799033112136118;B
20241106;104334;876;2;2016799033112136119;B
20241106;104334;876;2;2016799033112136120;B
20241106;104334;876;1;2016799033112136121;B
20241106;104334;876;1;2016799033112136122;B
20241106;104334;876;1;2016799033112136123;B
20241106;104334;876;1;2016799033112136124;B
20241106;104334;876;6;2016799033112136125;B
20241106;104334;876;2;2016799033112136126;B
20241106;104334;876;3;2016799033112136127;B
20241106;104334;876;1;2016799033112136128;B
20241106;104334;876;1;2016799033112136129;B
20241106;104334;876;1;2016799033112136130;B
20241106;104334;876;4;2016799033112136131;B
20241106;104334;876;1;2016799033112136132;B
20241106;104334;876;1;2016799033112136133;B
20241106;104334;876;2;2016799033112136134;B
20241106;104334;876;3;2016799033112136135;B
20241106;104334;876;1;2016799033112136136;B
20241106;104335;876;3;2016799033112136137;B
20241106;104335;876;1;2016799033112136138;B
20241106;104341;875.5;30;2016799033112136139;S
20241106;104341;875.5;20;2016799033112136140;S
20241106;104341;876;14;2016799033112136141;B
20241106;104341;875.5;80;2016799033112136142;S
20241106;104348;875;1;2016799033112136143;S
20241106;104406;876;2;2016799033112136144;B
20241106;104411;875;1;2016799033112136145;S
20241106;104435;876;1;2016799033112136146;B
20241106;104439;875.5;1;2016799033112136148;S
20241106;104439;875.5;4;2016799033112136149;S
20241106;104439;875.5;6;2016799033112136150;S
20241106;104439;875.5;1;2016799033112136151;S
20241106;104455;875.5;1;2016799033112136152;B
20241106;104502;876;1;2016799033112136153;B
20241106;104512;876;1;2016799033112136155;S
20241106;104516;876.5;7;2016799033112136156;B
20241106;104516;876.5;2;2016799033112136157;B
20241106;104516;876.5;1;2016799033112136158;B
20241106;104516;876.5;1;2016799033112136159;B
20241106;104516;876.5;1;2016799033112136160;B
20241106;104520;876.5;6;2016799033112136161;S
20241106;104522;877;4;2016799033112136162;B
20241106;104522;877;1;2016799033112136163;B
20241106;104522;877;2;2016799033112136164;B
20241106;104523;877;10;2016799033112136165;B
20241106;104525;876.5;1;2016799033112136166;S
20241106;104600;877;8;2016799033112136167;B
20241106;104600;877;12;2016799033112136168;B
20241106;104607;876.5;1;2016799033112136169;S
20241106;104630;877;3;2016799033112136171;S
20241106;104647;876.5;1;2016799033112136172;S
20241106;104652;877.5;1;2016799033112136173;B
20241106;104652;877.5;1;2016799033112136174;B
20241106;104653;877.5;1;2016799033112136175;B
20241106;104653;877.5;1;2016799033112136176;B
20241106;104653;877.5;2;2016799033112136177;B
20241106;104653;877.5;1;2016799033112136178;B
20241106;104657;877.5;1;2016799033112136179;B
20241106;104657;876.5;1;2016799033112136180;S
20241106;104701;877.5;50;2016799033112136181;B
20241106;104720;877.5;11;2016799033112136182;B
20241106;104733;877;1;2016799033112136183;S
20241106;104734;877.5;10;2016799033112136184;B
20241106;104735;877.5;3;2016799033112136185;B
20241106;104745;877.5;1;2016799033112136186;B
20241106;104746;877;1;2016799033112136187;S
20241106;104803;876.5;1;2016799033112136188;S
20241106;104806;876.5;1;2016799033112136189;S
20241106;104829;876.5;1;2016799033112136190;S
20241106;104829;876.5;1;2016799033112136191;S
20241106;104829;876.5;1;2016799033112136192;S
20241106;104829;876.5;1;2016799033112136193;S
20241106;104829;876.5;2;2016799033112136194;S
20241106;104848;876;1;2016799033112136195;S
20241106;104848;876;5;2016799033112136196;S
20241106;104849;876;3;2016799033112136197;S
20241106;104849;875.5;12;2016799033112136198;S
20241106;104850;875.5;1;2016799033112136199;S
20241106;104900;876;1;2016799033112136200;B
20241106;104905;876;1;2016799033112136201;S
20241106;104911;876;10;2016799033112136202;S
20241106;104911;876;61;2016799033112136203;S
20241106;104911;875.5;100;2016799033112136204;S
20241106;104911;876;2;2016799033112136205;B
20241106;104925;875.5;1;2016799033112136206;S
20241106;104925;875.5;1;2016799033112136207;S
20241106;104925;875.5;1;2016799033112136208;S
20241106;104945;875.5;13;2016799033112136209;B
20241106;104945;876;10;2016799033112136210;B
20241106;104945;876;10;2016799033112136211;B
20241106;104945;877;10;2016799033112136212;B
20241106;104946;876;5;2016799033112136213;S
20241106;105031;876.5;1;2016799033112136214;B
20241106;105119;876;100;2016799033112136215;S
20241106;105119;876;11;2016799033112136216;S
20241106;105119;876;1;2016799033112136217;S
20241106;105119;876;4;2016799033112136218;S
20241106;105119;876;1;2016799033112136219;S
20241106;105119;876;1;2016799033112136220;S
20241106;105133;876;1;2016799033112136221;S
20241106;105133;876;2;2016799033112136222;S
20241106;105133;876;8;2016799033112136223;S
20241106;105133;875.5;32;2016799033112136224;S
20241106;105133;876;10;2016799033112136225;S
20241106;105235;875.5;1;2016799033112136226;S
20241106;105242;875.5;1;2016799033112136227;S
20241106;105242;875.5;39;2016799033112136228;S
20241106;105250;875.5;1;2016799033112136229;S
20241106;105300;875;3;2016799033112136230;S
20241106;105301;875;1;2016799033112136231;S
20241106;105338;875.5;1;2016799033112136232;S
20241106;105338;875.5;1;2016799033112136233;S
20241106;105342;875.5;1;2016799033112136234;S
20241106;105347;876;1;2016799033112136235;B
20241106;105347;876;5;2016799033112136236;B
20241106;105414;875.5;3;2016799033112136237;S
20241106;105425;875;1;2016799033112136238;S
20241106;105425;875;2;2016799033112136239;S
20241106;105425;875;1;2016799033112136240;S
20241106;105426;876;1;2016799033112136242;B
20241106;105426;876;1;2016799033112136247;B
20241106;105429;875;5;2016799033112136251;S
20241106;105438;875;1;2016799033112136252;S
20241106;105501;875.5;1;2016799033112136253;S
20241106;105550;875.5;2;2016799033112136254;S
20241106;105622;876;1;2016799033112136255;B
20241106;105622;876;5;2016799033112136256;B
20241106;105636;876.5;1;2016799033112136257;B
20241106;105644;876;10;2016799033112136258;S
20241106;105652;877.5;15;2016799033112136259;B
20241106;105707;877;1;2016799033112136260;B
20241106;105707;877;16;2016799033112136261;B
20241106;105729;876.5;1;2016799033112136262;S
20241106;105812;876.5;1;2016799033112136263;S
20241106;105812;876.5;13;2016799033112136264;S
20241106;105833;877.5;3;2016799033112136265;B
20241106;105845;878;1;2016799033112136266;B
20241106;105845;878;1;2016799033112136267;B
20241106;105845;878;1;2016799033112136268;B
20241106;105845;878;1;2016799033112136269;B
20241106;105845;878;1;2016799033112136270;S
20241106;105845;878;1;2016799033112136271;S
20241106;105845;878;1;2016799033112136272;S
20241106;105846;878;1;2016799033112136273;S
20241106;105846;878;1;2016799033112136274;S
20241106;105846;878;4;2016799033112136275;S
20241106;105846;878;3;2016799033112136276;S
20241106;105846;878;1;2016799033112136277;S
20241106;105846;878;1;2016799033112136278;S
20241106;105846;878;1;2016799033112136279;S
20241106;105846;878;1;2016799033112136280;S
20241106;105846;878;1;2016799033112136281;S
20241106;105846;878;1;2016799033112136282;S
20241106;105846;878;1;2016799033112136283;S
20241106;105846;878;1;2016799033112136284;S
20241106;105846;878;1;2016799033112136285;S
20241106;105846;878;1;2016799033112136286;S
20241106;105846;878;8;2016799033112136287;S
20241106;105846;878;3;2016799033112136288;S
20241106;105846;878;1;2016799033112136289;S
20241106;105846;878;1;2016799033112136290;S
20241106;105846;878;1;2016799033112136291;S
20241106;105846;878;1;2016799033112136292;S
20241106;105846;878;1;2016799033112136293;S
20241106;105846;878;1;2016799033112136294;S
20241106;105846;878;7;2016799033112136295;S
20241106;105846;878;1;2016799033112136296;S
20241106;105846;878;3;2016799033112136297;S
20241106;105846;878;1;2016799033112136298;S
20241106;105846;878;3;2016799033112136299;S
20241106;105846;878;23;2016799033112136300;S
20241106;105846;878;3;2016799033112136301;S
20241106;105846;878;2;2016799033112136302;S
20241106;105846;878;1;2016799033112136303;S
20241106;105846;878;1;2016799033112136304;S
20241106;105846;878;57;2016799033112136305;S
20241106;105846;877.5;8;2016799033112136306;S
20241106;105846;877.5;1;2016799033112136307;S
20241106;105846;877.5;2;2016799033112136308;S
20241106;105846;877.5;3;2016799033112136309;S
20241106;105846;877.5;1;2016799033112136310;S
20241106;105846;877.5;70;2016799033112136311;S
20241106;105846;877.5;1;2016799033112136312;S
20241106;105846;877.5;2;2016799033112136313;S
20241106;105846;877.5;1;2016799033112136314;S
20241106;105846;877.5;5;2016799033112136315;S
20241106;105846;877.5;1;2016799033112136316;S
20241106;105846;877.5;1;2016799033112136317;S
20241106;105846;877.5;2;2016799033112136318;S
20241106;105846;877.5;1;2016799033112136319;S
20241106;105846;877.5;1;2016799033112136320;S
20241106;105846;877.5;4;2016799033112136321;S
20241106;105846;877.5;4;2016799033112136322;S
20241106;105846;877.5;1;2016799033112136323;S
20241106;105846;877.5;2;2016799033112136324;S
20241106;105846;877.5;2;2016799033112136325;S
20241106;105846;877.5;1;2016799033112136326;S
20241106;105846;877.5;1;2016799033112136327;S
20241106;105846;877.5;14;2016799033112136328;S
20241106;105846;877.5;1;2016799033112136329;S
20241106;105846;877.5;1;2016799033112136330;S
20241106;105846;877.5;1;2016799033112136331;S
20241106;105846;877.5;1;2016799033112136332;S
20241106;105846;877.5;1;2016799033112136333;S
20241106;105846;877.5;2;2016799033112136334;S
20241106;105846;877.5;11;2016799033112136335;S
20241106;105846;877.5;12;2016799033112136336;S
20241106;105846;877.5;1;2016799033112136337;S
20241106;105846;877.5;5;2016799033112136338;S
20241106;105846;877.5;2;2016799033112136339;S
20241106;105846;877.5;1;2016799033112136340;S
20241106;105846;877.5;2;2016799033112136341;S
20241106;105846;877.5;1;2016799033112136342;S
20241106;105846;877.5;3;2016799033112136343;S
20241106;105846;877.5;1;2016799033112136344;S
20241106;105846;877.5;49;2016799033112136345;S
20241106;105846;877.5;3;2016799033112136346;S
20241106;105846;877.5;1;2016799033112136347;S
20241106;105846;877.5;6;2016799033112136348;S
20241106;105846;877.5;2;2016799033112136349;S
20241106;105846;877.5;6;2016799033112136350;S
20241106;105846;877.5;1;2016799033112136351;S
20241106;105846;877.5;2;2016799033112136352;S
20241106;105846;877.5;1;2016799033112136353;S
20241106;105846;877.5;10;2016799033112136354;S
20241106;105846;877.5;1;2016799033112136355;S
20241106;105846;877.5;3;2016799033112136356;S
20241106;105846;877.5;1;2016799033112136357;S
20241106;105846;877.5;4;2016799033112136358;S
20241106;105846;877.5;1;2016799033112136359;S
20241106;105846;877.5;1;2016799033112136360;S
20241106;105846;877.5;8;2016799033112136361;S
20241106;105846;877.5;4;2016799033112136362;S
20241106;105846;877.5;1;2016799033112136363;S
20241106;105846;877.5;2;2016799033112136364;S
20241106;105846;877.5;1;2016799033112136365;S
20241106;105846;877.5;2;2016799033112136366;S
20241106;105846;877.5;4;2016799033112136367;S
20241106;105846;877.5;1;2016799033112136368;S
20241106;105846;877.5;1;2016799033112136369;S
20241106;105846;877.5;1;2016799033112136370;S
20241106;105846;877.5;37;2016799033112136371;S
20241106;105846;877.5;2;2016799033112136372;S
20241106;105846;877.5;1;2016799033112136373;S
20241106;105846;877.5;5;2016799033112136374;S
20241106;105846;877.5;1;2016799033112136375;S
20241106;105846;877.5;3;2016799033112136376;S
20241106;105846;877.5;2;2016799033112136377;S
20241106;105846;877.5;2;2016799033112136378;S
20241106;105846;877.5;5;2016799033112136379;S
20241106;105846;877.5;1;2016799033112136380;S
20241106;105846;877.5;2;2016799033112136381;S
20241106;105846;877.5;1;2016799033112136382;S
20241106;105846;877.5;1;2016799033112136383;S
20241106;105846;877.5;1;2016799033112136384;S
20241106;105846;877.5;2;2016799033112136385;S
20241106;105846;877.5;3;2016799033112136386;S
20241106;105846;877.5;1;2016799033112136387;S
20241106;105846;877.5;20;2016799033112136388;S
20241106;105846;877.5;39;2016799033112136389;S
20241106;105846;877.5;6;2016799033112136390;S
20241106;105846;877.5;3;2016799033112136391;S
20241106;105846;877.5;1;2016799033112136392;S
20241106;105846;877.5;1;2016799033112136393;S
20241106;105846;877.5;2;2016799033112136394;S
20241106;105846;877.5;1;2016799033112136395;S
20241106;105846;877.5;2;2016799033112136396;S
20241106;105846;877.5;2;2016799033112136397;S
20241106;105846;877.5;3;2016799033112136398;S
20241106;105846;877.5;2;2016799033112136399;S
20241106;105846;877.5;1;2016799033112136400;S
20241106;105846;877.5;2;2016799033112136401;S
20241106;105846;877.5;3;2016799033112136402;S
20241106;105846;877.5;2;2016799033112136403;S
20241106;105846;877.5;3;2016799033112136404;S
20241106;105846;877.5;2;2016799033112136405;S
20241106;105846;877.5;1;2016799033112136406;S
20241106;105846;877.5;1;2016799033112136407;S
20241106;105846;877.5;1;2016799033112136408;S
20241106;105846;877.5;1;2016799033112136409;S
20241106;105846;877.5;1;2016799033112136410;S
20241106;105846;877.5;1;2016799033112136411;S
20241106;105846;877.5;1;2016799033112136412;S
20241106;105846;877.5;1;2016799033112136413;S
20241106;105846;877.5;3;2016799033112136414;S
20241106;105846;877.5;2;2016799033112136415;S
20241106;105846;877.5;2;2016799033112136416;S
20241106;105846;877.5;1;2016799033112136417;S
20241106;105846;877.5;2;2016799033112136418;S
20241106;105846;877.5;1;2016799033112136419;S
20241106;105846;877.5;1;2016799033112136420;S
20241106;105847;877.5;4;2016799033112136421;S
20241106;105847;877.5;2;2016799033112136422;S
20241106;105847;877.5;1;2016799033112136423;S
20241106;105847;877.5;3;2016799033112136424;S
20241106;105847;877.5;2;2016799033112136425;S
20241106;105847;877.5;4;2016799033112136426;S
20241106;105847;877.5;1;2016799033112136427;S
20241106;105847;877.5;1;2016799033112136428;S
20241106;105847;877.5;1;2016799033112136429;S
20241106;105847;877.5;1;2016799033112136430;S
20241106;105847;877.5;1;2016799033112136431;S
20241106;105847;877.5;1;2016799033112136432;S
20241106;105847;877.5;3;2016799033112136433;S
20241106;105847;877.5;5;2016799033112136434;S
20241106;105847;877.5;1;2016799033112136435;S
20241106;105847;877.5;1;2016799033112136436;S
20241106;105847;877.5;1;2016799033112136437;S
20241106;105847;877.5;1;2016799033112136438;S
20241106;105847;877.5;1;2016799033112136439;S
20241106;105847;877.5;1;2016799033112136440;S
20241106;105847;877.5;1;2016799033112136441;S
20241106;105847;877.5;4;2016799033112136442;S
20241106;105847;877.5;3;2016799033112136443;S
20241106;105847;877.5;3;2016799033112136444;S
20241106;105847;877.5;2;2016799033112136445;S
20241106;105847;877.5;3;2016799033112136446;S
20241106;105847;877.5;1;2016799033112136447;S
20241106;105847;877.5;1;2016799033112136448;S
20241106;105847;877.5;5;2016799033112136449;S
20241106;105847;877.5;1;2016799033112136450;S
20241106;105847;877.5;1;2016799033112136451;S
20241106;105847;877;14;2016799033112136452;S
20241106;105847;877;1;2016799033112136453;S
20241106;105847;877.5;2;2016799033112136454;S
20241106;105847;877.5;1;2016799033112136455;S
20241106;105847;877;1;2016799033112136456;S
20241106;105847;877;1;2016799033112136457;S
20241106;105847;877;3;2016799033112136458;S
20241106;105847;877;4;2016799033112136459;S
20241106;105847;877.5;1;2016799033112136460;S
20241106;105847;877.5;1;2016799033112136461;S
20241106;105847;877;2;2016799033112136462;S
