<DATE>;<TIME>;<LAST>;<VOL>;<ID>;<OPER>
20241105;095909;33.34;1;1951778309197005746;B
20241105;095909;33.34;8;1951778309197005747;B
20241105;095909;33.34;1;1951778309197005748;B
20241105;095909;33.34;5;1951778309197005749;B
20241105;095909;33.34;1;1951778309197005750;B
20241105;095909;33.34;1;1951778309197005751;B
20241105;095909;33.34;5;1951778309197005752;B
20241105;095909;33.34;1;1951778309197005753;B
20241105;095909;33.34;1;1951778309197005754;B
20241105;095909;33.34;5;1951778309197005755;B
20241105;095909;33.34;3;1951778309197005756;B
20241105;095909;33.34;1;1951778309197005757;B
20241105;095909;33.34;1;1951778309197005758;B
20241105;095909;33.34;1;1951778309197005759;B
20241105;095909;33.34;6;1951778309197005760;B
20241105;095909;33.28;1;1951778309197005763;B
20241105;095909;33.28;1;1951778309197005768;B
20241105;095909;33.28;1;1951778309197005773;B
20241105;095909;33.28;1;1951778309197005778;B
20241105;095909;33.28;4;1951778309197005783;B
20241105;095909;33.31;1;1951778309197005789;S
20241105;095909;33.31;1;1951778309197005794;S
20241105;095909;33.31;2;1951778309197005799;S
20241105;095909;33.3;2;1951778309197005804;S
20241105;095909;33.3;3;1951778309197005809;S
20241105;095909;33.3;4;1951778309197005814;S
20241105;100000;33.32;3;1951778309197005818;B
20241105;100000;33.32;2;1951778309197005823;B
20241105;100000;33.32;7;1951778309197005828;B
20241105;100000;33.33;3;1951778309197005833;B
20241105;100000;33.33;10;1951778309197005838;B
20241105;100000;33.33;15;1951778309197005843;B
20241105;100000;33.33;1;1951778309197005848;B
20241105;100000;33.34;4;1951778309197005853;B
20241105;100000;33.34;3;1951778309197005854;B
20241105;100000;33.34;1;1951778309197005855;B
20241105;100000;33.34;1;1951778309197005856;B
20241105;100000;33.34;40;1951778309197005857;B
20241105;100000;33.34;15;1951778309197005858;B
20241105;100000;33.34;5;1951778309197005859;B
20241105;100000;33.34;10;1951778309197005860;B
20241105;100000;33.34;30;1951778309197005861;B
20241105;100000;33.34;40;1951778309197005862;B
20241105;100000;33.35;10;1951778309197005863;B
20241105;100000;33.32;5;1951778309197005864;S
20241105;100000;33.35;8;1951778309197005865;B
20241105;100000;33.32;1;1951778309197005866;S
20241105;100000;33.35;2;1951778309197005867;B
20241105;100000;33.35;1;1951778309197005868;B
20241105;100000;33.35;1;1951778309197005869;B
20241105;100001;33.32;1;1951778309197005870;S
20241105;100001;33.35;1;1951778309197005871;B
20241105;100001;33.35;2;1951778309197005872;B
20241105;100001;33.35;3;1951778309197005873;B
20241105;100001;33.35;5;1951778309197005874;B
20241105;100001;33.35;2;1951778309197005875;B
20241105;100003;33.34;1;1951778309197005876;S
20241105;100007;33.35;4;1951778309197005877;B
20241105;100007;33.34;2;1951778309197005878;S
20241105;100007;33.33;3;1951778309197005879;S
20241105;100007;33.32;6;1951778309197005884;S
20241105;100007;33.35;1;1951778309197005885;B
20241105;100007;33.32;3;1951778309197005886;S
20241105;100009;33.32;1;1951778309197005887;S
20241105;100014;33.34;1;1951778309197005888;B
20241105;100014;33.33;1;1951778309197005889;S
20241105;100014;33.32;1;1951778309197005890;S
20241105;100014;33.32;1;1951778309197005891;S
20241105;100015;33.32;1;1951778309197005892;S
20241105;100015;33.34;9;1951778309197005893;B
20241105;100015;33.35;25;1951778309197005894;B
20241105;100015;33.35;10;1951778309197005895;B
20241105;100017;33.35;1;1951778309197005896;B
20241105;100020;33.34;5;1951778309197005897;B
20241105;100020;33.34;1;1951778309197005898;B
20241105;100020;33.35;37;1951778309197005899;B
20241105;100022;33.35;2;1951778309197005900;B
20241105;100022;33.35;2;1951778309197005901;B
20241105;100022;33.33;1;1951778309197005902;S
20241105;100022;33.33;1;1951778309197005907;S
20241105;100022;33.35;1;1951778309197005911;B
20241105;100023;33.33;1;1951778309197005915;S
20241105;100023;33.33;2;1951778309197005917;S
20241105;100024;33.34;3;1951778309197005921;B
20241105;100025;33.33;1;1951778309197005922;S
20241105;100025;33.32;3;1951778309197005923;S
20241105;100025;33.32;4;1951778309197005924;S
20241105;100029;33.32;15;1951778309197005925;S
20241105;100029;33.32;3;1951778309197005926;S
20241105;100033;33.33;5;1951778309197005927;B
20241105;100033;33.33;3;1951778309197005928;B
20241105;100034;33.32;1;1951778309197005929;S
20241105;100034;33.33;2;1951778309197005930;B
20241105;100036;33.33;1;1951778309197005931;B
20241105;100036;33.33;1;1951778309197005932;S
20241105;100036;33.33;1;1951778309197005933;S
20241105;100036;33.32;32;1951778309197005934;S
20241105;100036;33.32;40;1951778309197005935;S
20241105;100036;33.32;8;1951778309197005936;S
20241105;100036;33.32;14;1951778309197005937;S
20241105;100045;33.33;1;1951778309197005938;S
20241105;100045;33.33;3;1951778309197005939;S
20241105;100046;33.34;7;1951778309197005940;B
20241105;100046;33.34;40;1951778309197005941;B
20241105;100046;33.34;43;1951778309197005942;B
20241105;100050;33.33;6;1951778309197005943;S
20241105;100050;33.33;18;1951778309197005944;S
20241105;100050;33.33;4;1951778309197005945;S
20241105;100103;33.34;1;1951778309197005946;B
20241105;100104;33.33;6;1951778309197005947;S
20241105;100104;33.32;2;1951778309197005948;S
20241105;100105;33.34;1;1951778309197005949;B
20241105;100107;33.33;6;1951778309197005950;S
20241105;100111;33.33;1;1951778309197005951;S
20241105;100113;33.34;4;1951778309197005952;B
20241105;100114;33.33;1;1951778309197005953;S
20241105;100116;33.34;1;1951778309197005954;B
20241105;100117;33.34;3;1951778309197005955;B
20241105;100119;33.33;2;1951778309197005956;S
20241105;100119;33.33;1;1951778309197005957;S
20241105;100119;33.33;4;1951778309197005958;S
20241105;100119;33.32;31;1951778309197005959;S
20241105;100121;33.33;2;1951778309197005960;B
20241105;100121;33.32;2;1951778309197005961;S
20241105;100121;33.32;1;1951778309197005962;S
20241105;100121;33.32;6;1951778309197005963;S
20241105;100121;33.32;2;1951778309197005964;S
20241105;100121;33.31;39;1951778309197005965;S
20241105;100122;33.31;2;1951778309197005966;S
20241105;100127;33.31;4;1951778309197005967;S
20241105;100128;33.31;1;1951778309197005968;S
20241105;100129;33.33;3;1951778309197005969;B
20241105;100129;33.33;1;1951778309197005970;B
20241105;100131;33.33;2;1951778309197005972;B
20241105;100131;33.33;2;1951778309197005976;B
20241105;100131;33.34;1;1951778309197005977;B
20241105;100133;33.34;5;1951778309197005978;B
20241105;100135;33.33;5;1951778309197005979;B
20241105;100136;33.31;7;1951778309197005980;S
20241105;100140;33.31;4;1951778309197005981;S
20241105;100142;33.33;2;1951778309197005982;B
20241105;100143;33.33;1;1951778309197005983;B
20241105;100149;33.31;1;1951778309197005984;S
20241105;100153;33.33;3;1951778309197005985;B
20241105;100153;33.33;1;1951778309197005986;B
20241105;100154;33.31;2;1951778309197005987;S
20241105;100154;33.31;5;1951778309197005988;S
20241105;100201;33.33;2;1951778309197005990;B
20241105;100201;33.34;5;1951778309197005991;B
20241105;100201;33.34;1;1951778309197005992;B
20241105;100201;33.34;40;1951778309197005993;B
20241105;100201;33.34;37;1951778309197005994;B
20241105;100201;33.35;7;1951778309197005995;B
20241105;100202;33.33;4;1951778309197005996;S
20241105;100202;33.32;4;1951778309197005997;S
20241105;100202;33.32;1;1951778309197005998;S
20241105;100202;33.35;1;1951778309197005999;B
20241105;100205;33.33;1;1951778309197006000;S
20241105;100207;33.35;1;1951778309197006001;B
20241105;100208;33.35;1;1951778309197006002;B
20241105;100209;33.35;1;1951778309197006003;B
20241105;100209;33.33;7;1951778309197006004;S
20241105;100210;33.35;9;1951778309197006005;B
20241105;100213;33.34;1;1951778309197006006;B
20241105;100213;33.35;4;1951778309197006011;B
20241105;100213;33.33;1;1951778309197006012;S
20241105;100219;33.34;1;1951778309197006013;B
20241105;100219;33.35;1;1951778309197006014;B
20241105;100221;33.35;100;1951778309197006015;B
20241105;100221;33.33;3;1951778309197006016;S
20241105;100222;33.35;1;1951778309197006017;B
20241105;100223;33.35;10;1951778309197006018;B
20241105;100224;33.33;8;1951778309197006019;S
20241105;100224;33.33;5;1951778309197006020;S
20241105;100224;33.33;2;1951778309197006021;S
20241105;100226;33.33;1;1951778309197006022;S
20241105;100227;33.35;2;1951778309197006023;B
20241105;100231;33.35;12;1951778309197006024;B
20241105;100232;33.33;1;1951778309197006025;S
20241105;100233;33.34;3;1951778309197006026;B
20241105;100234;33.34;37;1951778309197006027;B
20241105;100234;33.34;3;1951778309197006028;B
20241105;100237;33.33;1;1951778309197006029;S
20241105;100237;33.33;2;1951778309197006030;S
20241105;100237;33.33;2;1951778309197006031;S
20241105;100240;33.34;2;1951778309197006032;B
20241105;100240;33.35;18;1951778309197006033;B
20241105;100241;33.35;33;1951778309197006034;B
20241105;100243;33.33;2;1951778309197006035;S
20241105;100245;33.35;5;1951778309197006036;B
20241105;100246;33.35;1;1951778309197006038;B
20241105;100246;33.35;1;1951778309197006039;B
20241105;100247;33.33;1;1951778309197006040;S
20241105;100247;33.33;19;1951778309197006041;S
20241105;100247;33.35;15;1951778309197006042;B
20241105;100249;33.35;2;1951778309197006043;B
20241105;100250;33.33;1;1951778309197006044;S
20241105;100250;33.33;17;1951778309197006045;S
20241105;100250;33.33;1;1951778309197006046;S
20241105;100250;33.32;21;1951778309197006047;S
20241105;100251;33.35;3;1951778309197006048;B
20241105;100256;33.34;1;1951778309197006049;B
20241105;100258;33.33;4;1951778309197006054;S
20241105;100258;33.33;5;1951778309197006055;S
20241105;100258;33.33;1;1951778309197006056;S
20241105;100258;33.33;5;1951778309197006057;S
20241105;100258;33.34;1;1951778309197006058;B
20241105;100302;33.33;7;1951778309197006059;S
20241105;100302;33.33;5;1951778309197006060;S
20241105;100302;33.33;3;1951778309197006061;S
20241105;100303;33.34;4;1951778309197006062;B
20241105;100303;33.34;1;1951778309197006063;B
20241105;100303;33.33;1;1951778309197006064;S
20241105;100312;33.34;1;1951778309197006065;B
20241105;100312;33.34;1;1951778309197006066;B
20241105;100313;33.34;1;1951778309197006067;S
20241105;100318;33.35;1;1951778309197006068;B
20241105;100318;33.35;2;1951778309197006069;B
20241105;100321;33.34;1;1951778309197006070;S
20241105;100325;33.34;1;1951778309197006071;S
20241105;100326;33.35;1;1951778309197006072;B
20241105;100331;33.35;1;1951778309197006073;B
20241105;100332;33.35;5;1951778309197006074;B
20241105;100333;33.35;10;1951778309197006075;B
20241105;100333;33.35;1;1951778309197006076;B
20241105;100333;33.35;1;1951778309197006077;B
20241105;100334;33.34;9;1951778309197006078;S
20241105;100334;33.35;35;1951778309197006079;B
20241105;100334;33.35;3;1951778309197006080;B
20241105;100334;33.35;1;1951778309197006081;B
20241105;100334;33.35;1;1951778309197006082;B
20241105;100334;33.35;10;1951778309197006083;B
20241105;100336;33.34;6;1951778309197006084;S
20241105;100336;33.34;1;1951778309197006085;S
20241105;100339;33.35;4;1951778309197006086;B
20241105;100339;33.35;1;1951778309197006087;B
20241105;100339;33.35;1;1951778309197006088;B
20241105;100339;33.35;1;1951778309197006089;B
20241105;100340;33.36;1;1951778309197006090;B
20241105;100340;33.36;7;1951778309197006091;B
20241105;100340;33.35;10;1951778309197006092;S
20241105;100341;33.36;5;1951778309197006093;B
20241105;100341;33.36;1;1951778309197006094;B
20241105;100344;33.36;1;1951778309197006095;B
20241105;100344;33.36;10;1951778309197006096;B
20241105;100345;33.35;3;1951778309197006097;S
20241105;100345;33.34;1;1951778309197006098;S
20241105;100345;33.34;1;1951778309197006099;S
20241105;100347;33.36;1;1951778309197006100;B
20241105;100347;33.36;1;1951778309197006101;B
20241105;100349;33.36;20;1951778309197006102;B
20241105;100353;33.35;4;1951778309197006103;S
20241105;100353;33.36;3;1951778309197006104;B
20241105;100353;33.36;3;1951778309197006105;B
20241105;100353;33.36;35;1951778309197006106;B
20241105;100353;33.36;1;1951778309197006107;B
20241105;100353;33.36;1;1951778309197006108;B
20241105;100353;33.36;1;1951778309197006109;B
20241105;100401;33.37;1;1951778309197006110;B
20241105;100401;33.36;1;1951778309197006111;S
20241105;100402;33.36;8;1951778309197006112;S
20241105;100402;33.36;7;1951778309197006113;S
20241105;100402;33.37;1;1951778309197006114;B
20241105;100402;33.37;42;1951778309197006115;B
20241105;100402;33.36;1;1951778309197006116;S
20241105;100403;33.36;1;1951778309197006117;S
20241105;100404;33.37;10;1951778309197006118;B
20241105;100405;33.37;8;1951778309197006119;B
20241105;100406;33.36;1;1951778309197006120;S
20241105;100408;33.37;20;1951778309197006121;B
20241105;100408;33.37;5;1951778309197006122;B
20241105;100411;33.37;1;1951778309197006123;B
20241105;100411;33.37;4;1951778309197006124;B
20241105;100413;33.36;1;1951778309197006125;S
20241105;100415;33.37;15;1951778309197006126;B
20241105;100418;33.37;3;1951778309197006127;B
20241105;100423;33.37;20;1951778309197006128;B
20241105;100425;33.37;2;1951778309197006129;B
20241105;100427;33.37;1;1951778309197006130;B
20241105;100431;33.37;2;1951778309197006131;B
20241105;100431;33.37;2;1951778309197006132;B
20241105;100432;33.37;10;1951778309197006133;B
20241105;100434;33.37;1;1951778309197006134;B
20241105;100436;33.37;4;1951778309197006135;B
20241105;100436;33.37;20;1951778309197006136;B
20241105;100436;33.37;1;1951778309197006137;B
20241105;100438;33.37;3;1951778309197006138;B
20241105;100438;33.37;7;1951778309197006139;B
20241105;100440;33.37;5;1951778309197006140;B
20241105;100441;33.37;10;1951778309197006141;B
20241105;100443;33.37;1;1951778309197006142;B
20241105;100444;33.37;2;1951778309197006143;B
20241105;100444;33.36;11;1951778309197006144;S
20241105;100446;33.36;7;1951778309197006145;S
20241105;100446;33.36;1;1951778309197006146;S
20241105;100446;33.37;10;1951778309197006147;B
20241105;100447;33.36;1;1951778309197006148;S
20241105;100449;33.37;10;1951778309197006149;B
20241105;100449;33.37;1;1951778309197006150;B
20241105;100449;33.37;18;1951778309197006151;B
20241105;100449;33.37;15;1951778309197006152;B
20241105;100449;33.37;20;1951778309197006153;B
20241105;100449;33.37;5;1951778309197006154;S
20241105;100457;33.38;1;1951778309197006155;B
20241105;100457;33.38;1;1951778309197006156;B
20241105;100457;33.38;3;1951778309197006157;B
20241105;100457;33.38;1;1951778309197006158;B
20241105;100501;33.37;2;1951778309197006160;S
20241105;100501;33.37;60;1951778309197006164;S
20241105;100502;33.38;10;1951778309197006165;B
20241105;100502;33.37;1;1951778309197006166;S
20241105;100503;33.37;1;1951778309197006167;S
20241105;100503;33.37;7;1951778309197006168;S
20241105;100503;33.37;8;1951778309197006169;S
20241105;100505;33.38;3;1951778309197006170;B
20241105;100507;33.38;7;1951778309197006171;B
20241105;100512;33.38;4;1951778309197006172;B
20241105;100514;33.38;11;1951778309197006173;B
20241105;100514;33.38;1;1951778309197006174;B
20241105;100514;33.38;8;1951778309197006175;B
20241105;100514;33.38;1;1951778309197006176;B
20241105;100515;33.38;10;1951778309197006177;B
20241105;100515;33.38;1;1951778309197006178;B
20241105;100515;33.38;1;1951778309197006179;B
20241105;100515;33.38;2;1951778309197006180;B
20241105;100517;33.38;1;1951778309197006181;B
20241105;100518;33.38;1;1951778309197006182;B
20241105;100518;33.38;1;1951778309197006183;B
20241105;100519;33.38;1;1951778309197006184;B
20241105;100526;33.38;1;1951778309197006185;B
20241105;100526;33.38;3;1951778309197006186;B
20241105;100527;33.37;1;1951778309197006187;S
20241105;100532;33.37;18;1951778309197006188;S
20241105;100532;33.38;5;1951778309197006189;B
20241105;100536;33.37;2;1951778309197006190;S
20241105;100539;33.37;4;1951778309197006191;S
20241105;100539;33.38;81;1951778309197006192;B
20241105;100539;33.38;10;1951778309197006193;B
20241105;100539;33.38;12;1951778309197006194;B
20241105;100539;33.38;39;1951778309197006195;B
20241105;100539;33.38;199;1951778309197006196;B
20241105;100539;33.38;1;1951778309197006197;B
20241105;100539;33.39;1;1951778309197006198;B
20241105;100539;33.39;2;1951778309197006199;B
20241105;100539;33.39;1;1951778309197006204;B
20241105;100539;33.39;2;1951778309197006209;B
20241105;100539;33.39;1;1951778309197006214;B
20241105;100539;33.39;10;1951778309197006215;B
20241105;100539;33.39;1;1951778309197006216;B
20241105;100539;33.39;60;1951778309197006221;B
20241105;100539;33.39;40;1951778309197006222;B
20241105;100539;33.39;3;1951778309197006223;B
20241105;100539;33.39;4;1951778309197006224;B
20241105;100539;33.39;11;1951778309197006225;B
20241105;100539;33.39;3;1951778309197006226;B
20241105;100539;33.39;19;1951778309197006227;B
20241105;100540;33.39;30;1951778309197006228;B
20241105;100544;33.39;1;1951778309197006229;B
20241105;100548;33.39;5;1951778309197006230;B
20241105;100548;33.39;1;1951778309197006231;B
20241105;100548;33.39;20;1951778309197006232;B
20241105;100549;33.39;18;1951778309197006233;B
20241105;100553;33.39;2;1951778309197006234;B
20241105;100555;33.4;1;1951778309197006235;B
20241105;100555;33.4;1;1951778309197006236;B
20241105;100555;33.4;1;1951778309197006237;B
20241105;100555;33.4;5;1951778309197006238;B
20241105;100555;33.4;1;1951778309197006239;B
20241105;100555;33.4;41;1951778309197006240;B
20241105;100556;33.4;3;1951778309197006241;B
20241105;100556;33.4;5;1951778309197006242;B
20241105;100556;33.4;4;1951778309197006243;B
20241105;100556;33.4;1;1951778309197006244;B
20241105;100556;33.4;1;1951778309197006245;B
20241105;100557;33.4;5;1951778309197006246;B
20241105;100559;33.4;1;1951778309197006247;B
20241105;100559;33.4;7;1951778309197006248;B
20241105;100559;33.4;1;1951778309197006249;B
20241105;100559;33.4;2;1951778309197006250;B
20241105;100559;33.4;5;1951778309197006251;B
20241105;100559;33.4;15;1951778309197006252;B
20241105;100559;33.4;1;1951778309197006253;B
20241105;100559;33.4;10;1951778309197006254;B
20241105;100559;33.4;1;1951778309197006255;B
20241105;100559;33.4;44;1951778309197006256;B
20241105;100601;33.4;8;1951778309197006257;B
20241105;100601;33.4;1;1951778309197006258;B
20241105;100601;33.39;1;1951778309197006259;S
20241105;100601;33.39;2;1951778309197006260;S
20241105;100602;33.4;2;1951778309197006261;B
20241105;100602;33.4;1;1951778309197006262;B
20241105;100602;33.4;3;1951778309197006263;B
20241105;100602;33.4;2;1951778309197006264;B
20241105;100602;33.4;3;1951778309197006265;B
20241105;100602;33.4;1;1951778309197006266;B
20241105;100602;33.4;2;1951778309197006267;B
20241105;100602;33.4;3;1951778309197006268;B
20241105;100602;33.4;2;1951778309197006269;B
20241105;100602;33.4;2;1951778309197006270;B
20241105;100602;33.39;4;1951778309197006271;S
20241105;100602;33.39;3;1951778309197006272;S
20241105;100602;33.39;1;1951778309197006273;S
20241105;100602;33.39;1;1951778309197006274;S
20241105;100602;33.39;1;1951778309197006275;S
20241105;100602;33.39;5;1951778309197006276;S
20241105;100603;33.4;20;1951778309197006277;B
20241105;100603;33.4;2;1951778309197006278;B
20241105;100605;33.4;1;1951778309197006279;B
20241105;100605;33.4;4;1951778309197006280;B
20241105;100605;33.39;5;1951778309197006281;S
20241105;100607;33.4;2;1951778309197006282;B
20241105;100607;33.4;2;1951778309197006283;B
20241105;100607;33.4;2;1951778309197006284;B
20241105;100607;33.4;2;1951778309197006285;B
20241105;100607;33.4;1;1951778309197006286;B
20241105;100607;33.4;2;1951778309197006287;B
20241105;100608;33.4;37;1951778309197006288;B
20241105;100608;33.4;88;1951778309197006289;B
20241105;100610;33.4;1;1951778309197006290;B
20241105;100611;33.4;2;1951778309197006291;B
20241105;100614;33.4;1;1951778309197006292;B
20241105;100616;33.4;3;1951778309197006293;B
20241105;100616;33.4;1;1951778309197006294;B
20241105;100617;33.39;8;1951778309197006295;S
20241105;100620;33.4;54;1951778309197006296;B
20241105;100620;33.4;1;1951778309197006297;B
20241105;100620;33.4;20;1951778309197006298;B
20241105;100620;33.4;96;1951778309197006299;B
20241105;100620;33.4;1;1951778309197006300;B
20241105;100620;33.4;10;1951778309197006305;B
20241105;100620;33.4;5;1951778309197006306;B
20241105;100620;33.41;1;1951778309197006307;B
20241105;100620;33.41;1;1951778309197006308;B
20241105;100620;33.41;11;1951778309197006313;B
20241105;100621;33.41;4;1951778309197006314;B
20241105;100621;33.41;1;1951778309197006315;B
20241105;100621;33.41;1;1951778309197006316;B
20241105;100621;33.41;2;1951778309197006317;B
20241105;100621;33.41;1;1951778309197006318;B
20241105;100621;33.41;1;1951778309197006319;B
20241105;100621;33.41;2;1951778309197006320;B
20241105;100621;33.4;1;1951778309197006321;S
20241105;100622;33.41;1;1951778309197006322;B
20241105;100623;33.41;1;1951778309197006323;B
20241105;100624;33.41;35;1951778309197006324;B
20241105;100624;33.41;10;1951778309197006325;B
20241105;100624;33.41;1;1951778309197006326;B
20241105;100625;33.41;2;1951778309197006327;B
20241105;100626;33.41;1;1951778309197006328;B
20241105;100628;33.41;26;1951778309197006329;B
20241105;100628;33.41;4;1951778309197006330;B
20241105;100629;33.4;9;1951778309197006331;S
20241105;100629;33.4;7;1951778309197006332;S
20241105;100629;33.4;1;1951778309197006333;S
20241105;100629;33.4;2;1951778309197006334;S
20241105;100630;33.4;1;1951778309197006335;S
20241105;100631;33.41;3;1951778309197006336;B
20241105;100632;33.41;3;1951778309197006337;B
20241105;100632;33.4;1;1951778309197006342;S
20241105;100633;33.4;1;1951778309197006343;S
20241105;100633;33.41;3;1951778309197006344;B
20241105;100633;33.41;7;1951778309197006349;B
20241105;100634;33.41;2;1951778309197006354;B
20241105;100634;33.41;3;1951778309197006359;B
20241105;100634;33.41;2;1951778309197006364;B
20241105;100634;33.41;2;1951778309197006369;B
20241105;100634;33.41;1;1951778309197006374;B
20241105;100635;33.41;2;1951778309197006379;B
20241105;100636;33.41;1;1951778309197006384;B
20241105;100636;33.41;1;1951778309197006389;B
20241105;100636;33.41;1;1951778309197006394;B
20241105;100637;33.41;1;1951778309197006399;B
20241105;100642;33.4;1;1951778309197006400;S
20241105;100646;33.41;5;1951778309197006401;B
20241105;100646;33.41;5;1951778309197006402;B
20241105;100646;33.41;2;1951778309197006403;B
20241105;100647;33.41;2;1951778309197006404;B
20241105;100650;33.41;30;1951778309197006406;B
20241105;100651;33.41;2;1951778309197006407;B
20241105;100651;33.41;10;1951778309197006408;B
20241105;100652;33.41;20;1951778309197006409;B
20241105;100655;33.41;10;1951778309197006410;B
20241105;100657;33.41;1;1951778309197006411;B
20241105;100657;33.41;10;1951778309197006412;B
20241105;100659;33.41;4;1951778309197006413;B
20241105;100659;33.41;6;1951778309197006414;B
20241105;100659;33.41;2;1951778309197006419;B
20241105;100659;33.4;3;1951778309197006420;S
20241105;100659;33.41;3;1951778309197006421;B
20241105;100659;33.41;5;1951778309197006422;B
20241105;100659;33.41;10;1951778309197006423;B
20241105;100700;33.41;1;1951778309197006424;B
20241105;100701;33.41;1;1951778309197006425;B
20241105;100701;33.4;8;1951778309197006426;S
20241105;100702;33.4;7;1951778309197006427;S
20241105;100702;33.4;1;1951778309197006428;S
20241105;100704;33.41;3;1951778309197006429;B
20241105;100704;33.41;7;1951778309197006430;B
20241105;100705;33.4;2;1951778309197006431;S
20241105;100705;33.41;2;1951778309197006432;B
20241105;100705;33.41;3;1951778309197006433;B
20241105;100706;33.41;10;1951778309197006434;B
20241105;100707;33.41;1;1951778309197006435;B
20241105;100707;33.41;2;1951778309197006436;B
20241105;100707;33.41;2;1951778309197006437;B
20241105;100707;33.41;6;1951778309197006438;B
20241105;100708;33.41;10;1951778309197006439;B
20241105;100709;33.4;1;1951778309197006440;S
20241105;100710;33.41;10;1951778309197006441;B
20241105;100711;33.41;5;1951778309197006442;B
20241105;100711;33.41;3;1951778309197006443;B
20241105;100711;33.41;10;1951778309197006444;B
20241105;100712;33.41;10;1951778309197006445;B
20241105;100713;33.41;10;1951778309197006446;B
20241105;100714;33.41;10;1951778309197006447;B
20241105;100715;33.41;8;1951778309197006448;B
20241105;100715;33.41;10;1951778309197006449;B
20241105;100716;33.41;1;1951778309197006450;B
20241105;100717;33.41;4;1951778309197006451;B
20241105;100717;33.41;6;1951778309197006452;B
20241105;100718;33.41;2;1951778309197006453;B
20241105;100718;33.41;10;1951778309197006454;B
20241105;100720;33.41;10;1951778309197006455;B
20241105;100721;33.41;10;1951778309197006456;B
20241105;100723;33.4;10;1951778309197006457;S
20241105;100724;33.41;58;1951778309197006458;B
20241105;100724;33.41;1;1951778309197006459;B
20241105;100724;33.41;1;1951778309197006460;B
20241105;100724;33.41;1;1951778309197006461;B
20241105;100724;33.41;1;1951778309197006462;B
20241105;100724;33.41;38;1951778309197006463;B
20241105;100725;33.41;5;1951778309197006464;B
20241105;100725;33.41;5;1951778309197006465;B
20241105;100726;33.41;10;1951778309197006466;B
20241105;100726;33.41;1;1951778309197006467;B
20241105;100726;33.41;2;1951778309197006468;B
20241105;100726;33.4;12;1951778309197006469;S
20241105;100726;33.4;4;1951778309197006470;S
20241105;100726;33.4;4;1951778309197006471;S
20241105;100727;33.41;1;1951778309197006472;B
20241105;100727;33.4;16;1951778309197006473;S
20241105;100727;33.4;25;1951778309197006474;S
20241105;100728;33.41;1;1951778309197006475;B
20241105;100731;33.41;10;1951778309197006476;B
20241105;100733;33.41;5;1951778309197006477;B
20241105;100745;33.41;8;1951778309197006478;B
20241105;100747;33.4;13;1951778309197006479;S
20241105;100747;33.4;1;1951778309197006480;S
20241105;100747;33.4;3;1951778309197006481;S
20241105;100747;33.4;1;1951778309197006482;S
20241105;100747;33.4;24;1951778309197006483;S
20241105;100749;33.41;1;1951778309197006484;B
20241105;100751;33.41;5;1951778309197006485;B
20241105;100751;33.41;5;1951778309197006486;B
20241105;100752;33.41;91;1951778309197006487;B
20241105;100752;33.41;10;1951778309197006488;B
20241105;100752;33.41;11;1951778309197006489;B
20241105;100752;33.41;4;1951778309197006490;B
20241105;100752;33.41;5;1951778309197006491;B
20241105;100752;33.41;1;1951778309197006492;B
20241105;100752;33.41;10;1951778309197006493;B
20241105;100752;33.41;1;1951778309197006494;B
20241105;100752;33.41;25;1951778309197006495;B
20241105;100752;33.41;23;1951778309197006496;S
20241105;100753;33.42;2;1951778309197006497;B
20241105;100756;33.42;3;1951778309197006498;B
20241105;100756;33.42;7;1951778309197006499;B
20241105;100759;33.42;1;1951778309197006500;B
20241105;100759;33.42;3;1951778309197006501;B
20241105;100759;33.42;6;1951778309197006502;B
20241105;100801;33.42;2;1951778309197006503;B
20241105;100801;33.42;1;1951778309197006504;B
20241105;100801;33.42;5;1951778309197006509;B
20241105;100801;33.42;2;1951778309197006510;B
20241105;100801;33.42;2;1951778309197006511;B
20241105;100802;33.41;1;1951778309197006512;S
20241105;100802;33.42;10;1951778309197006513;B
20241105;100802;33.41;1;1951778309197006514;S
20241105;100802;33.41;7;1951778309197006515;S
20241105;100802;33.41;8;1951778309197006516;S
20241105;100802;33.42;1;1951778309197006517;B
20241105;100803;33.42;10;1951778309197006518;B
20241105;100804;33.42;10;1951778309197006519;B
20241105;100805;33.42;10;1951778309197006520;B
20241105;100808;33.42;1;1951778309197006522;B
20241105;100809;33.41;50;1951778309197006523;S
20241105;100811;33.42;5;1951778309197006524;B
20241105;100812;33.42;5;1951778309197006525;B
20241105;100814;33.42;16;1951778309197006526;B
20241105;100814;33.42;5;1951778309197006527;B
20241105;100815;33.42;5;1951778309197006528;B
20241105;100816;33.42;5;1951778309197006529;B
20241105;100817;33.42;5;1951778309197006530;B
20241105;100818;33.42;5;1951778309197006531;B
20241105;100818;33.41;1;1951778309197006532;S
20241105;100818;33.41;1;1951778309197006533;S
20241105;100818;33.41;1;1951778309197006534;S
20241105;100818;33.42;6;1951778309197006535;B
20241105;100818;33.41;1;1951778309197006536;S
20241105;100819;33.41;1;1951778309197006537;S
20241105;100819;33.42;4;1951778309197006538;B
20241105;100819;33.41;1;1951778309197006539;S
20241105;100819;33.41;1;1951778309197006540;S
20241105;100819;33.41;1;1951778309197006541;S
20241105;100819;33.42;1;1951778309197006543;B
20241105;100819;33.42;1;1951778309197006548;B
20241105;100819;33.41;1;1951778309197006552;S
20241105;100820;33.41;1;1951778309197006553;S
20241105;100820;33.41;1;1951778309197006554;S
20241105;100820;33.41;1;1951778309197006555;S
20241105;100821;33.42;5;1951778309197006556;B
20241105;100822;33.41;50;1951778309197006557;S
20241105;100822;33.41;8;1951778309197006558;S
20241105;100828;33.41;10;1951778309197006559;S
20241105;100828;33.42;1;1951778309197006560;B
20241105;100828;33.42;1;1951778309197006561;B
20241105;100828;33.43;1;1951778309197006562;B
20241105;100829;33.42;1;1951778309197006563;S
20241105;100829;33.43;25;1951778309197006564;B
20241105;100830;33.43;70;1951778309197006565;B
20241105;100830;33.43;5;1951778309197006566;B
20241105;100830;33.43;4;1951778309197006567;B
20241105;100830;33.43;20;1951778309197006568;B
20241105;100830;33.43;2;1951778309197006569;B
20241105;100830;33.43;10;1951778309197006570;B
20241105;100830;33.43;1;1951778309197006571;B
20241105;100830;33.43;23;1951778309197006572;B
20241105;100832;33.43;5;1951778309197006573;B
20241105;100832;33.42;1;1951778309197006574;S
20241105;100833;33.43;4;1951778309197006575;B
20241105;100834;33.43;5;1951778309197006576;B
20241105;100835;33.43;1;1951778309197006577;B
20241105;100836;33.43;5;1951778309197006578;B
20241105;100836;33.43;10;1951778309197006579;B
20241105;100837;33.43;5;1951778309197006580;B
20241105;100837;33.42;1;1951778309197006581;S
20241105;100838;33.42;8;1951778309197006582;S
20241105;100839;33.43;5;1951778309197006583;B
20241105;100840;33.43;1;1951778309197006584;B
20241105;100841;33.43;5;1951778309197006585;B
20241105;100843;33.43;5;1951778309197006586;B
20241105;100844;33.43;1;1951778309197006587;B
20241105;100844;33.43;10;1951778309197006588;B
20241105;100846;33.43;15;1951778309197006590;B
20241105;100846;33.43;50;1951778309197006591;B
20241105;100846;33.43;25;1951778309197006592;B
20241105;100847;33.44;1;1951778309197006593;B
20241105;100847;33.44;2;1951778309197006594;B
20241105;100848;33.44;5;1951778309197006595;B
20241105;100848;33.44;1;1951778309197006596;B
20241105;100848;33.44;1;1951778309197006597;B
20241105;100848;33.44;4;1951778309197006598;B
20241105;100851;33.44;15;1951778309197006599;B
20241105;100852;33.44;2;1951778309197006600;B
20241105;100852;33.44;1;1951778309197006601;B
20241105;100852;33.44;1;1951778309197006602;B
20241105;100852;33.44;2;1951778309197006603;B
20241105;100853;33.44;1;1951778309197006604;B
20241105;100854;33.43;1;1951778309197006605;S
20241105;100857;33.44;15;1951778309197006606;B
20241105;100858;33.44;5;1951778309197006607;B
20241105;100858;33.44;3;1951778309197006608;B
20241105;100900;33.44;10;1951778309197006609;B
20241105;100902;33.44;5;1951778309197006610;B
20241105;100902;33.44;2;1951778309197006611;B
20241105;100903;33.43;8;1951778309197006612;S
20241105;100903;33.44;3;1951778309197006613;B
20241105;100903;33.43;7;1951778309197006614;S
20241105;100904;33.44;5;1951778309197006615;B
20241105;100904;33.44;5;1951778309197006616;B
20241105;100904;33.44;5;1951778309197006617;B
20241105;100904;33.44;5;1951778309197006618;B
20241105;100904;33.44;3;1951778309197006619;B
20241105;100904;33.44;7;1951778309197006620;B
20241105;100904;33.44;6;1951778309197006621;B
20241105;100904;33.44;5;1951778309197006626;B
20241105;100904;33.44;29;1951778309197006631;B
20241105;100904;33.44;20;1951778309197006636;B
20241105;100904;33.44;5;1951778309197006637;B
20241105;100904;33.44;10;1951778309197006642;B
20241105;100904;33.44;1;1951778309197006643;B
20241105;100904;33.44;150;1951778309197006644;B
20241105;100904;33.44;3;1951778309197006645;B
20241105;100904;33.44;96;1951778309197006646;B
20241105;100904;33.44;3;1951778309197006647;B
20241105;100904;33.44;5;1951778309197006648;B
20241105;100904;33.44;1;1951778309197006649;B
20241105;100904;33.45;1;1951778309197006650;B
20241105;100904;33.44;2;1951778309197006651;S
20241105;100904;33.45;1;1951778309197006652;B
20241105;100904;33.45;1;1951778309197006653;B
20241105;100904;33.45;4;1951778309197006656;B
20241105;100904;33.45;20;1951778309197006657;B
20241105;100904;33.45;1;1951778309197006658;B
20241105;100904;33.45;1;1951778309197006659;B
20241105;100904;33.45;1;1951778309197006660;B
20241105;100904;33.45;2;1951778309197006661;B
20241105;100904;33.45;2;1951778309197006662;B
20241105;100904;33.45;25;1951778309197006663;B
20241105;100905;33.45;2;1951778309197006664;B
20241105;100905;33.45;2;1951778309197006665;B
20241105;100905;33.45;3;1951778309197006666;B
20241105;100905;33.45;2;1951778309197006667;B
20241105;100907;33.45;1;1951778309197006668;B
20241105;100909;33.45;25;1951778309197006669;B
20241105;100909;33.45;7;1951778309197006670;B
20241105;100909;33.45;1;1951778309197006671;B
20241105;100909;33.45;7;1951778309197006672;B
20241105;100911;33.45;5;1951778309197006673;B
20241105;100912;33.45;1;1951778309197006674;B
20241105;100913;33.45;1;1951778309197006675;B
20241105;100913;33.45;1;1951778309197006676;B
20241105;100913;33.45;10;1951778309197006677;B
20241105;100913;33.45;1;1951778309197006678;B
20241105;100913;33.45;1;1951778309197006679;B
20241105;100913;33.45;1;1951778309197006680;B
20241105;100913;33.45;1;1951778309197006681;B
20241105;100913;33.45;1;1951778309197006682;B
20241105;100913;33.45;1;1951778309197006683;B
20241105;100913;33.45;2;1951778309197006684;B
20241105;100913;33.45;5;1951778309197006685;B
20241105;100914;33.44;1;1951778309197006686;S
20241105;100915;33.45;4;1951778309197006687;B
20241105;100915;33.45;10;1951778309197006688;B
20241105;100915;33.45;1;1951778309197006689;B
20241105;100916;33.44;8;1951778309197006690;S
20241105;100916;33.44;1;1951778309197006691;S
20241105;100916;33.44;1;1951778309197006692;S
20241105;100916;33.45;5;1951778309197006693;B
20241105;100916;33.44;4;1951778309197006694;S
20241105;100916;33.44;6;1951778309197006695;S
20241105;100917;33.45;4;1951778309197006696;B
20241105;100917;33.45;5;1951778309197006697;B
20241105;100918;33.45;2;1951778309197006698;B
20241105;100919;33.45;5;1951778309197006699;B
20241105;100919;33.45;1;1951778309197006700;B
20241105;100920;33.44;1;1951778309197006701;S
20241105;100920;33.44;4;1951778309197006702;S
20241105;100921;33.44;15;1951778309197006703;S
20241105;100921;33.44;5;1951778309197006704;B
20241105;100923;33.44;20;1951778309197006705;B
20241105;100925;33.44;10;1951778309197006706;B
20241105;100926;33.43;1;1951778309197006707;S
20241105;100927;33.44;5;1951778309197006708;B
20241105;100929;33.44;1;1951778309197006709;B
20241105;100930;33.44;5;1951778309197006710;B
20241105;100933;33.44;1;1951778309197006711;B
20241105;100933;33.44;2;1951778309197006712;B
20241105;100933;33.44;4;1951778309197006713;B
20241105;100934;33.44;5;1951778309197006714;B
20241105;100937;33.44;1;1951778309197006715;B
20241105;100939;33.44;20;1951778309197006716;B
20241105;100939;33.44;1;1951778309197006717;B
20241105;100939;33.44;3;1951778309197006718;B
20241105;100940;33.43;1;1951778309197006719;S
20241105;100940;33.44;126;1951778309197006720;B
20241105;100940;33.44;9;1951778309197006721;B
20241105;100940;33.44;1;1951778309197006722;B
20241105;100940;33.44;14;1951778309197006723;B
20241105;100946;33.44;1;1951778309197006725;B
20241105;100946;33.44;5;1951778309197006730;B
20241105;100946;33.44;1;1951778309197006735;B
20241105;100946;33.44;1;1951778309197006740;B
20241105;100946;33.44;8;1951778309197006745;B
20241105;100946;33.44;1;1951778309197006750;B
20241105;100946;33.44;1;1951778309197006755;B
20241105;100946;33.44;1;1951778309197006760;B
20241105;100946;33.44;3;1951778309197006766;B
20241105;100946;33.44;1;1951778309197006771;B
20241105;100946;33.44;1;1951778309197006776;B
20241105;100946;33.44;1;1951778309197006781;B
20241105;100946;33.44;1;1951778309197006786;B
20241105;100946;33.44;3;1951778309197006791;B
20241105;100947;33.43;1;1951778309197006796;S
20241105;100947;33.43;1;1951778309197006801;S
20241105;100947;33.43;1;1951778309197006806;S
20241105;100947;33.43;1;1951778309197006811;S
20241105;100948;33.43;1;1951778309197006816;S
20241105;100949;33.44;10;1951778309197006820;B
20241105;100952;33.44;4;1951778309197006821;B
20241105;100953;33.43;1;1951778309197006823;S
20241105;100953;33.43;2;1951778309197006828;S
20241105;100953;33.43;1;1951778309197006833;S
20241105;100953;33.43;1;1951778309197006838;S
20241105;100954;33.43;1;1951778309197006842;S
20241105;100954;33.43;7;1951778309197006843;S
20241105;100956;33.44;4;1951778309197006844;B
20241105;100956;33.43;3;1951778309197006845;S
20241105;100956;33.43;2;1951778309197006846;S
20241105;100957;33.44;1;1951778309197006847;B
20241105;100959;33.43;3;1951778309197006848;S
20241105;101000;33.44;3;1951778309197006849;B
20241105;101001;33.44;1;1951778309197006850;B
20241105;101002;33.43;1;1951778309197006851;S
20241105;101002;33.43;8;1951778309197006852;S
20241105;101002;33.43;7;1951778309197006853;S
20241105;101003;33.43;38;1951778309197006854;S
20241105;101007;33.43;15;1951778309197006855;S
20241105;101008;33.43;10;1951778309197006856;S
20241105;101008;33.44;4;1951778309197006859;B
20241105;101008;33.44;2;1951778309197006864;B
20241105;101008;33.44;1;1951778309197006869;B
20241105;101008;33.44;5;1951778309197006874;B
20241105;101008;33.44;1;1951778309197006879;B
20241105;101008;33.44;1;1951778309197006884;B
20241105;101008;33.44;1;1951778309197006889;B
20241105;101008;33.44;2;1951778309197006894;B
20241105;101008;33.44;1;1951778309197006899;B
20241105;101008;33.44;2;1951778309197006904;B
20241105;101008;33.44;1;1951778309197006909;B
20241105;101008;33.44;1;1951778309197006914;B
20241105;101008;33.44;1;1951778309197006919;B
20241105;101008;33.44;1;1951778309197006924;B
20241105;101009;33.44;1;1951778309197006928;B
20241105;101009;33.43;2;1951778309197006929;S
20241105;101009;33.43;10;1951778309197006930;S
20241105;101009;33.43;20;1951778309197006931;S
20241105;101009;33.43;40;1951778309197006932;S
20241105;101009;33.43;30;1951778309197006933;S
20241105;101010;33.43;1;1951778309197006934;S
20241105;101010;33.43;7;1951778309197006935;S
20241105;101017;33.44;3;1951778309197006936;B
20241105;101020;33.44;16;1951778309197006937;B
20241105;101021;33.43;3;1951778309197006938;S
20241105;101021;33.43;1;1951778309197006939;S
20241105;101021;33.43;6;1951778309197006940;S
20241105;101022;33.44;100;1951778309197006941;B
20241105;101022;33.44;2;1951778309197006943;B
20241105;101022;33.44;1;1951778309197006948;B
20241105;101022;33.44;2;1951778309197006953;B
20241105;101022;33.44;2;1951778309197006958;B
20241105;101022;33.44;1;1951778309197006963;B
20241105;101022;33.44;1;1951778309197006968;B
20241105;101022;33.44;1;1951778309197006973;B
20241105;101022;33.44;1;1951778309197006978;B
20241105;101022;33.44;3;1951778309197006983;B
20241105;101022;33.44;3;1951778309197006989;B
20241105;101022;33.44;1;1951778309197006994;B
20241105;101022;33.44;1;1951778309197006999;B
20241105;101022;33.44;2;1951778309197007004;B
20241105;101022;33.44;1;1951778309197007009;B
20241105;101022;33.44;1;1951778309197007014;B
20241105;101022;33.44;1;1951778309197007019;B
20241105;101022;33.44;1;1951778309197007024;B
20241105;101022;33.44;1;1951778309197007029;B
20241105;101022;33.44;1;1951778309197007034;B
20241105;101022;33.44;2;1951778309197007039;B
20241105;101022;33.44;1;1951778309197007043;B
20241105;101028;33.44;3;1951778309197007044;B
20241105;101028;33.43;4;1951778309197007045;S
20241105;101028;33.43;1;1951778309197007046;S
20241105;101029;33.44;1;1951778309197007047;B
20241105;101033;33.43;1;1951778309197007048;S
20241105;101033;33.44;3;1951778309197007049;B
20241105;101034;33.44;3;1951778309197007050;B
20241105;101035;33.44;3;1951778309197007051;B
20241105;101036;33.44;3;1951778309197007052;B
20241105;101037;33.44;3;1951778309197007053;B
20241105;101038;33.43;1;1951778309197007054;S
20241105;101039;33.44;3;1951778309197007055;B
20241105;101041;33.44;5;1951778309197007056;B
20241105;101042;33.44;5;1951778309197007059;B
20241105;101042;33.44;6;1951778309197007064;B
20241105;101042;33.44;1;1951778309197007069;B
20241105;101042;33.44;3;1951778309197007074;B
20241105;101042;33.44;1;1951778309197007079;B
20241105;101042;33.44;1;1951778309197007084;B
20241105;101042;33.44;3;1951778309197007089;B
20241105;101042;33.44;9;1951778309197007094;B
20241105;101045;33.44;3;1951778309197007098;B
20241105;101046;33.44;1;1951778309197007099;B
20241105;101047;33.44;2;1951778309197007100;B
20241105;101049;33.44;1;1951778309197007101;B
20241105;101051;33.44;1;1951778309197007102;B
20241105;101051;33.44;31;1951778309197007103;B
20241105;101051;33.44;3;1951778309197007104;B
20241105;101051;33.44;1;1951778309197007105;B
20241105;101051;33.44;10;1951778309197007106;B
20241105;101051;33.44;1;1951778309197007107;B
20241105;101051;33.45;2;1951778309197007108;B
20241105;101051;33.45;2;1951778309197007109;B
20241105;101053;33.45;1;1951778309197007110;B
20241105;101053;33.45;4;1951778309197007111;B
20241105;101054;33.45;3;1951778309197007112;B
20241105;101054;33.45;3;1951778309197007113;B
20241105;101056;33.45;1;1951778309197007114;B
20241105;101057;33.44;1;1951778309197007115;S
20241105;101058;33.44;1;1951778309197007116;S
20241105;101058;33.45;1;1951778309197007117;B
20241105;101058;33.45;2;1951778309197007118;B
20241105;101059;33.45;5;1951778309197007119;B
20241105;101059;33.45;1;1951778309197007120;B
20241105;101101;33.44;1;1951778309197007121;S
20241105;101101;33.44;4;1951778309197007123;S
20241105;101101;33.44;1;1951778309197007128;S
20241105;101101;33.44;1;1951778309197007133;S
20241105;101101;33.44;1;1951778309197007138;S
20241105;101101;33.44;1;1951778309197007143;S
20241105;101101;33.44;3;1951778309197007148;S
20241105;101102;33.45;1;1951778309197007152;B
20241105;101102;33.44;3;1951778309197007153;S
20241105;101102;33.44;5;1951778309197007154;S
20241105;101102;33.45;5;1951778309197007155;B
20241105;101103;33.45;2;1951778309197007156;B
20241105;101105;33.45;2;1951778309197007157;B
20241105;101111;33.45;8;1951778309197007158;B
20241105;101111;33.45;20;1951778309197007159;B
20241105;101111;33.45;1;1951778309197007160;B
20241105;101111;33.45;1;1951778309197007161;B
20241105;101111;33.45;1;1951778309197007162;B
20241105;101111;33.45;2;1951778309197007163;B
20241105;101111;33.45;30;1951778309197007164;B
20241105;101111;33.45;1;1951778309197007165;B
20241105;101111;33.45;5;1951778309197007166;B
20241105;101111;33.45;1;1951778309197007167;B
20241105;101111;33.45;1;1951778309197007168;B
20241105;101111;33.45;2;1951778309197007169;B
20241105;101111;33.45;96;1951778309197007170;B
20241105;101111;33.45;1;1951778309197007171;B
20241105;101111;33.45;5;1951778309197007172;B
20241105;101111;33.45;1;1951778309197007173;B
20241105;101111;33.45;20;1951778309197007174;B
20241105;101111;33.45;1;1951778309197007175;B
20241105;101111;33.45;3;1951778309197007176;B
20241105;101112;33.45;1;1951778309197007177;B
20241105;101112;33.45;2;1951778309197007178;B
20241105;101114;33.45;2;1951778309197007179;B
20241105;101114;33.45;29;1951778309197007182;B
20241105;101116;33.44;10;1951778309197007186;S
20241105;101116;33.45;5;1951778309197007187;B
20241105;101116;33.45;16;1951778309197007188;B
20241105;101117;33.45;1;1951778309197007189;B
20241105;101118;33.44;5;1951778309197007190;S
20241105;101118;33.44;100;1951778309197007191;S
20241105;101118;33.44;10;1951778309197007192;S
20241105;101118;33.44;40;1951778309197007193;S
20241105;101118;33.44;2;1951778309197007194;S
20241105;101118;33.44;1;1951778309197007195;S
20241105;101119;33.45;10;1951778309197007196;B
20241105;101120;33.44;8;1951778309197007197;S
20241105;101121;33.45;30;1951778309197007198;B
20241105;101121;33.45;1;1951778309197007199;B
20241105;101121;33.45;2;1951778309197007200;B
20241105;101121;33.44;3;1951778309197007201;S
20241105;101121;33.45;2;1951778309197007202;B
20241105;101121;33.45;1;1951778309197007203;B
20241105;101121;33.45;3;1951778309197007204;B
20241105;101121;33.45;1;1951778309197007205;B
20241105;101122;33.45;2;1951778309197007206;B
20241105;101128;33.45;5;1951778309197007207;B
20241105;101129;33.45;15;1951778309197007208;B
20241105;101129;33.45;10;1951778309197007209;B
20241105;101129;33.45;100;1951778309197007210;B
20241105;101129;33.45;3;1951778309197007211;B
20241105;101129;33.45;100;1951778309197007212;B
20241105;101129;33.45;7;1951778309197007213;B
20241105;101129;33.45;10;1951778309197007214;B
20241105;101129;33.46;1;1951778309197007215;B
20241105;101129;33.46;2;1951778309197007216;B
20241105;101129;33.46;2;1951778309197007217;B
20241105;101129;33.46;5;1951778309197007218;B
20241105;101130;33.46;1;1951778309197007219;B
20241105;101130;33.46;40;1951778309197007220;B
20241105;101130;33.45;33;1951778309197007221;S
20241105;101130;33.45;1;1951778309197007222;S
20241105;101131;33.46;3;1951778309197007223;B
20241105;101131;33.45;29;1951778309197007224;S
20241105;101131;33.45;3;1951778309197007225;S
20241105;101131;33.46;1;1951778309197007226;B
20241105;101131;33.45;1;1951778309197007227;S
20241105;101132;33.45;1;1951778309197007228;B
20241105;101137;33.44;1;1951778309197007229;S
20241105;101137;33.44;9;1951778309197007230;S
20241105;101137;33.44;2;1951778309197007231;S
20241105;101137;33.44;7;1951778309197007232;B
20241105;101137;33.44;3;1951778309197007233;B
20241105;101137;33.44;2;1951778309197007234;B
20241105;101139;33.45;1;1951778309197007235;B
20241105;101141;33.44;2;1951778309197007237;B
20241105;101141;33.44;1;1951778309197007242;B
20241105;101141;33.44;1;1951778309197007247;B
20241105;101141;33.44;8;1951778309197007252;B
20241105;101141;33.44;1;1951778309197007257;B
20241105;101141;33.44;1;1951778309197007262;B
20241105;101141;33.44;2;1951778309197007267;B
20241105;101141;33.44;2;1951778309197007272;B
20241105;101141;33.45;2;1951778309197007277;B
20241105;101141;33.45;1;1951778309197007282;B
20241105;101141;33.45;1;1951778309197007287;B
20241105;101141;33.45;8;1951778309197007292;B
20241105;101142;33.44;3;1951778309197007296;B
20241105;101146;33.44;2;1951778309197007297;B
20241105;101152;33.44;5;1951778309197007298;B
20241105;101152;33.44;10;1951778309197007299;B
20241105;101152;33.43;1;1951778309197007300;S
20241105;101156;33.44;10;1951778309197007301;B
20241105;101156;33.44;2;1951778309197007302;B
20241105;101201;33.44;5;1951778309197007303;B
20241105;101203;33.44;8;1951778309197007304;B
20241105;101211;33.43;2;1951778309197007305;S
20241105;101212;33.43;1;1951778309197007306;S
20241105;101213;33.43;5;1951778309197007307;S
20241105;101213;33.43;100;1951778309197007308;S
20241105;101213;33.43;88;1951778309197007309;S
20241105;101213;33.43;1;1951778309197007310;S
20241105;101213;33.43;11;1951778309197007311;S
20241105;101213;33.43;20;1951778309197007312;S
20241105;101213;33.43;78;1951778309197007313;S
20241105;101213;33.43;18;1951778309197007314;S
20241105;101213;33.43;1;1951778309197007315;S
20241105;101213;33.43;1;1951778309197007316;S
20241105;101213;33.43;2;1951778309197007317;S
20241105;101220;33.43;1;1951778309197007318;B
20241105;101220;33.43;2;1951778309197007319;B
20241105;101220;33.43;1;1951778309197007320;B
20241105;101220;33.44;16;1951778309197007321;B
20241105;101221;33.43;10;1951778309197007322;S
20241105;101222;33.43;2;1951778309197007323;S
20241105;101224;33.43;7;1951778309197007324;S
20241105;101224;33.43;11;1951778309197007325;S
20241105;101224;33.43;2;1951778309197007326;S
20241105;101225;33.43;5;1951778309197007327;S
20241105;101231;33.44;1;1951778309197007329;B
20241105;101235;33.43;19;1951778309197007333;S
20241105;101237;33.43;72;1951778309197007334;S
20241105;101237;33.43;64;1951778309197007335;S
20241105;101241;33.44;1;1951778309197007337;B
20241105;101249;33.43;1;1951778309197007341;S
20241105;101252;33.43;1;1951778309197007342;S
20241105;101253;33.43;9;1951778309197007343;S
20241105;101253;33.43;1;1951778309197007344;S
20241105;101254;33.43;1;1951778309197007345;S
20241105;101254;33.43;2;1951778309197007348;S
20241105;101254;33.43;1;1951778309197007352;S
20241105;101254;33.43;2;1951778309197007353;S
20241105;101254;33.43;1;1951778309197007354;S
20241105;101300;33.43;3;1951778309197007355;B
20241105;101300;33.43;1;1951778309197007356;B
20241105;101302;33.43;9;1951778309197007357;B
20241105;101302;33.43;1;1951778309197007358;B
20241105;101302;33.43;5;1951778309197007359;B
20241105;101302;33.43;1;1951778309197007360;B
20241105;101305;33.43;2;1951778309197007361;B
20241105;101305;33.43;1;1951778309197007362;B
20241105;101307;33.43;6;1951778309197007363;B
20241105;101311;33.44;30;1951778309197007364;B
20241105;101312;33.43;20;1951778309197007365;S
20241105;101315;33.43;2;1951778309197007366;S
20241105;101316;33.42;10;1951778309197007367;S
20241105;101318;33.43;1;1951778309197007368;B
20241105;101329;33.42;2;1951778309197007369;S
20241105;101330;33.43;2;1951778309197007370;B
20241105;101337;33.43;2;1951778309197007371;B
20241105;101339;33.43;1;1951778309197007372;B
20241105;101339;33.42;1;1951778309197007373;S
20241105;101340;33.42;1;1951778309197007374;S
20241105;101340;33.42;1;1951778309197007375;S
20241105;101340;33.42;1;1951778309197007376;S
20241105;101340;33.42;1;1951778309197007377;S
20241105;101340;33.42;1;1951778309197007378;S
20241105;101341;33.42;1;1951778309197007379;S
20241105;101342;33.42;2;1951778309197007380;S
20241105;101346;33.43;1;1951778309197007381;B
20241105;101351;33.43;2;1951778309197007382;B
20241105;101352;33.42;1;1951778309197007383;S
20241105;101355;33.42;3;1951778309197007384;S
20241105;101358;33.43;2;1951778309197007385;B
20241105;101407;33.43;1;1951778309197007387;B
20241105;101411;33.42;4;1951778309197007388;S
20241105;101413;33.43;30;1951778309197007389;B
20241105;101418;33.42;42;1951778309197007390;S
20241105;101421;33.42;8;1951778309197007391;S
20241105;101423;33.42;1;1951778309197007392;S
20241105;101425;33.43;10;1951778309197007393;B
20241105;101428;33.43;2;1951778309197007394;B
20241105;101434;33.43;10;1951778309197007395;B
20241105;101439;33.43;2;1951778309197007396;B
20241105;101440;33.43;3;1951778309197007400;B
20241105;101441;33.42;1;1951778309197007404;S
20241105;101441;33.42;1;1951778309197007405;S
20241105;101443;33.43;4;1951778309197007406;B
20241105;101448;33.43;4;1951778309197007408;B
20241105;101448;33.43;1;1951778309197007413;B
20241105;101448;33.43;1;1951778309197007418;B
20241105;101448;33.43;1;1951778309197007423;B
20241105;101448;33.43;1;1951778309197007428;B
20241105;101448;33.43;1;1951778309197007433;B
20241105;101448;33.43;1;1951778309197007438;B
20241105;101457;33.42;5;1951778309197007442;S
20241105;101500;33.43;1;1951778309197007443;B
20241105;101503;33.42;1;1951778309197007444;S
20241105;101510;33.42;1;1951778309197007445;S
20241105;101513;33.43;14;1951778309197007446;B
20241105;101516;33.43;1;1951778309197007447;B
20241105;101518;33.43;2;1951778309197007448;B
20241105;101518;33.42;2;1951778309197007449;S
20241105;101518;33.43;1;1951778309197007450;B
20241105;101519;33.43;1;1951778309197007451;B
20241105;101521;33.43;1;1951778309197007452;B
20241105;101524;33.43;1;1951778309197007453;B
20241105;101525;33.42;2;1951778309197007454;S
20241105;101525;33.42;9;1951778309197007455;S
20241105;101525;33.42;11;1951778309197007456;S
20241105;101525;33.43;1;1951778309197007457;B
20241105;101528;33.42;3;1951778309197007459;S
20241105;101530;33.43;2;1951778309197007460;B
20241105;101530;33.42;2;1951778309197007461;S
20241105;101531;33.43;1;1951778309197007462;B
20241105;101531;33.42;1;1951778309197007463;S
20241105;101532;33.43;2;1951778309197007464;B
20241105;101532;33.43;2;1951778309197007465;B
20241105;101534;33.43;1;1951778309197007466;B
20241105;101534;33.43;7;1951778309197007467;B
20241105;101534;33.43;7;1951778309197007468;B
20241105;101534;33.43;1;1951778309197007469;B
20241105;101534;33.43;2;1951778309197007470;B
20241105;101534;33.43;18;1951778309197007471;B
20241105;101535;33.43;1;1951778309197007472;B
20241105;101536;33.42;2;1951778309197007473;S
20241105;101536;33.43;31;1951778309197007474;B
20241105;101536;33.43;1;1951778309197007475;B
20241105;101536;33.43;1;1951778309197007476;B
20241105;101536;33.43;1;1951778309197007481;B
20241105;101538;33.44;1;1951778309197007482;B
20241105;101541;33.44;1;1951778309197007483;B
20241105;101541;33.44;1;1951778309197007485;B
20241105;101541;33.44;1;1951778309197007490;B
20241105;101548;33.43;1;1951778309197007494;S
20241105;101548;33.43;5;1951778309197007495;S
20241105;101552;33.44;3;1951778309197007496;B
20241105;101553;33.44;4;1951778309197007497;B
20241105;101555;33.44;4;1951778309197007498;B
20241105;101558;33.43;1;1951778309197007500;S
20241105;101601;33.43;2;1951778309197007504;S
20241105;101601;33.44;4;1951778309197007505;B
20241105;101604;33.44;1;1951778309197007506;B
20241105;101607;33.44;2;1951778309197007508;B
20241105;101607;33.43;1;1951778309197007510;S
20241105;101608;33.44;3;1951778309197007514;B
20241105;101608;33.44;9;1951778309197007515;B
20241105;101609;33.44;2;1951778309197007516;B
20241105;101609;33.44;2;1951778309197007517;B
20241105;101609;33.44;2;1951778309197007518;B
20241105;101609;33.44;2;1951778309197007519;B
20241105;101610;33.43;4;1951778309197007520;S
20241105;101612;33.44;2;1951778309197007521;B
20241105;101612;33.44;1;1951778309197007522;B
20241105;101612;33.44;2;1951778309197007523;B
20241105;101612;33.44;2;1951778309197007524;B
20241105;101613;33.44;2;1951778309197007525;B
20241105;101613;33.44;2;1951778309197007526;B
20241105;101613;33.44;2;1951778309197007527;B
20241105;101614;33.44;13;1951778309197007528;B
20241105;101614;33.44;2;1951778309197007529;B
20241105;101614;33.44;7;1951778309197007530;B
20241105;101615;33.44;2;1951778309197007531;B
20241105;101618;33.44;4;1951778309197007532;B
20241105;101619;33.43;2;1951778309197007533;S
20241105;101619;33.43;8;1951778309197007534;S
20241105;101620;33.44;2;1951778309197007535;B
20241105;101621;33.43;18;1951778309197007536;S
20241105;101622;33.44;10;1951778309197007537;B
20241105;101623;33.44;2;1951778309197007538;B
20241105;101624;33.44;2;1951778309197007539;B
20241105;101624;33.44;4;1951778309197007540;B
20241105;101624;33.44;2;1951778309197007541;B
20241105;101625;33.44;2;1951778309197007542;B
20241105;101625;33.44;2;1951778309197007543;B
20241105;101626;33.44;2;1951778309197007544;B
20241105;101626;33.44;2;1951778309197007545;B
20241105;101628;33.44;4;1951778309197007546;B
20241105;101629;33.44;1;1951778309197007547;B
20241105;101632;33.44;2;1951778309197007548;B
20241105;101633;33.44;2;1951778309197007549;B
20241105;101633;33.44;3;1951778309197007550;B
20241105;101633;33.44;2;1951778309197007551;B
20241105;101633;33.44;2;1951778309197007552;B
20241105;101634;33.43;9;1951778309197007553;S
20241105;101634;33.44;2;1951778309197007554;B
20241105;101636;33.43;10;1951778309197007555;S
20241105;101637;33.44;4;1951778309197007556;B
20241105;101637;33.44;2;1951778309197007557;B
20241105;101637;33.44;6;1951778309197007558;B
20241105;101639;33.44;2;1951778309197007559;B
20241105;101642;33.44;2;1951778309197007560;B
20241105;101642;33.44;7;1951778309197007561;B
20241105;101642;33.44;2;1951778309197007562;B
20241105;101642;33.44;4;1951778309197007563;B
20241105;101643;33.44;10;1951778309197007564;B
20241105;101647;33.43;1;1951778309197007565;S
20241105;101647;33.44;2;1951778309197007566;B
20241105;101650;33.44;4;1951778309197007567;B
20241105;101651;33.44;10;1951778309197007568;B
20241105;101657;33.44;7;1951778309197007569;B
20241105;101658;33.43;1;1951778309197007570;S
20241105;101659;33.44;3;1951778309197007571;B
20241105;101700;33.43;1;1951778309197007572;S
20241105;101701;33.43;1;1951778309197007573;S
20241105;101701;33.43;1;1951778309197007575;S
20241105;101702;33.44;1;1951778309197007579;B
20241105;101705;33.44;1;1951778309197007580;B
20241105;101706;33.44;1;1951778309197007581;B
20241105;101707;33.44;1;1951778309197007582;B
20241105;101709;33.44;1;1951778309197007583;B
20241105;101709;33.43;2;1951778309197007584;S
20241105;101710;33.44;1;1951778309197007585;B
20241105;101712;33.44;1;1951778309197007586;B
20241105;101712;33.44;1;1951778309197007587;B
20241105;101714;33.44;1;1951778309197007588;B
20241105;101722;33.44;2;1951778309197007589;B
20241105;101723;33.44;1;1951778309197007590;B
20241105;101724;33.43;20;1951778309197007591;S
20241105;101727;33.44;1;1951778309197007592;B
20241105;101728;33.44;10;1951778309197007593;B
20241105;101728;33.44;1;1951778309197007594;B
20241105;101729;33.44;1;1951778309197007595;B
20241105;101730;33.44;1;1951778309197007596;B
20241105;101731;33.44;1;1951778309197007597;B
20241105;101733;33.44;1;1951778309197007600;B
20241105;101734;33.44;1;1951778309197007604;B
20241105;101736;33.44;1;1951778309197007605;B
20241105;101736;33.44;1;1951778309197007606;B
20241105;101736;33.44;2;1951778309197007607;B
20241105;101736;33.44;2;1951778309197007608;B
20241105;101736;33.44;1;1951778309197007609;B
20241105;101736;33.44;1;1951778309197007610;B
20241105;101739;33.44;2;1951778309197007611;B
20241105;101741;33.44;23;1951778309197007612;B
20241105;101741;33.44;1;1951778309197007613;B
20241105;101741;33.44;1;1951778309197007614;B
20241105;101741;33.44;1;1951778309197007615;B
20241105;101741;33.44;100;1951778309197007616;B
20241105;101741;33.44;9;1951778309197007617;B
20241105;101741;33.44;1;1951778309197007618;B
20241105;101741;33.44;1;1951778309197007619;B
20241105;101742;33.45;15;1951778309197007620;B
20241105;101742;33.45;3;1951778309197007621;B
20241105;101742;33.45;10;1951778309197007622;B
20241105;101742;33.45;2;1951778309197007623;B
20241105;101742;33.45;4;1951778309197007624;B
20241105;101742;33.45;5;1951778309197007625;B
20241105;101742;33.45;1;1951778309197007626;B
20241105;101742;33.45;2;1951778309197007627;B
20241105;101742;33.45;1;1951778309197007628;B
20241105;101743;33.45;4;1951778309197007629;B
20241105;101743;33.45;2;1951778309197007630;B
20241105;101743;33.45;1;1951778309197007631;B
20241105;101743;33.45;1;1951778309197007632;B
20241105;101743;33.45;2;1951778309197007637;B
20241105;101743;33.45;2;1951778309197007638;B
20241105;101743;33.46;3;1951778309197007639;B
20241105;101743;33.46;2;1951778309197007640;B
20241105;101743;33.45;23;1951778309197007641;S
20241105;101743;33.45;96;1951778309197007642;S
20241105;101743;33.45;1;1951778309197007643;S
20241105;101743;33.45;3;1951778309197007644;S
20241105;101744;33.45;96;1951778309197007645;S
20241105;101744;33.45;3;1951778309197007646;S
20241105;101744;33.45;1;1951778309197007647;S
20241105;101744;33.45;10;1951778309197007648;S
20241105;101746;33.46;1;1951778309197007649;B
20241105;101749;33.46;1;1951778309197007650;B
20241105;101754;33.46;1;1951778309197007651;B
20241105;101754;33.46;1;1951778309197007652;B
20241105;101754;33.46;1;1951778309197007653;B
20241105;101755;33.46;2;1951778309197007654;B
20241105;101755;33.46;1;1951778309197007655;B
20241105;101759;33.46;4;1951778309197007656;B
20241105;101759;33.46;1;1951778309197007657;B
20241105;101800;33.45;41;1951778309197007658;S
20241105;101802;33.46;1;1951778309197007659;B
20241105;101803;33.46;7;1951778309197007660;B
20241105;101803;33.46;1;1951778309197007661;B
20241105;101803;33.46;3;1951778309197007666;B
20241105;101803;33.46;2;1951778309197007671;B
20241105;101803;33.46;1;1951778309197007676;B
20241105;101803;33.46;3;1951778309197007677;B
20241105;101803;33.46;3;1951778309197007678;B
20241105;101811;33.46;5;1951778309197007679;B
20241105;101813;33.46;1;1951778309197007680;B
20241105;101813;33.45;1;1951778309197007681;S
20241105;101813;33.45;10;1951778309197007682;S
20241105;101816;33.46;1;1951778309197007683;B
20241105;101816;33.46;3;1951778309197007684;B
20241105;101819;33.45;5;1951778309197007685;S
20241105;101819;33.45;5;1951778309197007686;S
20241105;101829;33.45;10;1951778309197007687;S
20241105;101832;33.45;10;1951778309197007688;S
20241105;101832;33.45;2;1951778309197007689;S
20241105;101832;33.45;3;1951778309197007690;S
20241105;101832;33.45;1;1951778309197007691;S
20241105;101833;33.45;1;1951778309197007692;S
20241105;101833;33.45;19;1951778309197007693;B
20241105;101833;33.45;9;1951778309197007694;B
20241105;101833;33.45;10;1951778309197007695;B
20241105;101833;33.45;1;1951778309197007696;B
20241105;101833;33.45;1;1951778309197007697;B
20241105;101833;33.45;1;1951778309197007698;B
20241105;101833;33.46;49;1951778309197007699;B
20241105;101838;33.45;3;1951778309197007700;B
20241105;101838;33.45;11;1951778309197007701;B
20241105;101839;33.45;5;1951778309197007702;B
20241105;101841;33.45;2;1951778309197007703;B
20241105;101842;33.45;3;1951778309197007704;B
20241105;101843;33.44;4;1951778309197007705;S
20241105;101845;33.45;1;1951778309197007706;B
20241105;101848;33.44;3;1951778309197007707;S
20241105;101851;33.45;50;1951778309197007708;B
20241105;101854;33.44;50;1951778309197007709;S
20241105;101858;33.45;3;1951778309197007710;B
20241105;101900;33.45;2;1951778309197007711;B
20241105;101906;33.45;20;1951778309197007712;B
20241105;101906;33.45;5;1951778309197007713;B
20241105;101909;33.45;1;1951778309197007714;B
20241105;101912;33.45;2;1951778309197007716;B
20241105;101914;33.44;39;1951778309197007717;S
20241105;101914;33.44;1;1951778309197007718;S
20241105;101914;33.44;9;1951778309197007719;S
20241105;101914;33.44;1;1951778309197007720;S
20241105;101917;33.45;7;1951778309197007721;B
20241105;101917;33.45;1;1951778309197007722;B
20241105;101923;33.44;1;1951778309197007724;S
20241105;101923;33.45;2;1951778309197007725;B
20241105;101929;33.45;2;1951778309197007726;B
20241105;101944;33.44;10;1951778309197007727;S
20241105;101945;33.45;5;1951778309197007728;B
20241105;101946;33.45;1;1951778309197007729;B
20241105;101954;33.44;9;1951778309197007730;S
20241105;101954;33.44;19;1951778309197007731;S
20241105;101954;33.44;1;1951778309197007732;S
20241105;101954;33.44;2;1951778309197007733;S
20241105;101954;33.44;1;1951778309197007734;S
20241105;101954;33.44;68;1951778309197007735;S
20241105;101958;33.45;9;1951778309197007736;B
20241105;101958;33.45;1;1951778309197007737;B
20241105;101959;33.45;5;1951778309197007738;B
20241105;102004;33.44;1;1951778309197007739;S
20241105;102004;33.44;9;1951778309197007740;S
20241105;102007;33.45;2;1951778309197007741;B
20241105;102008;33.45;1;1951778309197007742;B
20241105;102009;33.44;51;1951778309197007743;S
20241105;102009;33.44;40;1951778309197007744;S
20241105;102009;33.44;6;1951778309197007745;S
20241105;102009;33.44;3;1951778309197007746;S
20241105;102011;33.44;2;1951778309197007747;S
20241105;102013;33.45;2;1951778309197007748;B
20241105;102015;33.45;1;1951778309197007749;B
20241105;102016;33.45;2;1951778309197007750;B
20241105;102020;33.45;1;1951778309197007751;B
20241105;102021;33.44;2;1951778309197007752;S
20241105;102021;33.45;85;1951778309197007753;B
20241105;102021;33.45;13;1951778309197007754;B
20241105;102021;33.45;10;1951778309197007755;B
20241105;102021;33.45;42;1951778309197007756;B
20241105;102032;33.45;10;1951778309197007757;B
20241105;102032;33.45;2;1951778309197007758;B
20241105;102039;33.45;5;1951778309197007759;B
20241105;102042;33.45;5;1951778309197007760;B
20241105;102044;33.45;2;1951778309197007761;B
20241105;102044;33.44;5;1951778309197007762;S
20241105;102044;33.43;5;1951778309197007763;S
20241105;102046;33.43;1;1951778309197007764;S
20241105;102048;33.44;1;1951778309197007765;B
20241105;102049;33.43;4;1951778309197007766;S
20241105;102049;33.43;1;1951778309197007767;S
20241105;102049;33.43;40;1951778309197007768;S
20241105;102049;33.43;44;1951778309197007769;S
20241105;102052;33.43;1;1951778309197007770;S
20241105;102054;33.44;1;1951778309197007772;B
20241105;102056;33.44;5;1951778309197007773;B
20241105;102056;33.43;1;1951778309197007774;S
20241105;102056;33.43;2;1951778309197007775;S
20241105;102056;33.43;4;1951778309197007776;S
20241105;102056;33.43;7;1951778309197007777;S
20241105;102057;33.44;1;1951778309197007778;B
20241105;102058;33.43;3;1951778309197007779;S
20241105;102058;33.43;4;1951778309197007780;S
20241105;102058;33.43;1;1951778309197007781;S
20241105;102058;33.42;21;1951778309197007782;S
20241105;102058;33.42;60;1951778309197007783;S
20241105;102058;33.42;3;1951778309197007784;S
20241105;102058;33.42;2;1951778309197007785;S
20241105;102058;33.42;65;1951778309197007786;S
20241105;102058;33.42;21;1951778309197007787;S
20241105;102102;33.42;1;1951778309197007788;S
20241105;102102;33.42;2;1951778309197007789;S
20241105;102104;33.42;1;1951778309197007790;S
20241105;102105;33.42;1;1951778309197007791;S
20241105;102111;33.43;4;1951778309197007792;B
20241105;102115;33.42;5;1951778309197007793;S
20241105;102115;33.42;9;1951778309197007794;S
20241105;102115;33.42;20;1951778309197007795;S
20241105;102115;33.42;1;1951778309197007796;S
20241105;102115;33.42;4;1951778309197007797;S
20241105;102115;33.42;5;1951778309197007798;S
20241105;102115;33.42;2;1951778309197007799;S
20241105;102115;33.42;9;1951778309197007800;S
20241105;102115;33.42;50;1951778309197007801;S
20241105;102115;33.43;15;1951778309197007802;B
20241105;102116;33.42;7;1951778309197007803;S
20241105;102120;33.43;5;1951778309197007805;B
20241105;102122;33.42;2;1951778309197007806;S
20241105;102125;33.42;25;1951778309197007807;S
20241105;102126;33.43;7;1951778309197007808;B
20241105;102126;33.43;5;1951778309197007809;B
20241105;102126;33.43;1;1951778309197007810;B
20241105;102133;33.43;4;1951778309197007811;B
20241105;102135;33.43;5;1951778309197007812;B
20241105;102201;33.43;1;1951778309197007815;B
20241105;102203;33.43;1;1951778309197007816;B
20241105;102204;33.43;1;1951778309197007817;B
20241105;102205;33.42;4;1951778309197007818;S
20241105;102205;33.43;2;1951778309197007819;B
20241105;102206;33.43;14;1951778309197007820;B
20241105;102211;33.42;2;1951778309197007821;S
20241105;102217;33.42;4;1951778309197007822;S
20241105;102217;33.42;19;1951778309197007823;S
20241105;102217;33.42;4;1951778309197007824;S
20241105;102217;33.42;1;1951778309197007825;S
20241105;102217;33.42;1;1951778309197007826;S
20241105;102217;33.42;12;1951778309197007827;S
20241105;102217;33.42;10;1951778309197007828;S
20241105;102217;33.42;1;1951778309197007829;S
20241105;102217;33.42;1;1951778309197007834;S
20241105;102217;33.42;1;1951778309197007835;S
20241105;102217;33.42;4;1951778309197007836;S
20241105;102219;33.42;9;1951778309197007837;S
20241105;102220;33.42;9;1951778309197007838;S
20241105;102220;33.43;1;1951778309197007839;B
20241105;102221;33.42;2;1951778309197007840;B
20241105;102221;33.41;3;1951778309197007841;S
20241105;102221;33.41;1;1951778309197007842;S
20241105;102221;33.41;12;1951778309197007843;S
20241105;102221;33.41;7;1951778309197007844;S
20241105;102221;33.41;4;1951778309197007845;S
20241105;102221;33.41;1;1951778309197007846;S
20241105;102222;33.41;5;1951778309197007847;S
20241105;102222;33.41;8;1951778309197007848;S
20241105;102225;33.41;5;1951778309197007849;S
20241105;102225;33.42;1;1951778309197007850;B
20241105;102225;33.42;1;1951778309197007851;B
20241105;102229;33.41;10;1951778309197007852;S
20241105;102237;33.42;1;1951778309197007853;B
20241105;102237;33.41;2;1951778309197007854;S
20241105;102237;33.41;4;1951778309197007855;S
20241105;102237;33.41;1;1951778309197007856;S
20241105;102237;33.41;3;1951778309197007857;S
20241105;102238;33.42;1;1951778309197007858;B
20241105;102238;33.41;1;1951778309197007859;S
20241105;102239;33.41;1;1951778309197007860;S
20241105;102240;33.41;5;1951778309197007861;S
20241105;102240;33.41;5;1951778309197007862;S
20241105;102240;33.41;17;1951778309197007863;S
20241105;102241;33.41;2;1951778309197007864;S
20241105;102241;33.41;15;1951778309197007865;S
20241105;102243;33.42;2;1951778309197007866;B
20241105;102243;33.42;1;1951778309197007867;B
20241105;102245;33.43;5;1951778309197007868;B
20241105;102245;33.42;10;1951778309197007869;S
20241105;102245;33.42;12;1951778309197007870;S
20241105;102245;33.42;3;1951778309197007871;S
20241105;102247;33.43;2;1951778309197007872;B
20241105;102248;33.42;1;1951778309197007873;S
20241105;102248;33.43;1;1951778309197007874;B
20241105;102249;33.42;1;1951778309197007875;S
20241105;102249;33.43;1;1951778309197007876;B
20241105;102250;33.43;1;1951778309197007877;B
20241105;102250;33.42;1;1951778309197007878;S
20241105;102251;33.42;1;1951778309197007879;B
20241105;102258;33.42;2;1951778309197007880;B
20241105;102300;33.42;1;1951778309197007881;B
20241105;102301;33.42;4;1951778309197007882;B
20241105;102301;33.42;1;1951778309197007883;B
20241105;102303;33.41;1;1951778309197007884;S
20241105;102303;33.41;1;1951778309197007885;S
20241105;102304;33.42;2;1951778309197007886;B
20241105;102307;33.41;4;1951778309197007887;S
20241105;102308;33.42;6;1951778309197007888;B
20241105;102308;33.42;1;1951778309197007889;B
20241105;102309;33.42;1;1951778309197007890;B
20241105;102310;33.42;2;1951778309197007891;B
20241105;102312;33.42;1;1951778309197007892;B
20241105;102315;33.42;1;1951778309197007893;B
20241105;102318;33.42;5;1951778309197007894;B
20241105;102318;33.42;1;1951778309197007895;B
20241105;102318;33.42;3;1951778309197007896;B
20241105;102321;33.41;56;1951778309197007897;S
20241105;102321;33.41;22;1951778309197007898;S
20241105;102322;33.42;2;1951778309197007899;B
20241105;102323;33.42;1;1951778309197007900;B
20241105;102324;33.42;2;1951778309197007901;B
20241105;102325;33.42;1;1951778309197007902;B
20241105;102329;33.42;1;1951778309197007903;B
20241105;102329;33.42;1;1951778309197007904;B
20241105;102329;33.42;1;1951778309197007905;B
20241105;102329;33.42;1;1951778309197007906;B
20241105;102329;33.42;1;1951778309197007907;B
20241105;102329;33.42;1;1951778309197007908;B
20241105;102329;33.42;4;1951778309197007909;S
20241105;102334;33.42;3;1951778309197007910;S
20241105;102336;33.43;1;1951778309197007911;B
20241105;102336;33.43;7;1951778309197007912;B
20241105;102337;33.43;1;1951778309197007913;B
20241105;102344;33.43;1;1951778309197007914;B
20241105;102347;33.42;1;1951778309197007915;S
20241105;102347;33.42;1;1951778309197007916;S
20241105;102347;33.42;1;1951778309197007917;S
20241105;102347;33.42;1;1951778309197007918;S
20241105;102349;33.42;1;1951778309197007919;B
20241105;102358;33.42;5;1951778309197007920;B
20241105;102405;33.41;1;1951778309197007921;S
20241105;102406;33.41;1;1951778309197007922;S
20241105;102412;33.42;1;1951778309197007923;B
20241105;102414;33.42;1;1951778309197007924;B
20241105;102416;33.42;1;1951778309197007925;B
20241105;102416;33.42;1;1951778309197007926;B
20241105;102418;33.42;1;1951778309197007927;B
20241105;102420;33.42;1;1951778309197007928;B
20241105;102424;33.42;2;1951778309197007929;B
20241105;102424;33.41;1;1951778309197007930;S
20241105;102424;33.41;3;1951778309197007931;S
20241105;102424;33.41;1;1951778309197007932;S
20241105;102424;33.41;1;1951778309197007933;S
20241105;102424;33.41;8;1951778309197007934;S
20241105;102426;33.42;2;1951778309197007935;B
20241105;102426;33.42;1;1951778309197007936;B
20241105;102431;33.42;2;1951778309197007937;B
20241105;102433;33.42;55;1951778309197007938;B
20241105;102435;33.41;2;1951778309197007939;S
20241105;102435;33.41;1;1951778309197007940;S
20241105;102443;33.41;1;1951778309197007946;S
20241105;102443;33.41;3;1951778309197007951;S
20241105;102443;33.41;3;1951778309197007956;S
20241105;102444;33.41;1;1951778309197007961;S
20241105;102445;33.41;1;1951778309197007966;S
20241105;102459;33.42;1;1951778309197007967;B
20241105;102459;33.42;1;1951778309197007968;B
20241105;102500;33.41;1;1951778309197007969;S
20241105;102500;33.41;4;1951778309197007970;S
20241105;102500;33.41;1;1951778309197007971;S
20241105;102500;33.41;2;1951778309197007976;S
20241105;102501;33.41;1;1951778309197007977;S
20241105;102513;33.41;3;1951778309197007978;S
20241105;102519;33.41;2;1951778309197007979;S
20241105;102520;33.41;2;1951778309197007980;S
20241105;102523;33.42;1;1951778309197007981;B
20241105;102525;33.42;2;1951778309197007982;B
20241105;102528;33.42;1;1951778309197007983;B
20241105;102528;33.42;2;1951778309197007984;B
20241105;102530;33.42;1;1951778309197007985;B
20241105;102547;33.42;1;1951778309197007987;B
20241105;102548;33.41;1;1951778309197007991;S
20241105;102550;33.42;4;1951778309197007992;B
20241105;102551;33.42;1;1951778309197007993;B
20241105;102553;33.42;1;1951778309197007995;B
20241105;102558;33.42;34;1951778309197007996;B
20241105;102558;33.42;16;1951778309197007997;B
20241105;102559;33.41;1;1951778309197007998;S
20241105;102601;33.41;1;1951778309197007999;S
20241105;102601;33.41;1;1951778309197008000;S
20241105;102601;33.41;4;1951778309197008001;S
20241105;102601;33.41;4;1951778309197008002;S
20241105;102601;33.41;1;1951778309197008003;S
20241105;102601;33.41;1;1951778309197008004;S
20241105;102601;33.41;90;1951778309197008005;S
20241105;102605;33.41;1;1951778309197008010;S
20241105;102605;33.41;1;1951778309197008015;S
20241105;102606;33.41;1;1951778309197008020;S
20241105;102607;33.41;1;1951778309197008025;S
20241105;102608;33.41;2;1951778309197008030;S
20241105;102608;33.41;1;1951778309197008035;S
20241105;102608;33.41;1;1951778309197008040;S
20241105;102608;33.41;1;1951778309197008045;S
20241105;102608;33.41;5;1951778309197008050;S
20241105;102608;33.41;8;1951778309197008051;S
20241105;102608;33.41;5;1951778309197008052;S
20241105;102608;33.41;9;1951778309197008053;S
20241105;102608;33.41;40;1951778309197008054;S
20241105;102608;33.41;30;1951778309197008055;S
20241105;102610;33.42;3;1951778309197008056;B
20241105;102611;33.41;1;1951778309197008057;S
20241105;102613;33.41;1;1951778309197008058;S
20241105;102614;33.42;2;1951778309197008059;B
20241105;102620;33.41;10;1951778309197008060;S
20241105;102622;33.41;1;1951778309197008061;S
20241105;102623;33.41;10;1951778309197008062;S
20241105;102631;33.41;4;1951778309197008063;S
20241105;102632;33.42;4;1951778309197008064;B
20241105;102632;33.42;1;1951778309197008065;B
20241105;102634;33.42;1;1951778309197008066;B
20241105;102648;33.41;5;1951778309197008067;S
20241105;102659;33.42;4;1951778309197008069;B
20241105;102659;33.42;1;1951778309197008070;B
20241105;102714;33.42;1;1951778309197008071;B
20241105;102726;33.41;5;1951778309197008072;S
20241105;102740;33.41;5;1951778309197008073;S
20241105;102746;33.41;1;1951778309197008074;S
20241105;102801;33.42;10;1951778309197008075;B
20241105;102801;33.42;1;1951778309197008076;B
20241105;102815;33.42;3;1951778309197008077;B
20241105;102815;33.42;2;1951778309197008078;B
20241105;102818;33.42;4;1951778309197008079;B
20241105;102818;33.42;5;1951778309197008080;B
20241105;102818;33.42;1;1951778309197008081;B
20241105;102822;33.42;4;1951778309197008082;B
20241105;102831;33.42;9;1951778309197008083;B
20241105;102833;33.42;1;1951778309197008084;B
20241105;102833;33.42;2;1951778309197008085;B
20241105;102833;33.42;6;1951778309197008086;B
20241105;102837;33.42;3;1951778309197008087;B
20241105;102842;33.41;5;1951778309197008088;S
20241105;102847;33.41;2;1951778309197008089;S
20241105;102850;33.41;4;1951778309197008090;S
20241105;102853;33.41;4;1951778309197008091;S
20241105;102901;33.41;1;1951778309197008092;S
20241105;102912;33.42;1;1951778309197008093;B
20241105;102912;33.42;1;1951778309197008094;B
20241105;102912;33.42;1;1951778309197008095;B
20241105;102912;33.42;1;1951778309197008096;B
20241105;102912;33.42;1;1951778309197008097;B
20241105;102912;33.42;10;1951778309197008098;B
20241105;102913;33.42;1;1951778309197008100;B
20241105;102919;33.42;1;1951778309197008104;B
20241105;102919;33.42;8;1951778309197008105;B
20241105;102920;33.43;2;1951778309197008106;B
20241105;102920;33.43;14;1951778309197008107;B
20241105;102920;33.43;10;1951778309197008108;B
20241105;102920;33.43;1;1951778309197008109;B
20241105;102920;33.43;100;1951778309197008110;B
20241105;102920;33.43;1;1951778309197008111;B
20241105;102926;33.43;2;1951778309197008112;S
20241105;102928;33.43;7;1951778309197008113;S
20241105;102928;33.43;1;1951778309197008114;S
20241105;102929;33.44;10;1951778309197008115;B
20241105;102931;33.43;9;1951778309197008116;S
20241105;102931;33.43;1;1951778309197008117;S
20241105;102932;33.44;2;1951778309197008118;B
20241105;102933;33.44;1;1951778309197008119;B
20241105;102934;33.44;6;1951778309197008120;B
20241105;102934;33.44;4;1951778309197008121;B
20241105;102935;33.44;29;1951778309197008122;B
20241105;102937;33.44;1;1951778309197008123;B
20241105;102942;33.44;10;1951778309197008124;B
20241105;102947;33.44;30;1951778309197008125;B
20241105;102955;33.44;8;1951778309197008126;B
20241105;102955;33.43;1;1951778309197008127;S
20241105;102956;33.43;20;1951778309197008128;S
20241105;102956;33.43;2;1951778309197008129;S
20241105;102956;33.43;3;1951778309197008130;S
20241105;103000;33.43;5;1951778309197008131;B
20241105;103001;33.42;3;1951778309197008135;S
20241105;103001;33.43;1;1951778309197008136;B
20241105;103001;33.43;1;1951778309197008137;B
20241105;103004;33.43;3;1951778309197008138;B
20241105;103005;33.42;2;1951778309197008139;S
20241105;103008;33.42;1;1951778309197008140;B
20241105;103012;33.42;4;1951778309197008141;B
20241105;103024;33.42;10;1951778309197008142;B
20241105;103029;33.41;15;1951778309197008143;S
20241105;103029;33.41;5;1951778309197008144;S
20241105;103036;33.42;3;1951778309197008145;B
20241105;103036;33.42;7;1951778309197008146;B
20241105;103039;33.41;1;1951778309197008147;S
20241105;103042;33.41;14;1951778309197008148;S
20241105;103042;33.41;1;1951778309197008149;S
20241105;103042;33.41;3;1951778309197008150;S
20241105;103042;33.41;1;1951778309197008151;S
20241105;103042;33.41;6;1951778309197008156;S
20241105;103042;33.41;2;1951778309197008161;S
20241105;103042;33.41;129;1951778309197008166;S
20241105;103042;33.41;63;1951778309197008167;S
20241105;103042;33.41;2;1951778309197008168;S
20241105;103042;33.41;38;1951778309197008169;S
20241105;103042;33.41;106;1951778309197008170;S
20241105;103042;33.41;30;1951778309197008171;S
20241105;103047;33.41;1;1951778309197008172;S
20241105;103057;33.42;2;1951778309197008173;B
20241105;103057;33.42;3;1951778309197008174;B
20241105;103112;33.42;5;1951778309197008175;B
20241105;103120;33.41;15;1951778309197008176;S
20241105;103120;33.41;1;1951778309197008177;S
20241105;103120;33.41;21;1951778309197008182;S
20241105;103121;33.41;41;1951778309197008183;S
20241105;103121;33.41;41;1951778309197008184;S
20241105;103122;33.4;11;1951778309197008185;S
20241105;103122;33.4;4;1951778309197008186;S
20241105;103122;33.4;1;1951778309197008187;S
20241105;103122;33.4;3;1951778309197008188;S
20241105;103122;33.4;1;1951778309197008189;S
20241105;103122;33.4;2;1951778309197008190;S
20241105;103122;33.4;18;1951778309197008191;S
20241105;103122;33.4;1;1951778309197008192;S
20241105;103122;33.4;1;1951778309197008193;S
20241105;103123;33.4;1;1951778309197008194;S
20241105;103123;33.4;2;1951778309197008195;S
20241105;103123;33.4;1;1951778309197008196;S
20241105;103123;33.4;1;1951778309197008197;S
20241105;103123;33.4;11;1951778309197008198;S
20241105;103123;33.4;17;1951778309197008199;S
20241105;103123;33.4;7;1951778309197008200;S
20241105;103124;33.4;1;1951778309197008201;S
20241105;103124;33.4;3;1951778309197008202;S
20241105;103125;33.4;155;1951778309197008203;S
20241105;103125;33.4;1;1951778309197008204;S
20241105;103125;33.4;1;1951778309197008205;S
20241105;103125;33.4;20;1951778309197008206;S
20241105;103125;33.4;1;1951778309197008207;S
20241105;103125;33.4;1;1951778309197008208;S
20241105;103125;33.4;15;1951778309197008209;S
20241105;103125;33.4;10;1951778309197008210;S
20241105;103125;33.4;1;1951778309197008211;S
20241105;103125;33.4;5;1951778309197008212;S
20241105;103125;33.4;1;1951778309197008213;S
20241105;103125;33.4;5;1951778309197008214;S
20241105;103125;33.4;4;1951778309197008215;S
20241105;103125;33.4;20;1951778309197008216;S
20241105;103125;33.4;1;1951778309197008217;S
20241105;103125;33.4;1;1951778309197008218;S
20241105;103125;33.4;1;1951778309197008219;S
20241105;103125;33.4;2;1951778309197008220;S
20241105;103125;33.4;20;1951778309197008221;S
20241105;103125;33.4;1;1951778309197008222;S
20241105;103125;33.4;1;1951778309197008223;S
20241105;103125;33.4;3;1951778309197008224;S
20241105;103125;33.4;1;1951778309197008225;S
20241105;103125;33.4;5;1951778309197008226;S
20241105;103125;33.4;1;1951778309197008227;S
20241105;103125;33.4;1;1951778309197008228;S
20241105;103125;33.4;2;1951778309197008229;S
20241105;103125;33.4;6;1951778309197008230;S
20241105;103125;33.4;23;1951778309197008231;S
20241105;103125;33.4;1;1951778309197008232;S
20241105;103125;33.4;10;1951778309197008233;S
20241105;103125;33.4;1;1951778309197008234;S
20241105;103125;33.39;3;1951778309197008235;S
20241105;103125;33.39;1;1951778309197008236;S
20241105;103126;33.39;10;1951778309197008238;S
20241105;103126;33.39;5;1951778309197008239;S
20241105;103127;33.39;1;1951778309197008240;S
20241105;103127;33.39;1;1951778309197008241;S
20241105;103127;33.39;1;1951778309197008242;S
20241105;103127;33.39;5;1951778309197008243;S
20241105;103127;33.39;2;1951778309197008244;S
20241105;103128;33.39;3;1951778309197008245;S
20241105;103128;33.39;3;1951778309197008246;S
20241105;103132;33.4;5;1951778309197008247;B
20241105;103133;33.39;88;1951778309197008248;S
20241105;103133;33.39;1;1951778309197008249;S
20241105;103133;33.39;1;1951778309197008250;S
20241105;103133;33.39;4;1951778309197008251;S
20241105;103133;33.39;10;1951778309197008252;S
20241105;103133;33.39;1;1951778309197008253;S
20241105;103133;33.39;2;1951778309197008254;S
20241105;103133;33.39;7;1951778309197008259;S
20241105;103133;33.39;1;1951778309197008260;S
20241105;103133;33.39;1;1951778309197008265;S
20241105;103133;33.39;1;1951778309197008270;S
20241105;103133;33.38;40;1951778309197008271;S
20241105;103133;33.38;20;1951778309197008272;S
20241105;103133;33.38;60;1951778309197008273;S
20241105;103133;33.38;5;1951778309197008274;S
20241105;103133;33.38;96;1951778309197008275;S
20241105;103133;33.38;1;1951778309197008276;S
20241105;103133;33.38;2;1951778309197008277;S
20241105;103133;33.38;20;1951778309197008278;S
20241105;103133;33.38;9;1951778309197008279;S
20241105;103133;33.38;10;1951778309197008280;S
20241105;103133;33.38;5;1951778309197008281;S
20241105;103133;33.38;4;1951778309197008282;S
20241105;103133;33.38;1;1951778309197008283;S
20241105;103133;33.38;2;1951778309197008288;S
20241105;103133;33.38;11;1951778309197008289;S
20241105;103133;33.38;1;1951778309197008290;S
20241105;103133;33.38;7;1951778309197008291;S
20241105;103133;33.38;150;1951778309197008292;S
20241105;103133;33.38;10;1951778309197008293;S
20241105;103133;33.38;30;1951778309197008294;S
20241105;103133;33.37;227;1951778309197008295;S
20241105;103133;33.37;10;1951778309197008296;S
20241105;103133;33.37;40;1951778309197008297;S
20241105;103133;33.37;60;1951778309197008298;S
20241105;103133;33.37;20;1951778309197008299;S
20241105;103133;33.37;5;1951778309197008300;S
20241105;103133;33.37;17;1951778309197008301;S
20241105;103133;33.37;1;1951778309197008302;S
20241105;103133;33.37;1;1951778309197008303;S
20241105;103133;33.37;2;1951778309197008304;S
20241105;103134;33.38;2;1951778309197008305;B
20241105;103134;33.37;2;1951778309197008306;S
20241105;103134;33.38;1;1951778309197008307;B
20241105;103134;33.37;1;1951778309197008308;S
20241105;103134;33.37;38;1951778309197008309;S
20241105;103134;33.37;3;1951778309197008310;S
20241105;103134;33.37;26;1951778309197008311;S
20241105;103135;33.37;2;1951778309197008312;S
20241105;103135;33.37;3;1951778309197008313;S
20241105;103135;33.37;1;1951778309197008314;S
20241105;103135;33.37;1;1951778309197008315;S
20241105;103135;33.37;22;1951778309197008316;S
20241105;103135;33.37;9;1951778309197008317;S
20241105;103135;33.37;4;1951778309197008318;S
20241105;103136;33.37;2;1951778309197008319;S
20241105;103136;33.37;1;1951778309197008320;S
20241105;103136;33.38;5;1951778309197008321;B
20241105;103137;33.38;1;1951778309197008322;B
20241105;103140;33.37;3;1951778309197008323;S
20241105;103140;33.37;12;1951778309197008324;S
20241105;103140;33.37;1;1951778309197008325;S
20241105;103140;33.37;1;1951778309197008326;S
20241105;103140;33.37;1;1951778309197008327;S
20241105;103140;33.37;1;1951778309197008332;S
20241105;103140;33.37;9;1951778309197008333;S
20241105;103140;33.37;1;1951778309197008334;S
20241105;103140;33.37;60;1951778309197008335;S
20241105;103140;33.37;40;1951778309197008336;S
20241105;103140;33.37;119;1951778309197008337;S
20241105;103144;33.38;3;1951778309197008338;B
20241105;103144;33.38;2;1951778309197008339;B
20241105;103147;33.37;5;1951778309197008340;S
20241105;103147;33.37;26;1951778309197008341;S
20241105;103147;33.37;29;1951778309197008342;S
20241105;103147;33.37;45;1951778309197008343;S
20241105;103148;33.37;1;1951778309197008344;S
20241105;103149;33.37;1;1951778309197008345;S
20241105;103151;33.37;25;1951778309197008348;S
20241105;103156;33.38;7;1951778309197008349;B
20241105;103156;33.38;35;1951778309197008350;B
20241105;103157;33.38;2;1951778309197008351;B
20241105;103158;33.38;5;1951778309197008352;B
20241105;103158;33.37;1;1951778309197008353;S
20241105;103202;33.37;1;1951778309197008354;S
20241105;103202;33.38;1;1951778309197008355;B
20241105;103203;33.38;1;1951778309197008356;B
20241105;103204;33.38;20;1951778309197008357;B
20241105;103207;33.38;7;1951778309197008358;B
20241105;103209;33.37;1;1951778309197008359;S
20241105;103212;33.37;2;1951778309197008360;S
20241105;103217;33.37;2;1951778309197008361;S
20241105;103222;33.38;1;1951778309197008362;B
20241105;103224;33.37;1;1951778309197008363;S
20241105;103229;33.37;4;1951778309197008365;S
20241105;103233;33.37;6;1951778309197008366;S
20241105;103234;33.38;1;1951778309197008368;B
20241105;103238;33.38;1;1951778309197008372;B
20241105;103240;33.37;6;1951778309197008373;S
20241105;103240;33.37;29;1951778309197008374;S
20241105;103240;33.37;1;1951778309197008375;S
20241105;103240;33.37;1;1951778309197008380;S
20241105;103240;33.37;150;1951778309197008381;S
20241105;103240;33.37;1;1951778309197008382;S
20241105;103240;33.37;9;1951778309197008383;S
20241105;103240;33.37;10;1951778309197008384;S
20241105;103240;33.37;7;1951778309197008385;S
20241105;103240;33.37;1;1951778309197008386;S
20241105;103240;33.37;60;1951778309197008387;S
20241105;103240;33.37;40;1951778309197008388;S
20241105;103245;33.36;1;1951778309197008389;S
20241105;103245;33.36;1;1951778309197008390;S
20241105;103246;33.36;1;1951778309197008391;S
20241105;103246;33.36;1;1951778309197008392;S
20241105;103247;33.37;150;1951778309197008393;B
20241105;103248;33.36;1;1951778309197008394;S
20241105;103248;33.36;9;1951778309197008395;S
20241105;103249;33.36;1;1951778309197008396;S
20241105;103251;33.36;30;1951778309197008397;S
20241105;103254;33.36;11;1951778309197008398;S
20241105;103256;33.36;18;1951778309197008399;S
20241105;103257;33.36;27;1951778309197008400;S
20241105;103257;33.36;8;1951778309197008401;S
20241105;103257;33.36;3;1951778309197008402;S
20241105;103257;33.36;1;1951778309197008403;S
20241105;103257;33.36;40;1951778309197008404;S
20241105;103257;33.36;3;1951778309197008405;S
20241105;103257;33.36;4;1951778309197008406;S
20241105;103257;33.36;1;1951778309197008407;S
20241105;103257;33.36;1;1951778309197008412;S
20241105;103257;33.36;6;1951778309197008413;S
20241105;103257;33.36;4;1951778309197008414;S
20241105;103257;33.36;1;1951778309197008415;S
20241105;103257;33.36;25;1951778309197008416;S
20241105;103257;33.36;14;1951778309197008417;S
20241105;103257;33.36;56;1951778309197008418;S
20241105;103300;33.36;13;1951778309197008419;S
20241105;103303;33.36;50;1951778309197008420;S
20241105;103304;33.36;1;1951778309197008421;S
20241105;103304;33.36;18;1951778309197008422;S
20241105;103305;33.36;1;1951778309197008423;S
20241105;103308;33.36;4;1951778309197008424;S
20241105;103308;33.36;1;1951778309197008425;S
20241105;103312;33.36;2;1951778309197008430;B
20241105;103313;33.36;3;1951778309197008431;B
20241105;103313;33.36;10;1951778309197008432;B
20241105;103313;33.36;9;1951778309197008433;B
20241105;103313;33.36;11;1951778309197008434;B
20241105;103313;33.36;67;1951778309197008435;B
20241105;103323;33.35;1;1951778309197008436;S
20241105;103323;33.35;2;1951778309197008437;S
20241105;103323;33.35;10;1951778309197008438;S
20241105;103323;33.35;10;1951778309197008439;S
20241105;103324;33.35;1;1951778309197008440;S
20241105;103324;33.35;1;1951778309197008441;S
20241105;103324;33.35;1;1951778309197008442;S
20241105;103324;33.35;2;1951778309197008443;S
20241105;103324;33.35;10;1951778309197008444;S
20241105;103329;33.36;1;1951778309197008445;B
20241105;103330;33.35;4;1951778309197008446;S
20241105;103332;33.35;2;1951778309197008447;S
20241105;103332;33.35;1;1951778309197008448;S
20241105;103333;33.35;3;1951778309197008449;S
20241105;103333;33.35;7;1951778309197008450;S
20241105;103336;33.35;1;1951778309197008451;S
20241105;103338;33.35;1;1951778309197008456;S
20241105;103338;33.35;1;1951778309197008457;S
20241105;103348;33.35;1;1951778309197008462;S
20241105;103350;33.35;2;1951778309197008467;S
20241105;103351;33.35;1;1951778309197008472;S
20241105;103351;33.35;1;1951778309197008477;S
20241105;103351;33.35;20;1951778309197008478;S
20241105;103351;33.35;2;1951778309197008479;S
20241105;103351;33.35;1;1951778309197008480;S
20241105;103351;33.35;25;1951778309197008481;S
20241105;103351;33.35;96;1951778309197008482;S
20241105;103351;33.35;1;1951778309197008483;S
20241105;103351;33.35;9;1951778309197008484;S
20241105;103351;33.35;1;1951778309197008485;S
20241105;103353;33.34;3;1951778309197008486;S
20241105;103353;33.34;2;1951778309197008487;S
20241105;103354;33.34;2;1951778309197008488;S
20241105;103354;33.34;2;1951778309197008489;S
20241105;103405;33.34;2;1951778309197008490;S
20241105;103405;33.34;7;1951778309197008491;S
20241105;103405;33.34;1;1951778309197008492;S
20241105;103405;33.34;1;1951778309197008493;S
20241105;103405;33.34;4;1951778309197008494;S
20241105;103405;33.34;7;1951778309197008495;S
20241105;103407;33.34;1;1951778309197008496;S
20241105;103411;33.34;2;1951778309197008497;S
20241105;103412;33.34;1;1951778309197008498;S
20241105;103419;33.34;9;1951778309197008499;S
20241105;103426;33.34;2;1951778309197008500;S
20241105;103426;33.34;1;1951778309197008501;S
20241105;103438;33.34;3;1951778309197008502;S
20241105;103438;33.34;1;1951778309197008503;S
20241105;103438;33.34;26;1951778309197008508;S
20241105;103440;33.35;150;1951778309197008509;B
20241105;103443;33.35;150;1951778309197008510;B
20241105;103444;33.35;5;1951778309197008511;B
20241105;103444;33.35;27;1951778309197008512;B
20241105;103444;33.34;70;1951778309197008513;S
20241105;103444;33.34;9;1951778309197008514;S
20241105;103444;33.34;1;1951778309197008515;S
20241105;103444;33.34;5;1951778309197008516;S
20241105;103444;33.34;1;1951778309197008517;S
20241105;103444;33.34;10;1951778309197008522;S
20241105;103444;33.34;29;1951778309197008523;S
20241105;103447;33.35;1;1951778309197008524;B
20241105;103447;33.35;3;1951778309197008525;B
20241105;103457;33.35;2;1951778309197008526;B
20241105;103510;33.35;15;1951778309197008527;B
20241105;103515;33.35;1;1951778309197008528;B
20241105;103516;33.35;2;1951778309197008529;B
20241105;103518;33.35;20;1951778309197008530;B
20241105;103519;33.34;1;1951778309197008531;S
20241105;103520;33.35;2;1951778309197008532;B
20241105;103521;33.35;1;1951778309197008533;B
20241105;103527;33.35;1;1951778309197008534;B
20241105;103536;33.35;2;1951778309197008535;B
20241105;103539;33.35;5;1951778309197008536;B
20241105;103540;33.34;12;1951778309197008537;S
20241105;103548;33.35;1;1951778309197008538;B
20241105;103551;33.34;1;1951778309197008539;S
20241105;103600;33.34;5;1951778309197008540;S
20241105;103601;33.35;1;1951778309197008541;B
20241105;103604;33.35;5;1951778309197008542;B
20241105;103611;33.35;1;1951778309197008543;B
20241105;103614;33.35;1;1951778309197008544;B
20241105;103616;33.35;1;1951778309197008545;B
20241105;103618;33.35;2;1951778309197008547;B
20241105;103618;33.35;1;1951778309197008552;B
20241105;103618;33.35;1;1951778309197008557;B
20241105;103618;33.35;1;1951778309197008562;B
20241105;103618;33.35;11;1951778309197008567;B
20241105;103618;33.35;1;1951778309197008572;B
20241105;103618;33.35;1;1951778309197008577;B
20241105;103618;33.35;1;1951778309197008582;B
20241105;103618;33.35;1;1951778309197008587;B
20241105;103618;33.35;1;1951778309197008592;B
20241105;103618;33.35;1;1951778309197008597;B
20241105;103618;33.35;1;1951778309197008602;B
20241105;103618;33.35;2;1951778309197008607;B
20241105;103618;33.35;3;1951778309197008612;B
20241105;103618;33.35;1;1951778309197008617;B
20241105;103618;33.35;1;1951778309197008622;B
20241105;103618;33.35;5;1951778309197008627;B
20241105;103618;33.35;3;1951778309197008632;B
20241105;103618;33.35;2;1951778309197008637;B
20241105;103618;33.35;2;1951778309197008642;B
20241105;103629;33.35;197;1951778309197008646;B
20241105;103633;33.35;1;1951778309197008647;B
20241105;103634;33.35;1;1951778309197008648;B
20241105;103634;33.35;1;1951778309197008649;B
20241105;103636;33.35;200;1951778309197008650;B
20241105;103649;33.35;149;1951778309197008651;B
20241105;103651;33.35;15;1951778309197008652;B
20241105;103656;33.35;2;1951778309197008654;B
20241105;103656;33.35;4;1951778309197008659;B
20241105;103656;33.35;4;1951778309197008664;B
20241105;103656;33.35;1;1951778309197008668;B
20241105;103659;33.34;2;1951778309197008669;S
20241105;103659;33.34;1;1951778309197008670;S
20241105;103659;33.34;2;1951778309197008671;S
20241105;103701;33.35;1;1951778309197008672;B
20241105;103714;33.34;1;1951778309197008673;S
20241105;103718;33.34;1;1951778309197008674;S
20241105;103721;33.35;2;1951778309197008675;B
20241105;103721;33.34;1;1951778309197008676;S
20241105;103721;33.34;2;1951778309197008677;S
20241105;103724;33.34;1;1951778309197008678;S
20241105;103724;33.34;1;1951778309197008679;S
20241105;103738;33.35;2;1951778309197008680;B
20241105;103738;33.35;8;1951778309197008681;B
20241105;103743;33.34;1;1951778309197008682;S
20241105;103746;33.35;1;1951778309197008683;B
20241105;103747;33.34;1;1951778309197008684;S
20241105;103751;33.35;1;1951778309197008685;B
20241105;103754;33.35;1;1951778309197008686;B
20241105;103757;33.34;1;1951778309197008687;S
20241105;103757;33.34;1;1951778309197008688;S
20241105;103800;33.34;1;1951778309197008689;S
20241105;103801;33.35;1;1951778309197008690;B
20241105;103803;33.35;8;1951778309197008691;B
20241105;103808;33.35;3;1951778309197008692;B
20241105;103809;33.34;1;1951778309197008693;S
20241105;103811;33.35;16;1951778309197008694;B
20241105;103815;33.34;1;1951778309197008695;S
20241105;103822;33.35;20;1951778309197008696;B
20241105;103852;33.35;13;1951778309197008697;B
20241105;103852;33.35;10;1951778309197008698;B
20241105;103852;33.35;20;1951778309197008699;B
20241105;103852;33.35;7;1951778309197008700;B
20241105;103853;33.35;2;1951778309197008701;B
20241105;103854;33.34;142;1951778309197008702;S
20241105;103854;33.34;96;1951778309197008703;S
20241105;103854;33.34;4;1951778309197008704;S
20241105;103854;33.34;9;1951778309197008705;S
20241105;103854;33.34;25;1951778309197008706;S
20241105;103854;33.34;1;1951778309197008707;S
20241105;103854;33.34;3;1951778309197008708;S
20241105;103854;33.34;1;1951778309197008709;S
20241105;103854;33.34;1;1951778309197008710;S
20241105;103854;33.34;5;1951778309197008711;S
20241105;103854;33.34;1;1951778309197008712;S
20241105;103854;33.34;1;1951778309197008713;S
20241105;103854;33.34;3;1951778309197008714;S
20241105;103854;33.34;1;1951778309197008715;S
20241105;103854;33.34;1;1951778309197008716;S
20241105;103855;33.33;7;1951778309197008717;S
20241105;103855;33.33;1;1951778309197008718;S
20241105;103855;33.33;1;1951778309197008719;S
20241105;103855;33.33;1;1951778309197008720;S
20241105;103856;33.33;3;1951778309197008721;S
20241105;103856;33.33;2;1951778309197008722;S
20241105;103857;33.34;150;1951778309197008723;B
20241105;103902;33.34;1;1951778309197008724;B
20241105;103903;33.34;2;1951778309197008725;B
20241105;103911;33.34;8;1951778309197008726;B
20241105;103913;33.34;1;1951778309197008727;B
20241105;103918;33.34;2;1951778309197008728;B
20241105;103925;33.34;1;1951778309197008729;B
20241105;103928;33.34;5;1951778309197008730;B
20241105;103935;33.33;1;1951778309197008731;S
20241105;103935;33.33;7;1951778309197008732;S
20241105;103935;33.33;2;1951778309197008733;S
20241105;103945;33.33;24;1951778309197008734;S
20241105;103946;33.33;10;1951778309197008735;S
20241105;103956;33.33;15;1951778309197008736;S
20241105;103957;33.33;5;1951778309197008737;S
20241105;103959;33.33;1;1951778309197008738;S
20241105;104001;33.34;1;1951778309197008739;B
20241105;104003;33.33;5;1951778309197008740;S
20241105;104005;33.34;1;1951778309197008741;B
20241105;104008;33.33;4;1951778309197008742;S
20241105;104011;33.34;5;1951778309197008743;B
20241105;104013;33.33;5;1951778309197008744;S
20241105;104016;33.34;1;1951778309197008745;B
20241105;104020;33.33;1;1951778309197008746;S
20241105;104048;33.34;1;1951778309197008748;B
20241105;104049;33.33;5;1951778309197008752;S
20241105;104051;33.33;5;1951778309197008753;S
20241105;104055;33.33;1;1951778309197008754;S
20241105;104059;33.33;3;1951778309197008755;S
20241105;104100;33.33;1;1951778309197008756;S
20241105;104104;33.33;20;1951778309197008757;S
20241105;104110;33.33;1;1951778309197008758;S
20241105;104117;33.33;10;1951778309197008759;S
20241105;104117;33.33;6;1951778309197008760;S
20241105;104117;33.33;1;1951778309197008761;S
20241105;104117;33.33;4;1951778309197008762;S
20241105;104117;33.33;3;1951778309197008763;S
20241105;104117;33.33;1;1951778309197008764;S
20241105;104117;33.33;1;1951778309197008765;S
20241105;104117;33.33;1;1951778309197008766;S
20241105;104117;33.33;5;1951778309197008767;S
20241105;104117;33.33;3;1951778309197008768;S
20241105;104121;33.33;2;1951778309197008769;S
20241105;104121;33.33;5;1951778309197008770;S
20241105;104121;33.33;3;1951778309197008771;S
20241105;104121;33.33;1;1951778309197008772;S
20241105;104121;33.33;10;1951778309197008773;S
20241105;104121;33.33;1;1951778309197008774;S
20241105;104121;33.33;1;1951778309197008775;S
20241105;104121;33.33;5;1951778309197008776;S
20241105;104121;33.33;1;1951778309197008777;S
20241105;104121;33.33;10;1951778309197008778;S
20241105;104121;33.33;1;1951778309197008779;S
20241105;104121;33.33;10;1951778309197008780;S
20241105;104121;33.33;60;1951778309197008781;S
20241105;104121;33.33;1;1951778309197008782;S
20241105;104121;33.33;3;1951778309197008783;S
20241105;104121;33.33;1;1951778309197008784;S
