<DATE>;<TIME>;<LAST>;<VOL>;<ID>;<OPER>
20241028;095922;20358;43;2024680302395265904;B
20241028;095922;20358;32;2024680302395265905;B
20241028;095922;20358;61;2024680302395265906;B
20241028;095922;20358;139;2024680302395265907;B
20241028;095922;20358;288;2024680302395265908;B
20241028;095922;20358;53;2024680302395265909;B
20241028;095922;20358;1;2024680302395265910;B
20241028;095922;20358;46;2024680302395265911;B
20241028;095922;20358;100;2024680302395265912;B
20241028;095922;20358;27;2024680302395265913;B
20241028;095922;20358;1;2024680302395265914;B
20241028;095922;20358;6;2024680302395265915;B
20241028;095922;20358;2;2024680302395265916;B
20241028;095922;20358;1;2024680302395265917;B
20241028;095922;20358;1;2024680302395265918;B
20241028;095922;20358;1;2024680302395265919;B
20241028;095922;20358;1;2024680302395265920;B
20241028;095922;20358;1;2024680302395265921;B
20241028;095922;20358;1;2024680302395265922;B
20241028;095922;20358;10;2024680302395265923;B
20241028;095922;20331;3;2024680302395265924;B
20241028;095922;20332;4;2024680302395265929;B
20241028;095922;20338;6;2024680302395265934;B
20241028;095922;20338;1;2024680302395265939;B
20241028;095922;20338;2;2024680302395265944;B
20241028;095922;20343;4;2024680302395265949;B
20241028;095922;20331;1;2024680302395265954;B
20241028;095922;20343;3;2024680302395265959;B
20241028;095922;20343;2;2024680302395265964;B
20241028;095922;20357;1;2024680302395265969;B
20241028;100000;20361;1;2024680302395265974;B
20241028;100000;20365;2;2024680302395265975;B
20241028;100000;20365;1;2024680302395265976;B
20241028;100000;20358;12;2024680302395265977;S
20241028;100000;20358;50;2024680302395265978;S
20241028;100000;20358;60;2024680302395265979;S
20241028;100000;20358;35;2024680302395265980;S
20241028;100000;20358;12;2024680302395265981;S
20241028;100000;20358;50;2024680302395265982;S
20241028;100000;20357;53;2024680302395265983;S
20241028;100000;20357;50;2024680302395265984;S
20241028;100000;20357;12;2024680302395265985;S
20241028;100000;20356;50;2024680302395265986;S
20241028;100000;20356;12;2024680302395265987;S
20241028;100000;20355;50;2024680302395265988;S
20241028;100000;20355;12;2024680302395265989;S
20241028;100000;20354;12;2024680302395265990;S
20241028;100000;20354;50;2024680302395265991;S
20241028;100000;20353;3;2024680302395265992;S
20241028;100000;20363;12;2024680302395265993;S
20241028;100000;20363;95;2024680302395265994;S
20241028;100000;20363;7;2024680302395265995;S
20241028;100000;20363;43;2024680302395265996;S
20241028;100000;20363;12;2024680302395265997;S
20241028;100000;20363;49;2024680302395265998;S
20241028;100000;20365;2;2024680302395265999;B
20241028;100000;20365;1;2024680302395266000;B
20241028;100000;20371;50;2024680302395266001;B
20241028;100000;20372;1;2024680302395266002;B
20241028;100000;20374;1;2024680302395266007;B
20241028;100000;20382;50;2024680302395266008;B
20241028;100000;20383;50;2024680302395266009;B
20241028;100000;20384;1;2024680302395266010;B
20241028;100000;20384;50;2024680302395266011;B
20241028;100001;20363;1;2024680302395266012;S
20241028;100004;20375;1;2024680302395266013;B
20241028;100004;20375;1;2024680302395266014;B
20241028;100004;20375;49;2024680302395266015;B
20241028;100004;20375;15;2024680302395266016;B
20241028;100004;20375;15;2024680302395266017;B
20241028;100004;20385;1;2024680302395266018;B
20241028;100004;20389;2;2024680302395266019;B
20241028;100004;20390;8;2024680302395266020;B
20241028;100004;20390;3;2024680302395266021;B
20241028;100005;20390;11;2024680302395266022;B
20241028;100005;20390;1;2024680302395266023;B
20241028;100005;20395;1;2024680302395266024;B
20241028;100005;20400;1;2024680302395266025;B
20241028;100005;20401;20;2024680302395266026;B
20241028;100005;20401;1;2024680302395266027;B
20241028;100005;20404;1;2024680302395266028;S
20241028;100005;20402;24;2024680302395266029;S
20241028;100006;20402;10;2024680302395266030;S
20241028;100007;20402;1;2024680302395266031;S
20241028;100007;20402;1;2024680302395266032;S
20241028;100009;20406;1;2024680302395266033;B
20241028;100009;20407;1;2024680302395266034;B
20241028;100009;20410;1;2024680302395266035;B
20241028;100009;20412;1;2024680302395266036;B
20241028;100009;20413;1;2024680302395266041;B
20241028;100009;20413;1;2024680302395266042;B
20241028;100009;20417;1;2024680302395266043;B
20241028;100009;20422;1;2024680302395266044;B
20241028;100009;20404;1;2024680302395266045;S
20241028;100011;20410;1;2024680302395266046;S
20241028;100011;20410;10;2024680302395266047;S
20241028;100013;20412;4;2024680302395266048;S
20241028;100014;20425;1;2024680302395266049;B
20241028;100014;20427;1;2024680302395266050;B
20241028;100014;20427;1;2024680302395266051;B
20241028;100014;20428;1;2024680302395266052;B
20241028;100014;20428;6;2024680302395266057;B
20241028;100015;20431;1;2024680302395266062;B
20241028;100015;20433;1;2024680302395266067;B
20241028;100015;20437;3;2024680302395266068;B
20241028;100020;20424;1;2024680302395266069;S
20241028;100020;20421;1;2024680302395266070;S
20241028;100020;20411;1;2024680302395266071;S
20241028;100020;20411;3;2024680302395266072;S
20241028;100020;20411;3;2024680302395266073;S
20241028;100021;20419;4;2024680302395266074;B
20241028;100022;20419;1;2024680302395266075;B
20241028;100022;20419;5;2024680302395266076;B
20241028;100023;20420;1;2024680302395266077;B
20241028;100023;20417;1;2024680302395266078;S
20241028;100023;20411;2;2024680302395266079;S
20241028;100024;20412;55;2024680302395266080;B
20241028;100024;20425;1;2024680302395266081;B
20241028;100024;20427;1;2024680302395266082;B
20241028;100024;20434;4;2024680302395266083;B
20241028;100024;20437;14;2024680302395266084;B
20241028;100030;20424;1;2024680302395266085;S
20241028;100031;20412;1;2024680302395266086;S
20241028;100031;20411;9;2024680302395266087;S
20241028;100035;20412;10;2024680302395266088;B
20241028;100035;20413;16;2024680302395266089;B
20241028;100037;20411;3;2024680302395266093;S
20241028;100037;20411;1;2024680302395266097;S
20241028;100039;20413;4;2024680302395266098;B
20241028;100040;20411;4;2024680302395266100;S
20241028;100040;20411;3;2024680302395266105;S
20241028;100041;20413;5;2024680302395266109;B
20241028;100041;20413;3;2024680302395266110;B
20241028;100041;20413;47;2024680302395266111;S
20241028;100041;20411;70;2024680302395266112;S
20241028;100041;20410;33;2024680302395266113;S
20241028;100049;20413;55;2024680302395266114;S
20241028;100049;20410;119;2024680302395266115;S
20241028;100052;20401;1;2024680302395266116;S
20241028;100052;20401;5;2024680302395266117;S
20241028;100052;20401;4;2024680302395266118;S
20241028;100057;20401;1;2024680302395266119;S
20241028;100057;20400;45;2024680302395266120;S
20241028;100057;20400;30;2024680302395266121;S
20241028;100057;20400;140;2024680302395266122;S
20241028;100057;20400;1;2024680302395266123;S
20241028;100057;20397;2;2024680302395266124;S
20241028;100057;20388;8;2024680302395266125;S
20241028;100104;20396;1;2024680302395266126;S
20241028;100106;20400;1;2024680302395266127;B
20241028;100106;20400;25;2024680302395266128;S
20241028;100108;20400;72;2024680302395266129;S
20241028;100110;20400;5;2024680302395266130;S
20241028;100110;20400;12;2024680302395266131;S
20241028;100110;20400;95;2024680302395266132;S
20241028;100112;20396;103;2024680302395266133;B
20241028;100113;20396;103;2024680302395266134;B
20241028;100115;20395;2;2024680302395266135;B
20241028;100115;20395;70;2024680302395266136;B
20241028;100115;20396;4;2024680302395266137;B
20241028;100116;20400;8;2024680302395266138;B
20241028;100118;20399;29;2024680302395266139;S
20241028;100118;20399;12;2024680302395266140;S
20241028;100118;20399;2;2024680302395266141;S
20241028;100123;20399;29;2024680302395266142;B
20241028;100123;20400;30;2024680302395266143;B
20241028;100123;20400;2;2024680302395266144;B
20241028;100123;20401;19;2024680302395266145;B
20241028;100123;20401;1;2024680302395266146;B
20241028;100123;20401;22;2024680302395266151;B
20241028;100124;20400;1;2024680302395266152;S
20241028;100124;20400;95;2024680302395266153;S
20241028;100124;20400;12;2024680302395266154;S
20241028;100124;20400;50;2024680302395266155;S
20241028;100127;20392;1;2024680302395266156;S
20241028;100132;20394;37;2024680302395266157;S
20241028;100139;20399;1;2024680302395266158;B
20241028;100140;20394;20;2024680302395266159;S
20241028;100143;20398;4;2024680302395266160;B
20241028;100143;20399;1;2024680302395266161;B
20241028;100147;20397;2;2024680302395266164;B
20241028;100150;20399;8;2024680302395266165;B
20241028;100150;20395;12;2024680302395266166;S
20241028;100150;20395;89;2024680302395266167;S
20241028;100152;20398;1;2024680302395266168;B
20241028;100157;20399;50;2024680302395266169;B
20241028;100157;20400;147;2024680302395266170;B
20241028;100158;20396;5;2024680302395266171;S
20241028;100158;20400;100;2024680302395266172;B
20241028;100159;20399;49;2024680302395266173;B
20241028;100159;20400;51;2024680302395266174;B
20241028;100159;20400;100;2024680302395266175;B
20241028;100159;20400;200;2024680302395266176;B
20241028;100200;20400;44;2024680302395266177;B
20241028;100200;20400;50;2024680302395266178;B
20241028;100200;20400;500;2024680302395266179;B
20241028;100201;20400;2;2024680302395266181;S
20241028;100201;20400;4;2024680302395266182;S
20241028;100201;20400;12;2024680302395266183;S
20241028;100201;20400;4;2024680302395266184;S
20241028;100202;20400;1;2024680302395266185;S
20241028;100205;20401;48;2024680302395266186;B
20241028;100206;20402;10;2024680302395266187;S
20241028;100207;20402;34;2024680302395266188;S
20241028;100217;20411;12;2024680302395266189;B
20241028;100219;20404;1;2024680302395266190;S
20241028;100223;20406;1;2024680302395266192;S
20241028;100224;20409;2;2024680302395266197;S
20241028;100226;20409;6;2024680302395266198;S
20241028;100236;20410;2;2024680302395266199;B
20241028;100242;20410;47;2024680302395266200;B
20241028;100242;20410;33;2024680302395266201;B
20241028;100245;20410;5;2024680302395266202;B
20241028;100247;20410;2;2024680302395266203;B
20241028;100247;20410;8;2024680302395266204;B
20241028;100249;20410;2;2024680302395266205;B
20241028;100250;20410;1;2024680302395266206;B
20241028;100250;20410;9;2024680302395266207;B
20241028;100251;20409;7;2024680302395266208;S
20241028;100256;20410;2;2024680302395266209;B
20241028;100257;20410;1;2024680302395266210;B
20241028;100257;20410;1;2024680302395266211;B
20241028;100257;20411;32;2024680302395266212;B
20241028;100300;20409;5;2024680302395266213;S
20241028;100300;20410;12;2024680302395266214;B
20241028;100300;20410;21;2024680302395266215;B
20241028;100300;20411;67;2024680302395266216;B
20241028;100300;20409;30;2024680302395266217;S
20241028;100301;20410;12;2024680302395266218;B
20241028;100301;20410;4;2024680302395266219;B
20241028;100303;20410;9;2024680302395266220;B
20241028;100313;20409;4;2024680302395266221;S
20241028;100315;20410;1;2024680302395266229;B
20241028;100315;20410;2;2024680302395266230;B
20241028;100315;20410;2;2024680302395266231;B
20241028;100315;20410;2;2024680302395266235;B
20241028;100315;20410;2;2024680302395266237;B
20241028;100316;20410;2;2024680302395266238;B
20241028;100316;20410;2;2024680302395266240;B
20241028;100316;20410;2;2024680302395266242;B
20241028;100322;20410;10;2024680302395266243;B
20241028;100323;20409;10;2024680302395266244;S
20241028;100326;20409;1;2024680302395266245;S
20241028;100328;20409;10;2024680302395266246;S
20241028;100336;20410;4;2024680302395266249;B
20241028;100339;20409;10;2024680302395266251;S
20241028;100340;20410;21;2024680302395266253;B
20241028;100340;20410;25;2024680302395266254;B
20241028;100340;20410;10;2024680302395266255;B
20241028;100340;20411;1;2024680302395266256;B
20241028;100340;20411;1;2024680302395266257;B
20241028;100340;20411;42;2024680302395266258;B
20241028;100343;20409;10;2024680302395266259;S
20241028;100344;20409;5;2024680302395266260;S
20241028;100344;20409;2;2024680302395266261;S
20241028;100353;20408;3;2024680302395266262;S
20241028;100401;20409;5;2024680302395266263;B
20241028;100401;20409;2;2024680302395266264;B
20241028;100401;20409;2;2024680302395266265;B
20241028;100401;20409;3;2024680302395266266;B
20241028;100401;20409;1;2024680302395266267;B
20241028;100403;20409;1;2024680302395266268;S
20241028;100408;20410;4;2024680302395266269;B
20241028;100408;20410;2;2024680302395266270;B
20241028;100408;20410;3;2024680302395266271;B
20241028;100408;20410;1;2024680302395266272;B
20241028;100408;20410;3;2024680302395266273;B
20241028;100413;20410;5;2024680302395266274;B
20241028;100417;20409;4;2024680302395266275;S
20241028;100418;20410;2;2024680302395266276;B
20241028;100418;20411;1;2024680302395266277;B
20241028;100418;20411;7;2024680302395266278;B
20241028;100420;20411;3;2024680302395266279;B
20241028;100421;20414;1;2024680302395266280;B
20241028;100421;20414;1;2024680302395266281;B
20241028;100449;20413;10;2024680302395266282;S
20241028;100459;20414;9;2024680302395266283;B
20241028;100511;20415;1;2024680302395266284;S
20241028;100514;20416;1;2024680302395266285;B
20241028;100521;20418;11;2024680302395266286;B
20241028;100522;20417;1;2024680302395266287;S
20241028;100523;20418;1;2024680302395266288;B
20241028;100526;20417;3;2024680302395266289;S
20241028;100526;20417;20;2024680302395266290;S
20241028;100526;20417;10;2024680302395266291;S
20241028;100528;20417;24;2024680302395266292;S
20241028;100529;20417;1;2024680302395266293;S
20241028;100529;20417;16;2024680302395266294;S
20241028;100529;20417;11;2024680302395266295;S
20241028;100530;20418;2;2024680302395266296;B
20241028;100532;20417;10;2024680302395266297;S
20241028;100533;20417;5;2024680302395266298;S
20241028;100533;20418;1;2024680302395266299;B
20241028;100536;20416;1;2024680302395266300;S
20241028;100542;20417;1;2024680302395266302;S
20241028;100542;20417;1;2024680302395266306;S
20241028;100609;20418;5;2024680302395266307;B
20241028;100610;20417;1;2024680302395266308;S
20241028;100612;20418;2;2024680302395266309;B
20241028;100615;20417;5;2024680302395266310;S
20241028;100623;20417;3;2024680302395266311;S
20241028;100626;20419;1;2024680302395266312;B
20241028;100626;20419;5;2024680302395266313;B
20241028;100639;20418;5;2024680302395266314;B
20241028;100639;20418;12;2024680302395266315;B
20241028;100639;20419;6;2024680302395266316;B
20241028;100706;20417;4;2024680302395266318;S
20241028;100715;20418;10;2024680302395266322;B
20241028;100715;20417;1;2024680302395266323;S
20241028;100731;20419;1;2024680302395266324;B
20241028;100755;20417;2;2024680302395266325;S
20241028;100757;20420;2;2024680302395266326;B
20241028;100757;20420;1;2024680302395266327;B
20241028;100757;20420;1;2024680302395266328;B
20241028;100757;20420;1;2024680302395266329;B
20241028;100758;20421;5;2024680302395266330;B
20241028;100809;20421;7;2024680302395266331;B
20241028;100829;20420;80;2024680302395266332;B
20241028;100838;20420;31;2024680302395266333;B
20241028;100846;20420;45;2024680302395266334;B
20241028;100851;20421;5;2024680302395266335;B
20241028;100851;20421;1;2024680302395266336;B
20241028;100851;20421;4;2024680302395266337;B
20241028;100852;20421;8;2024680302395266338;B
20241028;100907;20421;3;2024680302395266339;S
20241028;100907;20421;12;2024680302395266340;S
20241028;100916;20422;5;2024680302395266341;B
20241028;100935;20422;5;2024680302395266342;B
20241028;100944;20422;1;2024680302395266343;S
20241028;100951;20424;1;2024680302395266344;B
20241028;101002;20425;1;2024680302395266345;B
20241028;101002;20427;4;2024680302395266346;B
20241028;101002;20429;1;2024680302395266351;B
20241028;101002;20430;2;2024680302395266352;B
20241028;101002;20430;1;2024680302395266353;B
20241028;101004;20430;5;2024680302395266354;S
20241028;101014;20431;1;2024680302395266355;B
20241028;101014;20432;1;2024680302395266356;B
20241028;101014;20432;4;2024680302395266357;B
20241028;101020;20432;1;2024680302395266358;S
20241028;101026;20432;5;2024680302395266359;S
20241028;101030;20432;30;2024680302395266360;S
20241028;101034;20433;4;2024680302395266361;B
20241028;101036;20433;8;2024680302395266362;B
20241028;101036;20433;25;2024680302395266363;B
20241028;101046;20435;1;2024680302395266364;B
20241028;101046;20435;10;2024680302395266365;B
20241028;101046;20436;3;2024680302395266366;B
20241028;101051;20436;2;2024680302395266367;B
20241028;101051;20437;1;2024680302395266368;B
20241028;101051;20438;1;2024680302395266369;B
20241028;101051;20438;1;2024680302395266370;B
20241028;101051;20439;5;2024680302395266371;B
20241028;101053;20435;10;2024680302395266372;S
20241028;101054;20438;2;2024680302395266375;S
20241028;101102;20439;60;2024680302395266376;B
20241028;101102;20439;14;2024680302395266377;B
20241028;101105;20438;20;2024680302395266378;S
20241028;101107;20438;1;2024680302395266379;S
20241028;101107;20438;9;2024680302395266380;S
20241028;101110;20439;47;2024680302395266381;B
20241028;101111;20439;40;2024680302395266382;B
20241028;101123;20439;15;2024680302395266383;B
20241028;101134;20438;5;2024680302395266384;S
20241028;101134;20439;1;2024680302395266385;B
20241028;101135;20439;18;2024680302395266386;B
20241028;101135;20439;5;2024680302395266387;B
20241028;101135;20439;23;2024680302395266392;B
20241028;101137;20438;5;2024680302395266393;S
20241028;101143;20438;1;2024680302395266394;S
20241028;101153;20438;33;2024680302395266395;S
20241028;101153;20438;3;2024680302395266396;S
20241028;101200;20438;2;2024680302395266397;S
20241028;101203;20438;1;2024680302395266398;S
20241028;101220;20438;1;2024680302395266399;S
20241028;101221;20438;1;2024680302395266400;S
20241028;101222;20438;20;2024680302395266401;S
20241028;101248;20439;66;2024680302395266402;B
20241028;101248;20439;12;2024680302395266403;B
20241028;101248;20439;10;2024680302395266404;B
20241028;101248;20439;32;2024680302395266405;B
20241028;101252;20439;5;2024680302395266406;B
20241028;101257;20438;4;2024680302395266407;S
20241028;101257;20438;1;2024680302395266409;S
20241028;101304;20439;1;2024680302395266413;B
20241028;101323;20438;1;2024680302395266414;S
20241028;101327;20439;2;2024680302395266415;B
20241028;101328;20439;10;2024680302395266416;B
20241028;101328;20439;1;2024680302395266417;B
20241028;101328;20439;15;2024680302395266418;B
20241028;101328;20439;10;2024680302395266419;B
20241028;101328;20439;1;2024680302395266420;B
20241028;101328;20440;63;2024680302395266421;B
20241028;101328;20438;1;2024680302395266422;S
20241028;101330;20440;12;2024680302395266423;B
20241028;101330;20438;1;2024680302395266425;S
20241028;101355;20439;1;2024680302395266429;S
20241028;101355;20439;11;2024680302395266430;S
20241028;101402;20439;1;2024680302395266432;S
20241028;101406;20440;10;2024680302395266436;B
20241028;101406;20440;10;2024680302395266437;B
20241028;101410;20439;2;2024680302395266438;S
20241028;101422;20440;5;2024680302395266439;B
20241028;101442;20440;2;2024680302395266440;B
20241028;101444;20439;2;2024680302395266441;S
20241028;101500;20440;1;2024680302395266442;B
20241028;101507;20440;10;2024680302395266443;B
20241028;101509;20439;10;2024680302395266444;S
20241028;101512;20440;2;2024680302395266445;B
20241028;101512;20440;3;2024680302395266446;B
20241028;101512;20440;1;2024680302395266447;B
20241028;101512;20440;2;2024680302395266448;B
20241028;101512;20440;1;2024680302395266449;B
20241028;101512;20440;5;2024680302395266450;B
20241028;101512;20440;1;2024680302395266451;B
20241028;101512;20441;1;2024680302395266452;B
20241028;101512;20441;15;2024680302395266457;B
20241028;101512;20441;1;2024680302395266458;B
20241028;101512;20442;1;2024680302395266463;B
20241028;101512;20442;15;2024680302395266464;B
20241028;101512;20443;1;2024680302395266465;B
20241028;101512;20444;1;2024680302395266470;B
20241028;101512;20444;11;2024680302395266471;B
20241028;101512;20444;3;2024680302395266472;B
20241028;101512;20445;2;2024680302395266473;B
20241028;101512;20445;5;2024680302395266474;B
20241028;101512;20445;4;2024680302395266475;B
20241028;101512;20447;50;2024680302395266476;B
20241028;101512;20447;4;2024680302395266477;B
20241028;101512;20448;1;2024680302395266478;B
20241028;101512;20448;50;2024680302395266479;B
20241028;101512;20448;4;2024680302395266480;B
20241028;101512;20449;2;2024680302395266481;B
20241028;101512;20449;4;2024680302395266482;B
20241028;101512;20449;15;2024680302395266483;B
20241028;101512;20449;10;2024680302395266484;B
20241028;101513;20449;2;2024680302395266485;B
20241028;101513;20450;5;2024680302395266486;B
20241028;101513;20450;5;2024680302395266487;B
20241028;101513;20450;1;2024680302395266488;B
20241028;101513;20450;1;2024680302395266489;B
20241028;101513;20450;5;2024680302395266490;B
20241028;101513;20450;1;2024680302395266491;B
20241028;101513;20450;1;2024680302395266492;B
20241028;101513;20450;4;2024680302395266493;B
20241028;101513;20450;2;2024680302395266494;B
20241028;101513;20450;12;2024680302395266495;B
20241028;101513;20451;12;2024680302395266496;B
20241028;101513;20451;1;2024680302395266497;B
20241028;101513;20451;3;2024680302395266502;B
20241028;101513;20452;12;2024680302395266503;B
20241028;101513;20452;1;2024680302395266504;B
20241028;101513;20452;3;2024680302395266505;B
20241028;101513;20453;1;2024680302395266506;B
20241028;101513;20453;12;2024680302395266507;B
20241028;101513;20453;3;2024680302395266508;B
20241028;101513;20454;50;2024680302395266509;B
20241028;101513;20454;12;2024680302395266510;B
20241028;101513;20454;3;2024680302395266511;B
20241028;101513;20455;5;2024680302395266512;B
20241028;101513;20455;42;2024680302395266513;B
20241028;101513;20451;1;2024680302395266514;S
20241028;101513;20455;5;2024680302395266515;B
20241028;101514;20451;1;2024680302395266516;S
20241028;101514;20451;5;2024680302395266517;S
20241028;101514;20451;3;2024680302395266518;S
20241028;101515;20454;2;2024680302395266520;S
20241028;101517;20455;1;2024680302395266521;B
20241028;101528;20454;10;2024680302395266524;S
20241028;101532;20453;1;2024680302395266525;S
20241028;101532;20452;1;2024680302395266526;S
20241028;101532;20451;18;2024680302395266527;S
20241028;101533;20451;2;2024680302395266528;S
20241028;101533;20451;10;2024680302395266529;S
20241028;101535;20445;10;2024680302395266530;S
20241028;101547;20449;40;2024680302395266531;S
20241028;101547;20445;4;2024680302395266532;S
20241028;101547;20445;50;2024680302395266533;S
20241028;101547;20445;4;2024680302395266534;S
20241028;101547;20445;302;2024680302395266535;S
20241028;101551;20453;12;2024680302395266536;B
20241028;101551;20453;28;2024680302395266537;B
20241028;101600;20453;10;2024680302395266539;B
20241028;101600;20453;1;2024680302395266544;B
20241028;101600;20453;1;2024680302395266552;B
20241028;101600;20453;1;2024680302395266557;B
20241028;101600;20453;1;2024680302395266563;B
20241028;101600;20453;1;2024680302395266568;B
20241028;101600;20453;1;2024680302395266573;B
20241028;101600;20453;3;2024680302395266578;B
20241028;101600;20453;1;2024680302395266583;B
20241028;101600;20453;1;2024680302395266588;B
20241028;101600;20453;1;2024680302395266593;B
20241028;101600;20453;12;2024680302395266598;B
20241028;101601;20453;33;2024680302395266602;B
20241028;101601;20453;50;2024680302395266603;B
20241028;101601;20453;12;2024680302395266604;B
20241028;101601;20454;12;2024680302395266605;B
20241028;101601;20454;50;2024680302395266606;B
20241028;101601;20454;5;2024680302395266607;B
20241028;101601;20454;40;2024680302395266608;B
20241028;101601;20455;6;2024680302395266609;B
20241028;101601;20455;3;2024680302395266610;B
20241028;101601;20455;50;2024680302395266611;B
20241028;101601;20455;5;2024680302395266612;B
20241028;101601;20455;1;2024680302395266613;B
20241028;101601;20455;9;2024680302395266614;B
20241028;101605;20453;10;2024680302395266615;S
20241028;101614;20453;1;2024680302395266616;S
20241028;101620;20453;5;2024680302395266617;S
20241028;101623;20454;50;2024680302395266618;B
20241028;101623;20454;1;2024680302395266619;B
20241028;101623;20454;12;2024680302395266620;B
20241028;101623;20454;1;2024680302395266621;B
20241028;101623;20455;12;2024680302395266622;B
20241028;101623;20455;50;2024680302395266623;B
20241028;101623;20455;5;2024680302395266624;B
20241028;101623;20456;12;2024680302395266625;B
20241028;101623;20456;3;2024680302395266626;B
20241028;101623;20456;50;2024680302395266627;B
20241028;101623;20457;1;2024680302395266628;B
20241028;101623;20457;5;2024680302395266629;B
20241028;101623;20457;12;2024680302395266630;B
20241028;101623;20457;3;2024680302395266631;B
20241028;101623;20457;50;2024680302395266632;B
20241028;101623;20458;12;2024680302395266633;B
20241028;101623;20458;50;2024680302395266634;B
20241028;101623;20458;3;2024680302395266635;B
20241028;101623;20458;168;2024680302395266636;B
20241028;101624;20453;1;2024680302395266637;S
20241028;101626;20453;1;2024680302395266638;S
20241028;101655;20458;10;2024680302395266639;B
20241028;101658;20458;2;2024680302395266640;S
20241028;101700;20458;2;2024680302395266644;S
20241028;101700;20458;2;2024680302395266645;S
20241028;101704;20458;1;2024680302395266646;S
20241028;101704;20458;46;2024680302395266647;S
20241028;101710;20457;3;2024680302395266648;B
20241028;101710;20452;3;2024680302395266649;S
20241028;101711;20457;1;2024680302395266650;B
20241028;101722;20452;2;2024680302395266652;S
20241028;101737;20453;1;2024680302395266653;B
20241028;101741;20450;1;2024680302395266654;S
20241028;101752;20449;1;2024680302395266658;S
20241028;101754;20449;1;2024680302395266659;S
20241028;101759;20451;2;2024680302395266660;B
20241028;101759;20451;1;2024680302395266661;B
20241028;101803;20451;1;2024680302395266662;B
20241028;101816;20448;50;2024680302395266663;B
20241028;101816;20452;10;2024680302395266664;B
20241028;101816;20452;3;2024680302395266665;B
20241028;101816;20452;55;2024680302395266666;B
20241028;101816;20453;1;2024680302395266667;B
20241028;101816;20453;1;2024680302395266668;B
20241028;101816;20453;3;2024680302395266669;B
20241028;101816;20453;12;2024680302395266670;B
20241028;101816;20454;2;2024680302395266671;B
20241028;101816;20454;4;2024680302395266672;B
20241028;101816;20454;12;2024680302395266673;B
20241028;101816;20455;3;2024680302395266674;B
20241028;101816;20455;12;2024680302395266675;B
20241028;101816;20456;4;2024680302395266676;B
20241028;101816;20456;12;2024680302395266677;B
20241028;101816;20456;55;2024680302395266678;B
20241028;101816;20456;50;2024680302395266679;B
20241028;101816;20457;8;2024680302395266680;B
20241028;101816;20457;4;2024680302395266681;B
20241028;101816;20457;20;2024680302395266682;B
20241028;101816;20457;50;2024680302395266683;B
20241028;101816;20458;53;2024680302395266684;B
20241028;101816;20458;12;2024680302395266685;B
20241028;101816;20458;4;2024680302395266686;B
20241028;101816;20458;50;2024680302395266687;B
20241028;101816;20458;9;2024680302395266688;S
20241028;101841;20447;3;2024680302395266689;S
20241028;101857;20447;5;2024680302395266690;S
20241028;101858;20447;4;2024680302395266691;S
20241028;101858;20447;13;2024680302395266692;S
20241028;101858;20447;8;2024680302395266693;S
20241028;101916;20447;31;2024680302395266694;S
20241028;101917;20447;2;2024680302395266695;S
20241028;101948;20447;1;2024680302395266697;S
20241028;102011;20453;2;2024680302395266701;B
20241028;102015;20449;12;2024680302395266702;S
20241028;102015;20449;13;2024680302395266703;S
20241028;102017;20449;2;2024680302395266704;S
20241028;102023;20449;7;2024680302395266705;S
20241028;102050;20449;73;2024680302395266706;S
20241028;102050;20449;50;2024680302395266707;S
20241028;102050;20449;12;2024680302395266708;S
20241028;102050;20448;12;2024680302395266709;S
20241028;102050;20448;3;2024680302395266710;S
20241028;102050;20448;30;2024680302395266711;S
20241028;102056;20453;1;2024680302395266712;B
20241028;102113;20453;3;2024680302395266713;B
20241028;102114;20453;1;2024680302395266715;B
20241028;102124;20453;7;2024680302395266721;B
20241028;102124;20453;4;2024680302395266722;B
20241028;102124;20453;17;2024680302395266723;S
20241028;102125;20454;6;2024680302395266724;B
20241028;102125;20454;3;2024680302395266725;B
20241028;102125;20454;2;2024680302395266726;B
20241028;102139;20454;1;2024680302395266730;B
20241028;102139;20454;2;2024680302395266735;B
20241028;102139;20454;2;2024680302395266740;B
20241028;102139;20454;2;2024680302395266745;B
20241028;102139;20454;3;2024680302395266750;B
20241028;102139;20454;3;2024680302395266755;B
20241028;102153;20453;122;2024680302395266759;S
20241028;102156;20446;10;2024680302395266760;S
20241028;102204;20450;10;2024680302395266761;B
20241028;102213;20448;2;2024680302395266762;S
20241028;102221;20448;2;2024680302395266763;S
20241028;102226;20448;10;2024680302395266764;S
20241028;102229;20448;5;2024680302395266765;S
20241028;102238;20450;1;2024680302395266767;B
20241028;102238;20450;9;2024680302395266772;B
20241028;102238;20450;1;2024680302395266777;B
20241028;102244;20449;4;2024680302395266781;S
20241028;102244;20449;1;2024680302395266782;S
20241028;102247;20449;12;2024680302395266783;S
20241028;102247;20449;8;2024680302395266784;S
20241028;102251;20449;5;2024680302395266785;S
20241028;102254;20450;2;2024680302395266786;B
20241028;102259;20449;4;2024680302395266787;S
20241028;102322;20450;1;2024680302395266788;B
20241028;102328;20450;1;2024680302395266790;B
20241028;102338;20450;1;2024680302395266794;B
20241028;102341;20450;1;2024680302395266795;B
20241028;102410;20450;1;2024680302395266796;B
20241028;102415;20449;3;2024680302395266797;S
20241028;102415;20448;1;2024680302395266798;S
20241028;102448;20446;2;2024680302395266799;S
20241028;102448;20446;8;2024680302395266800;S
20241028;102458;20446;2;2024680302395266801;S
20241028;102502;20446;2;2024680302395266802;S
20241028;102519;20442;1;2024680302395266805;S
20241028;102519;20442;1;2024680302395266810;S
20241028;102519;20442;10;2024680302395266815;S
20241028;102519;20442;7;2024680302395266820;S
20241028;102520;20442;2;2024680302395266824;S
20241028;102523;20445;1;2024680302395266825;B
20241028;102523;20446;24;2024680302395266826;B
20241028;102528;20445;3;2024680302395266827;S
20241028;102528;20442;9;2024680302395266828;S
20241028;102542;20444;2;2024680302395266829;S
20241028;102544;20444;1;2024680302395266830;S
20241028;102545;20444;10;2024680302395266831;S
20241028;102547;20444;1;2024680302395266832;S
20241028;102555;20443;10;2024680302395266833;S
20241028;102601;20442;1;2024680302395266835;S
20241028;102615;20442;19;2024680302395266839;S
20241028;102615;20442;12;2024680302395266840;S
20241028;102615;20441;39;2024680302395266841;S
20241028;102617;20441;11;2024680302395266842;S
20241028;102617;20441;4;2024680302395266843;S
20241028;102617;20441;5;2024680302395266844;S
20241028;102631;20441;7;2024680302395266845;S
20241028;102631;20441;13;2024680302395266846;S
20241028;102638;20441;37;2024680302395266847;S
20241028;102638;20441;40;2024680302395266848;S
20241028;102644;20441;1;2024680302395266849;B
20241028;102644;20441;10;2024680302395266850;B
20241028;102644;20441;6;2024680302395266851;B
20241028;102644;20441;3;2024680302395266852;B
20241028;102644;20441;22;2024680302395266853;B
20241028;102644;20441;1;2024680302395266854;B
20241028;102711;20440;1;2024680302395266855;S
20241028;102711;20440;2;2024680302395266856;S
20241028;102714;20439;10;2024680302395266857;S
20241028;102740;20439;10;2024680302395266858;S
20241028;102749;20439;30;2024680302395266859;S
20241028;102749;20439;12;2024680302395266860;S
20241028;102749;20439;8;2024680302395266861;S
20241028;102811;20438;2;2024680302395266862;S
20241028;102815;20438;1;2024680302395266863;S
20241028;102821;20438;37;2024680302395266864;S
20241028;102821;20438;13;2024680302395266865;S
20241028;102834;20437;2;2024680302395266866;S
20241028;102841;20438;5;2024680302395266867;S
20241028;102841;20438;5;2024680302395266868;S
20241028;102843;20437;1;2024680302395266869;S
20241028;102853;20436;1;2024680302395266870;S
20241028;102858;20436;5;2024680302395266871;S
20241028;102904;20436;1;2024680302395266872;S
20241028;102912;20436;43;2024680302395266873;S
20241028;102912;20436;7;2024680302395266874;S
20241028;102926;20437;1;2024680302395266875;S
20241028;102936;20437;1;2024680302395266876;S
20241028;102947;20438;7;2024680302395266877;B
20241028;102952;20438;3;2024680302395266878;S
20241028;102956;20438;10;2024680302395266879;S
20241028;103030;20437;50;2024680302395266880;S
20241028;103129;20436;1;2024680302395266881;S
20241028;103129;20436;9;2024680302395266882;S
20241028;103140;20434;10;2024680302395266883;S
20241028;103142;20434;2;2024680302395266884;S
20241028;103142;20434;1;2024680302395266885;S
20241028;103143;20434;1;2024680302395266886;S
20241028;103147;20434;8;2024680302395266887;S
20241028;103151;20438;1;2024680302395266889;B
20241028;103151;20438;2;2024680302395266894;B
20241028;103151;20438;2;2024680302395266899;B
20241028;103151;20438;2;2024680302395266904;B
20241028;103154;20434;2;2024680302395266908;S
20241028;103209;20434;1;2024680302395266909;S
20241028;103237;20438;40;2024680302395266910;B
20241028;103243;20434;10;2024680302395266911;S
20241028;103311;20435;10;2024680302395266912;S
20241028;103311;20434;15;2024680302395266913;S
20241028;103311;20434;6;2024680302395266914;S
20241028;103324;20434;34;2024680302395266916;S
20241028;103324;20433;29;2024680302395266917;S
20241028;103336;20433;3;2024680302395266919;S
20241028;103336;20433;5;2024680302395266924;S
20241028;103336;20433;5;2024680302395266929;S
20241028;103336;20431;50;2024680302395266930;S
20241028;103336;20431;10;2024680302395266931;S
20241028;103336;20430;27;2024680302395266932;S
20241028;103355;20431;4;2024680302395266933;S
20241028;103356;20431;1;2024680302395266934;S
20241028;103357;20431;35;2024680302395266935;S
20241028;103357;20430;12;2024680302395266936;S
20241028;103418;20427;10;2024680302395266937;S
20241028;103419;20427;40;2024680302395266938;S
20241028;103419;20427;12;2024680302395266939;S
20241028;103419;20427;4;2024680302395266940;S
20241028;103419;20427;24;2024680302395266945;S
20241028;103419;20427;20;2024680302395266946;S
20241028;103419;20426;3;2024680302395266947;S
20241028;103424;20427;1;2024680302395266948;S
20241028;103426;20427;1;2024680302395266949;S
20241028;103438;20425;1;2024680302395266950;S
20241028;103443;20423;5;2024680302395266951;S
20241028;103447;20424;5;2024680302395266953;S
20241028;103456;20427;1;2024680302395266954;B
20241028;103500;20425;12;2024680302395266955;S
20241028;103500;20425;13;2024680302395266956;S
20241028;103502;20425;1;2024680302395266957;S
20241028;103503;20425;5;2024680302395266959;S
20241028;103509;20425;2;2024680302395266964;S
20241028;103516;20427;9;2024680302395266965;B
20241028;103516;20427;30;2024680302395266966;B
20241028;103518;20427;10;2024680302395266967;S
20241028;103537;20430;3;2024680302395266969;B
20241028;103537;20430;1;2024680302395266970;B
20241028;103537;20430;2;2024680302395266971;B
20241028;103537;20430;5;2024680302395266972;B
20241028;103545;20430;1;2024680302395266973;S
20241028;103551;20430;3;2024680302395266974;S
20241028;103552;20434;1;2024680302395266975;B
20241028;103554;20434;7;2024680302395266976;B
20241028;103600;20431;3;2024680302395266977;S
20241028;103610;20429;20;2024680302395266978;S
20241028;103630;20429;2;2024680302395266979;S
20241028;103635;20431;5;2024680302395266980;S
20241028;103652;20433;2;2024680302395266982;B
20241028;103656;20429;1;2024680302395266986;S
20241028;103742;20430;12;2024680302395266987;S
20241028;103742;20429;2;2024680302395266988;S
20241028;103742;20429;50;2024680302395266989;S
20241028;103742;20429;40;2024680302395266990;S
20241028;103742;20429;12;2024680302395266991;S
20241028;103742;20428;5;2024680302395266992;S
20241028;103742;20428;50;2024680302395266993;S
20241028;103742;20428;12;2024680302395266994;S
20241028;103742;20428;17;2024680302395266995;S
20241028;103753;20429;1;2024680302395266996;S
20241028;103754;20429;18;2024680302395266997;S
20241028;103758;20433;2;2024680302395266998;B
20241028;103800;20428;6;2024680302395266999;S
20241028;103825;20433;8;2024680302395267000;B
20241028;103825;20433;8;2024680302395267001;B
20241028;103825;20433;7;2024680302395267002;B
20241028;103830;20433;2;2024680302395267003;B
20241028;103920;20429;1;2024680302395267004;S
20241028;104017;20428;1;2024680302395267005;B
20241028;104029;20428;1;2024680302395267006;B
20241028;104030;20427;1;2024680302395267007;S
20241028;104041;20425;12;2024680302395267008;S
20241028;104041;20425;1;2024680302395267009;S
20241028;104041;20424;5;2024680302395267010;S
20241028;104041;20424;8;2024680302395267011;S
20241028;104042;20425;1;2024680302395267012;S
20241028;104055;20424;10;2024680302395267013;S
20241028;104055;20426;1;2024680302395267014;B
20241028;104055;20427;4;2024680302395267015;B
20241028;104055;20427;9;2024680302395267016;B
20241028;104055;20427;20;2024680302395267017;B
20241028;104055;20428;66;2024680302395267018;B
20241028;104113;20427;1;2024680302395267019;B
20241028;104130;20423;40;2024680302395267020;S
20241028;104130;20422;8;2024680302395267021;S
20241028;104130;20422;452;2024680302395267022;S
20241028;104200;20427;1;2024680302395267023;B
20241028;104212;20427;1;2024680302395267024;B
20241028;104259;20421;1;2024680302395267025;S
20241028;104313;20421;5;2024680302395267027;S
20241028;104316;20421;6;2024680302395267028;S
20241028;104316;20421;12;2024680302395267029;S
20241028;104331;20422;1;2024680302395267030;S
20241028;104350;20422;9;2024680302395267031;S
20241028;104359;20420;2;2024680302395267032;S
20241028;104418;20419;2;2024680302395267033;S
20241028;104457;20422;1;2024680302395267034;B
20241028;104459;20422;1;2024680302395267035;B
20241028;104459;20422;1;2024680302395267036;B
20241028;104510;20424;4;2024680302395267037;S
20241028;104614;20423;10;2024680302395267038;S
20241028;104651;20423;2;2024680302395267039;S
20241028;104651;20423;5;2024680302395267040;S
20241028;104735;20424;5;2024680302395267041;S
20241028;104735;20424;2;2024680302395267042;S
20241028;104735;20424;2;2024680302395267043;S
20241028;104741;20424;3;2024680302395267044;S
20241028;104802;20425;1;2024680302395267045;S
20241028;104802;20425;1;2024680302395267046;S
20241028;104815;20424;5;2024680302395267047;S
20241028;104826;20424;1;2024680302395267048;S
20241028;104835;20424;5;2024680302395267049;S
20241028;104858;20427;5;2024680302395267050;B
20241028;105003;20425;1;2024680302395267053;S
20241028;105005;20425;2;2024680302395267054;S
20241028;105032;20425;2;2024680302395267055;S
20241028;105113;20425;5;2024680302395267056;S
20241028;105132;20426;2;2024680302395267057;B
20241028;105153;20426;5;2024680302395267058;B
20241028;105256;20422;11;2024680302395267059;S
20241028;105256;20417;5;2024680302395267060;S
20241028;105302;20418;3;2024680302395267065;S
20241028;105344;20417;2;2024680302395267066;S
20241028;105344;20417;4;2024680302395267071;S
20241028;105409;20417;3;2024680302395267072;S
20241028;105413;20417;2;2024680302395267073;S
20241028;105441;20417;1;2024680302395267074;S
20241028;105441;20417;1;2024680302395267075;S
20241028;105441;20416;1;2024680302395267076;S
20241028;105441;20415;6;2024680302395267081;S
20241028;105441;20415;10;2024680302395267082;S
20241028;105441;20415;1;2024680302395267083;S
20241028;105447;20416;1;2024680302395267084;S
20241028;105447;20416;7;2024680302395267085;S
20241028;105449;20415;2;2024680302395267086;S
20241028;105453;20415;2;2024680302395267087;S
20241028;105453;20414;2;2024680302395267088;S
20241028;105453;20413;2;2024680302395267089;S
20241028;105453;20413;2;2024680302395267094;S
20241028;105453;20413;10;2024680302395267099;S
20241028;105453;20413;10;2024680302395267104;S
20241028;105453;20413;5;2024680302395267109;S
20241028;105453;20413;5;2024680302395267114;S
20241028;105453;20413;1;2024680302395267119;S
20241028;105453;20413;1;2024680302395267124;S
20241028;105453;20413;1;2024680302395267129;S
20241028;105453;20413;3;2024680302395267134;S
20241028;105453;20413;20;2024680302395267135;S
20241028;105453;20413;24;2024680302395267136;S
20241028;105514;20413;1;2024680302395267141;S
20241028;105536;20413;2;2024680302395267142;S
20241028;105543;20421;1;2024680302395267145;B
20241028;105543;20421;1;2024680302395267150;B
20241028;105543;20421;1;2024680302395267155;B
20241028;105543;20421;1;2024680302395267160;B
20241028;105543;20421;15;2024680302395267165;B
20241028;105543;20421;2;2024680302395267170;B
20241028;105543;20421;2;2024680302395267175;B
20241028;105543;20426;2;2024680302395267180;B
20241028;105543;20426;2;2024680302395267185;B
20241028;105553;20413;1;2024680302395267189;S
20241028;105624;20413;1;2024680302395267190;S
20241028;105635;20415;2;2024680302395267195;S
20241028;105647;20415;1;2024680302395267196;S
20241028;105706;20418;5;2024680302395267197;S
20241028;105732;20421;1;2024680302395267198;S
20241028;105751;20421;33;2024680302395267199;S
20241028;105753;20423;1;2024680302395267200;B
20241028;105810;20423;10;2024680302395267201;B
20241028;105817;20423;1;2024680302395267202;B
20241028;105817;20424;1;2024680302395267203;B
20241028;105825;20421;1;2024680302395267204;S
20241028;105827;20424;1;2024680302395267205;B
20241028;105905;20421;2;2024680302395267207;S
20241028;105909;20424;1;2024680302395267208;B
20241028;105911;20424;14;2024680302395267209;B
20241028;105919;20424;2;2024680302395267210;B
20241028;105921;20424;10;2024680302395267211;B
20241028;105928;20424;10;2024680302395267212;B
20241028;105930;20420;6;2024680302395267213;S
20241028;105930;20420;4;2024680302395267214;S
20241028;110003;20413;10;2024680302395267215;S
20241028;110010;20413;2;2024680302395267216;S
20241028;110010;20413;2;2024680302395267217;S
20241028;110010;20413;3;2024680302395267218;S
20241028;110010;20413;10;2024680302395267219;S
20241028;110010;20413;5;2024680302395267220;S
20241028;110010;20413;3;2024680302395267221;S
20241028;110013;20414;12;2024680302395267222;S
20241028;110013;20414;16;2024680302395267223;S
20241028;110019;20413;2;2024680302395267224;S
20241028;110029;20413;10;2024680302395267225;S
20241028;110030;20421;2;2024680302395267226;B
20241028;110053;20421;3;2024680302395267227;B
20241028;110057;20421;25;2024680302395267228;B
20241028;110059;20421;4;2024680302395267229;B
20241028;110143;20413;2;2024680302395267230;S
20241028;110143;20412;3;2024680302395267231;S
20241028;110148;20413;1;2024680302395267233;B
20241028;110154;20412;3;2024680302395267234;S
20241028;110154;20411;1;2024680302395267235;S
20241028;110154;20411;1;2024680302395267240;S
20241028;110154;20411;1;2024680302395267245;S
20241028;110154;20411;1;2024680302395267250;S
20241028;110154;20411;10;2024680302395267255;S
20241028;110201;20410;1;2024680302395267260;S
20241028;110201;20410;1;2024680302395267265;S
20241028;110201;20410;1;2024680302395267270;S
20241028;110201;20410;1;2024680302395267275;S
20241028;110201;20410;1;2024680302395267280;S
20241028;110201;20410;1;2024680302395267285;S
20241028;110243;20408;1;2024680302395267290;S
20241028;110243;20408;5;2024680302395267291;S
20241028;110243;20408;44;2024680302395267292;S
20241028;110300;20407;2;2024680302395267293;B
20241028;110300;20407;20;2024680302395267294;B
20241028;110300;20408;1;2024680302395267295;B
20241028;110300;20409;12;2024680302395267296;B
20241028;110300;20409;2;2024680302395267297;B
20241028;110307;20409;7;2024680302395267298;S
20241028;110307;20409;2;2024680302395267299;S
20241028;110318;20402;6;2024680302395267300;S
20241028;110318;20402;1;2024680302395267301;S
20241028;110330;20401;1;2024680302395267306;S
20241028;110341;20401;1;2024680302395267307;S
20241028;110350;20402;3;2024680302395267308;B
20241028;110350;20402;17;2024680302395267309;B
20241028;110356;20402;2;2024680302395267310;B
20241028;110356;20402;3;2024680302395267311;B
20241028;110400;20402;2;2024680302395267312;B
20241028;110404;20401;3;2024680302395267313;S
20241028;110404;20400;1;2024680302395267314;S
20241028;110404;20400;6;2024680302395267315;S
20241028;110417;20400;12;2024680302395267316;S
20241028;110417;20400;2;2024680302395267317;S
20241028;110418;20401;9;2024680302395267318;S
20241028;110427;20400;10;2024680302395267319;S
20241028;110546;20402;10;2024680302395267320;B
20241028;110600;20399;6;2024680302395267321;S
20241028;110604;20399;3;2024680302395267322;S
20241028;110605;20399;2;2024680302395267323;S
20241028;110615;20398;1;2024680302395267324;S
20241028;110615;20399;1;2024680302395267325;B
20241028;110620;20400;6;2024680302395267326;B
20241028;110657;20405;2;2024680302395267329;B
20241028;110657;20406;50;2024680302395267330;B
20241028;110657;20407;8;2024680302395267331;B
20241028;110722;20407;15;2024680302395267332;B
20241028;110744;20406;1;2024680302395267334;B
20241028;110747;20405;2;2024680302395267335;S
20241028;110747;20405;2;2024680302395267336;S
20241028;110747;20400;1;2024680302395267337;S
20241028;110834;20400;5;2024680302395267339;B
20241028;110839;20400;5;2024680302395267340;B
20241028;110839;20400;3;2024680302395267341;B
20241028;110912;20399;3;2024680302395267342;S
20241028;110915;20396;12;2024680302395267343;B
20241028;110915;20396;38;2024680302395267344;B
20241028;110916;20397;1;2024680302395267345;B
20241028;110917;20398;12;2024680302395267346;B
20241028;110917;20398;8;2024680302395267347;B
20241028;110948;20397;1;2024680302395267348;B
20241028;110948;20397;2;2024680302395267349;B
20241028;110948;20397;12;2024680302395267350;B
20241028;110948;20398;2;2024680302395267351;B
20241028;110948;20398;12;2024680302395267352;B
20241028;111005;20400;7;2024680302395267353;B
20241028;111005;20400;3;2024680302395267354;B
20241028;111015;20398;1;2024680302395267355;S
20241028;111018;20400;2;2024680302395267356;B
20241028;111027;20399;2;2024680302395267357;S
20241028;111030;20399;5;2024680302395267358;S
20241028;111037;20399;1;2024680302395267359;S
20241028;111047;20401;1;2024680302395267360;B
20241028;111104;20399;2;2024680302395267361;S
20241028;111119;20400;1;2024680302395267362;B
20241028;111123;20400;1;2024680302395267363;B
20241028;111215;20406;10;2024680302395267364;B
20241028;111227;20406;2;2024680302395267365;B
20241028;111237;20406;2;2024680302395267366;B
20241028;111237;20406;2;2024680302395267367;B
20241028;111237;20406;2;2024680302395267368;B
20241028;111315;20407;1;2024680302395267369;B
20241028;111315;20408;2;2024680302395267374;B
20241028;111315;20408;1;2024680302395267375;B
20241028;111315;20409;2;2024680302395267380;B
20241028;111315;20409;1;2024680302395267381;B
20241028;111315;20409;4;2024680302395267382;B
20241028;111321;20410;1;2024680302395267387;B
20241028;111323;20407;9;2024680302395267392;S
20241028;111337;20408;1;2024680302395267393;B
20241028;111347;20407;3;2024680302395267398;S
20241028;111347;20407;1;2024680302395267399;S
20241028;111347;20407;1;2024680302395267400;B
20241028;111401;20407;5;2024680302395267401;S
20241028;111418;20407;1;2024680302395267402;S
20241028;111420;20409;1;2024680302395267403;B
20241028;111420;20409;2;2024680302395267408;B
20241028;111420;20409;2;2024680302395267413;B
20241028;111427;20408;1;2024680302395267418;S
20241028;111431;20410;2;2024680302395267419;B
20241028;111431;20410;3;2024680302395267424;B
20241028;111437;20409;2;2024680302395267429;B
20241028;111437;20409;1;2024680302395267434;B
20241028;111437;20409;9;2024680302395267439;B
20241028;111501;20412;2;2024680302395267444;B
20241028;111501;20412;1;2024680302395267445;B
20241028;111505;20411;2;2024680302395267446;S
20241028;111529;20414;2;2024680302395267447;B
20241028;111529;20415;1;2024680302395267448;B
20241028;111539;20417;5;2024680302395267453;S
20241028;111544;20416;1;2024680302395267454;S
20241028;111547;20416;3;2024680302395267455;S
20241028;111554;20416;1;2024680302395267456;S
20241028;111558;20419;10;2024680302395267457;B
20241028;111716;20420;8;2024680302395267458;B
20241028;111720;20418;5;2024680302395267459;S
20241028;111727;20420;2;2024680302395267460;B
20241028;111727;20420;1;2024680302395267461;B
20241028;111727;20420;1;2024680302395267466;B
20241028;111727;20420;1;2024680302395267471;B
20241028;111728;20420;2;2024680302395267473;S
20241028;111735;20424;3;2024680302395267477;B
20241028;111808;20425;1;2024680302395267478;B
20241028;111808;20425;3;2024680302395267479;B
20241028;111808;20425;5;2024680302395267480;B
20241028;111808;20425;7;2024680302395267481;B
20241028;111808;20426;2;2024680302395267482;B
20241028;111808;20426;12;2024680302395267483;B
20241028;111808;20427;12;2024680302395267484;B
20241028;111808;20428;7;2024680302395267485;B
20241028;111832;20423;1;2024680302395267486;S
20241028;111832;20429;1;2024680302395267487;B
20241028;111920;20426;12;2024680302395267488;S
20241028;111920;20426;4;2024680302395267489;S
20241028;111920;20426;4;2024680302395267490;S
20241028;112017;20430;1;2024680302395267491;B
20241028;112017;20430;1;2024680302395267492;B
20241028;112017;20430;100;2024680302395267493;B
20241028;112017;20432;20;2024680302395267494;B
20241028;112017;20432;3;2024680302395267495;B
20241028;112017;20433;20;2024680302395267496;B
20241028;112017;20433;3;2024680302395267497;B
20241028;112017;20434;22;2024680302395267498;B
20241028;112017;20434;3;2024680302395267499;B
20241028;112017;20434;12;2024680302395267500;B
20241028;112017;20435;12;2024680302395267501;B
20241028;112017;20435;2;2024680302395267502;B
20241028;112017;20435;1;2024680302395267503;B
20241028;112018;20435;3;2024680302395267504;B
20241028;112018;20435;12;2024680302395267505;B
20241028;112018;20436;4;2024680302395267506;B
20241028;112018;20436;12;2024680302395267507;B
20241028;112018;20437;50;2024680302395267508;B
20241028;112018;20437;12;2024680302395267509;B
20241028;112018;20437;4;2024680302395267510;B
20241028;112018;20438;1;2024680302395267511;B
20241028;112018;20438;2;2024680302395267512;B
20241028;112018;20438;50;2024680302395267513;B
20241028;112018;20438;12;2024680302395267514;B
20241028;112018;20438;4;2024680302395267515;B
20241028;112018;20438;1;2024680302395267516;B
20241028;112018;20438;1;2024680302395267517;B
20241028;112018;20438;9;2024680302395267518;B
20241028;112024;20436;2;2024680302395267519;B
20241028;112026;20433;1;2024680302395267520;S
20241028;112034;20434;1;2024680302395267521;B
20241028;112041;20434;11;2024680302395267522;B
20241028;112041;20434;1;2024680302395267523;B
20241028;112041;20434;39;2024680302395267524;B
20241028;112121;20434;13;2024680302395267525;S
20241028;112121;20434;9;2024680302395267526;S
20241028;112121;20434;7;2024680302395267527;S
20241028;112129;20434;4;2024680302395267528;S
20241028;112129;20434;11;2024680302395267529;S
20241028;112129;20431;4;2024680302395267530;S
20241028;112247;20432;20;2024680302395267532;S
20241028;112254;20431;2;2024680302395267533;S
20241028;112406;20431;14;2024680302395267536;S
20241028;112406;20431;6;2024680302395267537;S
20241028;112406;20431;14;2024680302395267538;S
20241028;112406;20431;5;2024680302395267539;S
20241028;112406;20430;20;2024680302395267540;S
20241028;112413;20428;18;2024680302395267541;S
20241028;112445;20425;2;2024680302395267542;S
20241028;112445;20425;1;2024680302395267543;S
20241028;112505;20424;1;2024680302395267545;S
20241028;112508;20424;9;2024680302395267549;S
20241028;112515;20426;1;2024680302395267551;S
20241028;112524;20426;1;2024680302395267555;S
20241028;112532;20426;10;2024680302395267556;S
20241028;112532;20426;38;2024680302395267557;S
20241028;112532;20426;20;2024680302395267558;S
20241028;112540;20425;1;2024680302395267559;S
20241028;112540;20425;2;2024680302395267560;S
20241028;112540;20425;2;2024680302395267561;B
20241028;112540;20425;5;2024680302395267562;B
20241028;112540;20426;3;2024680302395267563;B
20241028;112544;20425;1;2024680302395267564;B
20241028;112544;20425;2;2024680302395267565;B
20241028;112544;20425;5;2024680302395267566;B
20241028;112544;20425;1;2024680302395267567;B
20241028;112544;20425;1;2024680302395267568;B
20241028;112546;20425;2;2024680302395267569;B
20241028;112546;20425;1;2024680302395267570;B
20241028;112546;20425;2;2024680302395267571;B
20241028;112546;20425;2;2024680302395267572;B
20241028;112546;20425;2;2024680302395267577;B
20241028;112546;20424;1;2024680302395267578;B
20241028;112549;20425;5;2024680302395267579;B
20241028;112549;20425;5;2024680302395267580;B
20241028;112554;20425;2;2024680302395267581;B
20241028;112554;20425;2;2024680302395267582;B
20241028;112554;20425;1;2024680302395267583;B
20241028;112554;20425;5;2024680302395267584;B
20241028;112558;20420;3;2024680302395267585;S
20241028;112600;20426;4;2024680302395267586;B
20241028;112600;20426;5;2024680302395267587;B
20241028;112604;20426;5;2024680302395267588;B
20241028;112604;20426;1;2024680302395267589;B
20241028;112607;20426;5;2024680302395267590;B
20241028;112607;20426;5;2024680302395267591;B
20241028;112611;20426;2;2024680302395267592;B
20241028;112611;20426;2;2024680302395267593;B
20241028;112611;20426;1;2024680302395267594;B
20241028;112611;20427;2;2024680302395267599;B
20241028;112613;20430;2;2024680302395267604;B
20241028;112613;20430;3;2024680302395267605;B
20241028;112613;20430;4;2024680302395267606;B
20241028;112613;20430;1;2024680302395267607;B
20241028;112617;20429;1;2024680302395267608;B
20241028;112617;20429;5;2024680302395267609;B
20241028;112619;20429;5;2024680302395267610;B
20241028;112619;20429;1;2024680302395267611;B
20241028;112619;20429;2;2024680302395267612;B
20241028;112622;20430;5;2024680302395267613;B
20241028;112623;20430;5;2024680302395267614;B
20241028;112627;20430;2;2024680302395267615;B
20241028;112627;20430;2;2024680302395267616;B
20241028;112627;20430;1;2024680302395267617;B
20241028;112627;20430;5;2024680302395267618;B
20241028;112630;20431;5;2024680302395267619;B
20241028;112630;20431;5;2024680302395267620;B
20241028;112634;20432;5;2024680302395267621;B
20241028;112634;20432;5;2024680302395267622;B
20241028;112639;20432;5;2024680302395267623;B
20241028;112639;20432;5;2024680302395267624;B
20241028;112644;20432;5;2024680302395267625;B
20241028;112644;20432;5;2024680302395267626;B
20241028;112649;20432;5;2024680302395267627;B
20241028;112649;20432;5;2024680302395267628;B
20241028;112652;20432;4;2024680302395267629;B
20241028;112654;20432;4;2024680302395267630;B
20241028;112655;20432;5;2024680302395267631;B
20241028;112655;20432;5;2024680302395267632;B
20241028;112700;20432;4;2024680302395267633;B
20241028;112708;20432;18;2024680302395267634;B
20241028;112708;20434;30;2024680302395267635;B
20241028;112708;20434;3;2024680302395267636;B
20241028;112708;20436;3;2024680302395267637;B
20241028;112708;20436;50;2024680302395267638;B
20241028;112708;20436;12;2024680302395267639;B
20241028;112708;20437;3;2024680302395267640;B
20241028;112708;20437;50;2024680302395267641;B
20241028;112708;20437;12;2024680302395267642;B
20241028;112708;20437;1;2024680302395267643;B
20241028;112708;20437;18;2024680302395267644;B
20241028;112708;20437;12;2024680302395267645;B
20241028;112708;20438;3;2024680302395267646;B
20241028;112708;20438;20;2024680302395267647;B
20241028;112708;20438;50;2024680302395267648;B
20241028;112708;20438;12;2024680302395267649;B
20241028;112708;20438;3;2024680302395267650;B
20241028;112719;20439;1;2024680302395267651;B
20241028;112719;20439;1;2024680302395267652;B
20241028;112719;20439;4;2024680302395267653;B
20241028;112719;20440;3;2024680302395267654;B
20241028;112719;20440;1;2024680302395267655;B
20241028;112719;20440;5;2024680302395267660;B
20241028;112755;20439;1;2024680302395267665;B
20241028;112755;20439;2;2024680302395267670;B
20241028;112759;20438;12;2024680302395267671;S
20241028;112759;20438;14;2024680302395267672;S
20241028;112800;20439;3;2024680302395267673;B
20241028;112800;20440;2;2024680302395267674;B
20241028;112800;20440;5;2024680302395267679;B
20241028;112800;20440;2;2024680302395267680;B
20241028;112800;20441;8;2024680302395267681;B
20241028;112835;20441;5;2024680302395267682;S
20241028;112905;20441;7;2024680302395267683;S
20241028;112905;20441;1;2024680302395267684;S
20241028;112905;20441;1;2024680302395267685;S
20241028;112905;20441;1;2024680302395267686;S
20241028;112914;20441;1;2024680302395267687;S
20241028;112914;20441;9;2024680302395267688;S
20241028;112920;20440;1;2024680302395267690;S
20241028;112925;20440;10;2024680302395267694;S
20241028;112929;20440;1;2024680302395267695;S
20241028;112929;20440;1;2024680302395267696;S
20241028;112937;20436;12;2024680302395267697;S
20241028;112937;20436;8;2024680302395267698;S
20241028;112950;20438;5;2024680302395267699;S
20241028;113008;20438;7;2024680302395267700;S
20241028;113014;20437;12;2024680302395267701;S
20241028;113014;20437;17;2024680302395267702;S
20241028;113017;20437;71;2024680302395267703;B
20241028;113017;20438;2;2024680302395267704;B
20241028;113017;20438;2;2024680302395267705;B
20241028;113017;20440;20;2024680302395267706;B
20241028;113017;20440;2;2024680302395267707;B
20241028;113017;20441;36;2024680302395267708;B
20241028;113017;20441;2;2024680302395267709;B
20241028;113017;20442;1;2024680302395267710;B
20241028;113017;20442;2;2024680302395267711;B
20241028;113017;20442;1;2024680302395267712;B
20241028;113017;20442;60;2024680302395267713;B
20241028;113023;20441;12;2024680302395267714;B
20241028;113023;20442;8;2024680302395267715;B
20241028;113029;20441;2;2024680302395267716;B
20241028;113033;20441;10;2024680302395267717;B
20241028;113038;20441;2;2024680302395267718;B
20241028;113038;20441;3;2024680302395267719;B
20241028;113038;20441;1;2024680302395267724;B
20241028;113038;20441;5;2024680302395267729;B
20241028;113132;20438;3;2024680302395267730;S
20241028;113212;20440;1;2024680302395267731;S
20241028;113213;20442;2;2024680302395267732;B
20241028;113220;20441;1;2024680302395267733;S
20241028;113227;20441;1;2024680302395267734;S
20241028;113234;20441;1;2024680302395267735;S
20241028;113241;20441;1;2024680302395267736;S
20241028;113249;20441;1;2024680302395267737;S
20241028;113302;20441;1;2024680302395267738;S
20241028;113307;20441;1;2024680302395267740;S
20241028;113323;20442;3;2024680302395267744;B
20241028;113339;20441;3;2024680302395267745;S
20241028;113339;20439;12;2024680302395267746;S
20241028;113339;20438;9;2024680302395267747;S
20241028;113339;20438;2;2024680302395267748;S
20241028;113451;20434;1;2024680302395267749;S
20241028;113533;20437;1;2024680302395267750;S
20241028;113533;20437;12;2024680302395267751;S
20241028;113533;20437;45;2024680302395267752;S
20241028;113533;20436;12;2024680302395267753;S
20241028;113533;20435;50;2024680302395267754;S
20241028;113533;20435;12;2024680302395267755;S
20241028;113533;20435;20;2024680302395267756;S
20241028;113533;20434;12;2024680302395267757;S
20241028;113533;20434;50;2024680302395267758;S
20241028;113533;20433;12;2024680302395267759;S
20241028;113533;20433;50;2024680302395267760;S
20241028;113533;20433;124;2024680302395267761;S
20241028;113542;20437;9;2024680302395267762;B
20241028;113646;20437;1;2024680302395267763;B
20241028;113646;20437;2;2024680302395267764;B
20241028;113647;20437;4;2024680302395267765;B
20241028;113702;20437;5;2024680302395267766;B
20241028;113702;20437;2;2024680302395267767;B
20241028;113702;20437;4;2024680302395267768;B
20241028;113709;20435;1;2024680302395267769;S
20241028;113711;20435;15;2024680302395267770;S
20241028;113729;20435;5;2024680302395267771;S
20241028;113735;20438;3;2024680302395267772;B
20241028;113739;20437;2;2024680302395267773;S
20241028;113740;20438;21;2024680302395267774;B
20241028;113740;20438;2;2024680302395267775;B
20241028;113740;20439;1;2024680302395267776;B
20241028;113740;20440;176;2024680302395267781;B
20241028;113754;20440;40;2024680302395267782;B
20241028;113754;20440;55;2024680302395267783;B
20241028;113754;20440;40;2024680302395267784;B
20241028;113800;20440;2;2024680302395267786;B
20241028;113800;20439;5;2024680302395267787;S
20241028;113810;20440;20;2024680302395267788;B
20241028;113810;20440;20;2024680302395267789;B
20241028;113810;20440;20;2024680302395267790;B
20241028;113810;20440;20;2024680302395267791;B
20241028;113810;20440;7;2024680302395267792;B
20241028;113810;20440;1;2024680302395267793;B
20241028;113817;20441;2;2024680302395267798;B
20241028;113817;20441;1;2024680302395267799;B
20241028;113817;20441;4;2024680302395267804;B
20241028;113824;20442;12;2024680302395267809;B
20241028;113840;20442;14;2024680302395267810;B
20241028;113840;20442;1;2024680302395267811;B
20241028;113840;20442;2;2024680302395267812;B
20241028;113840;20442;1;2024680302395267813;B
20241028;113840;20442;36;2024680302395267814;B
20241028;113844;20442;40;2024680302395267815;B
20241028;113946;20441;1;2024680302395267816;S
20241028;114011;20441;99;2024680302395267817;S
20241028;114011;20441;1;2024680302395267818;S
20241028;114211;20442;20;2024680302395267819;B
20241028;114220;20442;65;2024680302395267820;B
20241028;114220;20442;20;2024680302395267821;B
20241028;114231;20444;2;2024680302395267822;B
20241028;114231;20444;13;2024680302395267823;B
20241028;114235;20444;5;2024680302395267824;B
20241028;114259;20444;2;2024680302395267825;B
20241028;114336;20444;1;2024680302395267826;B
20241028;114504;20444;1;2024680302395267827;B
20241028;114504;20444;2;2024680302395267828;B
20241028;114504;20445;18;2024680302395267829;B
20241028;114504;20445;5;2024680302395267830;B
20241028;114504;20445;1;2024680302395267831;B
20241028;114504;20445;1;2024680302395267832;B
20241028;114504;20445;1;2024680302395267833;B
20241028;114504;20445;2;2024680302395267838;B
20241028;114504;20445;20;2024680302395267839;B
20241028;114504;20445;1;2024680302395267840;B
20241028;114504;20445;2;2024680302395267841;B
20241028;114504;20446;12;2024680302395267842;B
20241028;114504;20446;2;2024680302395267843;B
20241028;114504;20447;1;2024680302395267844;B
20241028;114504;20447;2;2024680302395267849;B
20241028;114504;20447;12;2024680302395267850;B
20241028;114504;20448;1;2024680302395267851;B
20241028;114504;20448;1;2024680302395267852;B
20241028;114504;20448;1;2024680302395267857;B
20241028;114504;20448;4;2024680302395267858;B
20241028;114504;20448;10;2024680302395267859;B
20241028;114512;20442;20;2024680302395267860;S
20241028;114512;20442;2;2024680302395267861;S
20241028;114512;20442;12;2024680302395267862;S
20241028;114512;20442;40;2024680302395267863;S
20241028;114535;20441;1;2024680302395267864;S
20241028;114608;20442;7;2024680302395267865;B
20241028;114717;20441;1;2024680302395267866;S
20241028;114740;20441;3;2024680302395267867;S
20241028;114813;20442;10;2024680302395267868;B
20241028;114842;20441;94;2024680302395267869;S
20241028;114923;20440;3;2024680302395267870;B
20241028;114923;20438;1;2024680302395267871;S
20241028;114924;20438;15;2024680302395267872;S
20241028;114934;20440;9;2024680302395267873;B
20241028;114934;20440;6;2024680302395267874;B
20241028;115015;20438;1;2024680302395267875;S
20241028;115030;20438;3;2024680302395267876;S
20241028;115037;20439;2;2024680302395267877;B
20241028;115037;20439;12;2024680302395267878;B
20241028;115037;20439;95;2024680302395267879;B
20241028;115038;20440;12;2024680302395267880;B
20241028;115038;20440;95;2024680302395267881;B
20241028;115130;20440;10;2024680302395267882;S
20241028;115133;20441;6;2024680302395267883;B
20241028;115206;20441;8;2024680302395267884;S
20241028;115208;20442;5;2024680302395267885;B
20241028;115326;20441;10;2024680302395267886;S
20241028;115404;20441;2;2024680302395267887;S
20241028;115411;20441;2;2024680302395267889;S
20241028;115412;20441;66;2024680302395267893;S
20241028;115436;20441;1;2024680302395267895;S
20241028;115453;20441;2;2024680302395267899;S
20241028;115510;20442;2;2024680302395267900;B
20241028;115513;20441;2;2024680302395267901;S
20241028;115516;20441;5;2024680302395267902;S
20241028;115521;20442;2;2024680302395267903;B
20241028;115526;20441;2;2024680302395267904;S
20241028;115532;20442;1;2024680302395267905;B
20241028;115533;20442;10;2024680302395267906;B
20241028;115533;20441;2;2024680302395267907;S
20241028;115544;20442;2;2024680302395267908;B
20241028;115557;20442;2;2024680302395267909;B
20241028;115800;20441;56;2024680302395267910;S
20241028;115816;20441;4;2024680302395267911;S
20241028;115825;20442;5;2024680302395267912;B
20241028;115825;20442;1;2024680302395267913;B
20241028;115825;20442;12;2024680302395267914;B
20241028;115825;20442;1;2024680302395267915;B
20241028;115827;20443;12;2024680302395267916;B
20241028;115827;20443;12;2024680302395267917;B
20241028;115916;20446;5;2024680302395267918;B
20241028;115954;20445;1;2024680302395267919;B
20241028;120108;20443;1;2024680302395267920;S
20241028;120322;20444;2;2024680302395267922;S
20241028;120350;20445;10;2024680302395267923;B
20241028;120438;20443;1;2024680302395267924;S
20241028;120522;20443;2;2024680302395267925;S
20241028;120522;20443;6;2024680302395267926;S
20241028;120549;20441;1;2024680302395267927;S
20241028;120631;20440;2;2024680302395267928;B
20241028;120643;20438;5;2024680302395267933;S
20241028;120654;20438;1;2024680302395267934;S
20241028;120700;20438;9;2024680302395267935;S
20241028;120721;20432;40;2024680302395267936;S
20241028;120723;20433;10;2024680302395267937;S
20241028;120747;20438;4;2024680302395267938;B
20241028;120826;20436;5;2024680302395267939;B
20241028;120927;20432;1;2024680302395267940;S
20241028;121209;20433;12;2024680302395267941;S
20241028;121209;20433;1;2024680302395267942;S
20241028;121209;20433;7;2024680302395267943;S
20241028;121248;20433;5;2024680302395267944;S
20241028;121311;20431;1;2024680302395267945;S
20241028;121733;20434;1;2024680302395267946;S
20241028;121809;20433;1;2024680302395267947;S
20241028;121822;20433;109;2024680302395267948;S
20241028;121822;20432;21;2024680302395267949;S
20241028;122010;20431;3;2024680302395267950;S
20241028;122041;20432;1;2024680302395267951;S
20241028;122121;20433;2;2024680302395267952;B
20241028;122223;20433;2;2024680302395267953;B
20241028;122223;20433;12;2024680302395267954;B
20241028;122223;20433;1;2024680302395267955;B
20241028;122223;20433;1;2024680302395267956;B
20241028;122421;20432;49;2024680302395267957;S
20241028;122431;20431;6;2024680302395267958;S
20241028;122440;20433;5;2024680302395267959;B
20241028;122502;20431;1;2024680302395267960;S
20241028;122611;20433;3;2024680302395267961;B
20241028;122629;20433;2;2024680302395267962;B
20241028;122629;20435;24;2024680302395267963;B
20241028;122839;20431;13;2024680302395267964;S
20241028;122839;20431;13;2024680302395267965;S
20241028;122940;20431;2;2024680302395267966;S
20241028;123027;20431;11;2024680302395267967;S
20241028;123106;20431;24;2024680302395267968;S
20241028;123118;20430;2;2024680302395267969;S
20241028;123119;20430;2;2024680302395267970;S
20241028;123119;20423;1;2024680302395267971;S
20241028;123156;20422;1;2024680302395267976;S
20241028;123227;20421;1;2024680302395267977;S
20241028;123256;20429;1;2024680302395267979;B
20241028;123342;20430;5;2024680302395267986;S
20241028;123351;20430;1;2024680302395267987;S
20241028;123405;20430;2;2024680302395267988;S
20241028;123407;20435;6;2024680302395267989;B
20241028;123407;20435;9;2024680302395267990;B
20241028;123550;20436;1;2024680302395267991;B
20241028;123550;20436;2;2024680302395267992;B
20241028;123550;20439;1;2024680302395267993;B
20241028;123550;20439;6;2024680302395267994;B
20241028;123808;20439;1;2024680302395267995;B
20241028;123821;20439;2;2024680302395267996;S
20241028;123824;20440;2;2024680302395267997;B
20241028;123828;20440;1;2024680302395267998;B
20241028;123923;20439;1;2024680302395267999;S
20241028;123923;20439;1;2024680302395268000;S
20241028;123923;20439;6;2024680302395268001;S
20241028;124029;20440;47;2024680302395268002;B
20241028;124029;20442;1;2024680302395268003;B
20241028;124029;20442;2;2024680302395268004;B
20241028;124054;20441;100;2024680302395268005;B
20241028;124121;20442;3;2024680302395268006;B
20241028;124121;20442;10;2024680302395268007;B
20241028;124121;20442;2;2024680302395268008;B
20241028;124126;20444;2;2024680302395268009;B
20241028;124126;20444;5;2024680302395268010;B
20241028;124126;20444;1;2024680302395268011;B
20241028;124126;20444;2;2024680302395268016;B
20241028;124126;20444;12;2024680302395268017;B
20241028;124126;20445;5;2024680302395268018;B
20241028;124126;20445;5;2024680302395268019;B
20241028;124126;20445;3;2024680302395268020;B
20241028;124126;20445;7;2024680302395268021;B
20241028;124126;20445;20;2024680302395268022;B
20241028;124126;20445;1;2024680302395268023;B
20241028;124126;20445;50;2024680302395268024;B
20241028;124126;20445;20;2024680302395268025;B
20241028;124126;20445;12;2024680302395268026;B
20241028;124126;20445;5;2024680302395268027;B
20241028;124126;20446;3;2024680302395268028;B
20241028;124126;20446;1;2024680302395268029;B
20241028;124126;20446;1;2024680302395268034;B
20241028;124126;20446;45;2024680302395268039;B
20241028;124202;20443;1;2024680302395268040;S
20241028;124230;20442;1;2024680302395268041;S
20241028;124329;20444;2;2024680302395268042;B
20241028;124329;20444;38;2024680302395268043;B
20241028;124448;20443;2;2024680302395268044;B
20241028;124501;20442;1;2024680302395268045;S
20241028;124519;20443;2;2024680302395268046;S
20241028;124528;20442;3;2024680302395268047;S
20241028;124528;20442;2;2024680302395268048;S
20241028;124613;20442;1;2024680302395268049;S
20241028;124909;20440;1;2024680302395268050;S
20241028;125041;20441;2;2024680302395268052;B
20241028;125041;20441;3;2024680302395268053;B
20241028;125041;20441;2;2024680302395268054;B
20241028;125114;20442;1;2024680302395268055;B
20241028;125116;20443;1;2024680302395268056;B
20241028;125354;20443;1;2024680302395268057;B
20241028;125354;20443;1;2024680302395268058;B
20241028;125354;20443;3;2024680302395268059;B
20241028;125610;20441;1;2024680302395268061;S
20241028;125723;20441;3;2024680302395268062;S
20241028;125803;20442;9;2024680302395268063;B
20241028;125804;20442;5;2024680302395268064;B
20241028;125804;20442;6;2024680302395268065;B
20241028;125804;20442;2;2024680302395268066;B
20241028;125805;20442;3;2024680302395268067;B
20241028;125809;20441;8;2024680302395268068;S
20241028;125809;20441;1;2024680302395268069;S
20241028;125809;20441;1;2024680302395268070;S
20241028;125809;20441;20;2024680302395268071;S
20241028;125809;20440;7;2024680302395268072;S
20241028;125809;20440;12;2024680302395268073;S
20241028;125809;20440;40;2024680302395268074;S
20241028;125809;20440;37;2024680302395268075;B
20241028;125811;20440;40;2024680302395268076;B
20241028;125821;20439;3;2024680302395268077;S
20241028;125829;20440;34;2024680302395268078;B
20241028;125840;20444;62;2024680302395268079;B
20241028;125840;20444;20;2024680302395268080;B
20241028;125840;20444;5;2024680302395268081;B
20241028;125840;20444;1;2024680302395268082;B
20241028;125840;20444;12;2024680302395268083;B
20241028;125840;20445;1;2024680302395268084;B
20241028;125841;20443;2;2024680302395268085;S
20241028;125841;20443;3;2024680302395268086;S
20241028;125841;20443;1;2024680302395268087;S
20241028;125841;20443;1;2024680302395268088;S
20241028;125841;20443;1;2024680302395268089;S
20241028;125845;20443;2;2024680302395268090;S
20241028;125845;20443;1;2024680302395268091;S
20241028;125845;20443;1;2024680302395268092;S
20241028;125845;20443;1;2024680302395268093;S
20241028;125845;20442;3;2024680302395268094;S
20241028;125845;20443;2;2024680302395268095;S
20241028;125850;20443;5;2024680302395268096;S
20241028;125850;20443;4;2024680302395268097;S
20241028;125851;20443;1;2024680302395268098;S
20241028;125854;20442;5;2024680302395268099;S
20241028;125854;20442;1;2024680302395268100;S
20241028;125858;20442;5;2024680302395268101;S
20241028;125858;20442;5;2024680302395268102;S
20241028;125902;20443;5;2024680302395268103;S
20241028;125902;20443;1;2024680302395268104;S
20241028;125902;20443;4;2024680302395268105;S
20241028;125904;20443;5;2024680302395268106;S
20241028;125904;20443;5;2024680302395268107;S
20241028;125906;20443;56;2024680302395268108;S
20241028;125906;20442;21;2024680302395268109;S
20241028;125906;20442;12;2024680302395268110;S
20241028;125906;20441;12;2024680302395268111;S
20241028;125906;20441;5;2024680302395268112;S
20241028;125906;20441;94;2024680302395268113;S
20241028;125909;20442;2;2024680302395268114;S
20241028;125909;20442;5;2024680302395268115;S
20241028;125912;20442;5;2024680302395268116;S
20241028;125912;20442;1;2024680302395268117;S
20241028;125917;20442;5;2024680302395268118;S
20241028;125917;20442;5;2024680302395268119;S
20241028;125923;20441;2;2024680302395268120;S
20241028;125923;20441;3;2024680302395268121;S
20241028;125923;20441;1;2024680302395268122;S
20241028;125925;20441;1;2024680302395268123;S
20241028;125925;20441;5;2024680302395268124;S
20241028;125925;20441;3;2024680302395268125;S
20241028;125927;20441;10;2024680302395268126;S
20241028;125929;20442;5;2024680302395268127;S
20241028;125929;20442;5;2024680302395268128;S
20241028;125931;20446;5;2024680302395268129;B
20241028;125931;20446;5;2024680302395268130;B
20241028;125931;20446;12;2024680302395268131;B
20241028;125931;20447;2;2024680302395268132;B
20241028;125931;20447;5;2024680302395268133;B
20241028;125931;20447;11;2024680302395268134;B
20241028;125933;20443;5;2024680302395268135;S
20241028;125933;20443;5;2024680302395268136;S
20241028;125936;20443;5;2024680302395268137;S
20241028;125936;20443;5;2024680302395268138;S
20241028;125939;20442;5;2024680302395268139;S
20241028;125939;20442;5;2024680302395268140;S
20241028;125942;20442;5;2024680302395268141;S
20241028;125942;20442;5;2024680302395268142;S
20241028;125947;20442;5;2024680302395268143;S
20241028;125947;20442;5;2024680302395268144;S
20241028;125951;20443;5;2024680302395268145;S
20241028;125951;20443;5;2024680302395268146;S
20241028;125956;20443;5;2024680302395268147;S
20241028;125956;20443;5;2024680302395268148;S
20241028;130000;20443;5;2024680302395268149;S
20241028;130000;20443;4;2024680302395268150;S
20241028;130100;20446;3;2024680302395268151;B
20241028;130100;20447;1;2024680302395268152;B
20241028;130100;20447;3;2024680302395268157;B
20241028;130100;20447;4;2024680302395268158;B
20241028;130100;20448;3;2024680302395268159;B
20241028;130100;20448;3;2024680302395268160;B
20241028;130100;20449;3;2024680302395268161;B
20241028;130100;20449;11;2024680302395268162;B
20241028;130100;20449;5;2024680302395268163;B
20241028;130100;20449;23;2024680302395268164;B
20241028;130100;20449;1;2024680302395268165;B
20241028;130100;20449;2;2024680302395268166;B
20241028;130100;20449;1;2024680302395268167;B
20241028;130100;20449;1;2024680302395268168;B
20241028;130100;20449;3;2024680302395268169;B
20241028;130100;20449;12;2024680302395268170;B
20241028;130100;20450;1;2024680302395268171;B
20241028;130101;20450;15;2024680302395268172;B
20241028;130101;20450;60;2024680302395268173;B
20241028;130145;20450;80;2024680302395268174;B
20241028;130153;20446;1;2024680302395268175;S
20241028;130201;20450;1;2024680302395268176;B
20241028;130216;20450;1;2024680302395268177;B
20241028;130216;20448;2;2024680302395268178;S
20241028;130238;20448;1;2024680302395268179;S
20241028;130314;20450;5;2024680302395268180;B
20241028;130605;20448;11;2024680302395268185;S
20241028;130605;20444;4;2024680302395268186;S
20241028;130605;20443;5;2024680302395268187;S
20241028;130607;20444;8;2024680302395268188;S
20241028;130607;20443;2;2024680302395268189;S
20241028;130610;20443;20;2024680302395268190;S
20241028;130630;20444;12;2024680302395268191;B
20241028;130630;20445;8;2024680302395268192;B
20241028;130632;20444;12;2024680302395268193;B
20241028;130632;20444;2;2024680302395268194;B
20241028;130634;20445;12;2024680302395268195;B
20241028;130634;20445;6;2024680302395268196;B
20241028;130634;20445;2;2024680302395268197;B
20241028;130638;20444;5;2024680302395268198;S
20241028;130651;20444;1;2024680302395268199;S
20241028;130651;20440;1;2024680302395268200;S
20241028;130704;20439;1;2024680302395268205;S
20241028;130848;20440;1;2024680302395268206;B
20241028;130924;20439;257;2024680302395268207;S
20241028;130928;20439;2;2024680302395268208;S
20241028;130940;20439;20;2024680302395268209;S
20241028;131050;20439;1;2024680302395268210;S
20241028;131230;20439;9;2024680302395268211;S
20241028;131232;20439;16;2024680302395268212;S
20241028;131232;20438;9;2024680302395268213;S
20241028;131238;20439;12;2024680302395268214;B
20241028;131238;20439;14;2024680302395268215;B
20241028;131257;20435;1;2024680302395268216;S
20241028;131307;20439;26;2024680302395268217;B
20241028;131339;20438;1;2024680302395268218;B
20241028;131451;20438;2;2024680302395268223;B
20241028;131632;20436;2;2024680302395268228;S
20241028;131651;20436;7;2024680302395268229;S
20241028;131740;20439;1;2024680302395268230;B
20241028;131755;20435;1;2024680302395268231;S
20241028;131850;20436;1;2024680302395268234;S
20241028;131904;20438;5;2024680302395268235;S
20241028;131919;20440;1;2024680302395268236;B
20241028;132018;20440;4;2024680302395268239;S
20241028;132156;20435;100;2024680302395268240;S
20241028;132229;20437;1;2024680302395268241;B
20241028;132326;20437;3;2024680302395268242;S
20241028;132326;20437;4;2024680302395268243;S
20241028;132326;20437;1;2024680302395268244;S
20241028;132357;20437;100;2024680302395268245;B
20241028;132404;20437;100;2024680302395268246;B
20241028;132412;20436;1;2024680302395268247;B
20241028;132426;20437;15;2024680302395268248;B
20241028;132519;20435;1;2024680302395268249;S
20241028;132524;20437;77;2024680302395268250;B
20241028;132524;20440;2;2024680302395268251;B
20241028;132524;20440;20;2024680302395268252;B
20241028;132524;20441;12;2024680302395268253;B
20241028;132524;20441;3;2024680302395268254;B
20241028;132524;20442;3;2024680302395268255;B
20241028;132524;20442;12;2024680302395268256;B
20241028;132524;20442;1;2024680302395268257;B
20241028;132524;20443;3;2024680302395268258;B
20241028;132524;20443;12;2024680302395268259;B
20241028;132524;20443;1;2024680302395268260;B
20241028;132524;20443;50;2024680302395268265;B
20241028;132524;20444;12;2024680302395268266;B
20241028;132524;20444;3;2024680302395268267;B
20241028;132524;20444;46;2024680302395268268;B
20241028;132600;20437;5;2024680302395268270;S
20241028;132616;20437;5;2024680302395268275;S
20241028;132842;20439;6;2024680302395268279;B
20241028;132912;20435;20;2024680302395268280;S
20241028;133008;20436;1;2024680302395268281;S
20241028;133011;20436;1;2024680302395268283;S
20241028;133011;20436;2;2024680302395268288;S
20241028;133015;20436;5;2024680302395268292;S
20241028;133017;20436;1;2024680302395268293;S
20241028;133017;20436;1;2024680302395268294;S
20241028;133017;20436;5;2024680302395268295;S
20241028;133018;20436;2;2024680302395268296;S
20241028;133018;20436;2;2024680302395268297;S
20241028;133018;20436;1;2024680302395268298;S
20241028;133018;20436;1;2024680302395268299;S
20241028;133018;20436;1;2024680302395268300;S
20241028;133019;20435;1;2024680302395268301;S
20241028;133110;20436;5;2024680302395268302;S
20241028;133118;20436;7;2024680302395268303;S
20241028;133118;20436;2;2024680302395268304;S
20241028;133118;20436;1;2024680302395268305;S
20241028;133138;20436;5;2024680302395268306;S
20241028;133159;20436;5;2024680302395268307;S
20241028;133338;20438;1;2024680302395268313;S
20241028;133338;20435;2;2024680302395268314;S
20241028;133411;20439;12;2024680302395268315;B
20241028;133411;20439;29;2024680302395268316;B
20241028;133411;20439;40;2024680302395268317;B
20241028;133411;20440;12;2024680302395268318;B
20241028;133411;20440;3;2024680302395268319;B
20241028;133411;20440;4;2024680302395268320;S
20241028;133414;20435;2;2024680302395268321;S
20241028;133427;20435;1;2024680302395268323;S
20241028;133500;20435;1;2024680302395268328;S
20241028;133716;20435;3;2024680302395268332;S
20241028;134105;20439;3;2024680302395268333;B
20241028;134107;20435;1;2024680302395268334;S
20241028;134121;20437;1;2024680302395268335;S
20241028;134121;20436;1;2024680302395268336;S
20241028;134121;20436;3;2024680302395268337;S
20241028;134230;20439;1;2024680302395268338;B
20241028;134445;20435;31;2024680302395268339;S
20241028;134636;20435;1;2024680302395268341;S
20241028;134651;20435;15;2024680302395268345;S
20241028;134717;20435;21;2024680302395268346;S
20241028;134717;20435;2;2024680302395268347;S
20241028;134737;20434;1;2024680302395268349;S
20241028;134810;20434;1;2024680302395268351;S
20241028;134825;20435;10;2024680302395268353;B
20241028;134825;20435;12;2024680302395268354;B
20241028;134825;20435;1;2024680302395268355;B
20241028;134825;20436;7;2024680302395268356;B
20241028;134826;20434;10;2024680302395268357;S
20241028;134941;20435;5;2024680302395268359;S
20241028;135103;20436;5;2024680302395268363;B
20241028;135135;20437;4;2024680302395268364;S
20241028;135317;20437;5;2024680302395268365;S
20241028;135317;20437;10;2024680302395268366;S
20241028;135317;20437;3;2024680302395268367;S
20241028;135317;20437;3;2024680302395268368;S
20241028;135519;20434;8;2024680302395268369;S
20241028;135634;20432;1;2024680302395268370;S
20241028;135634;20432;1;2024680302395268371;S
20241028;135634;20432;5;2024680302395268372;S
20241028;135634;20432;2;2024680302395268373;S
20241028;135634;20432;5;2024680302395268374;S
20241028;135634;20432;2;2024680302395268375;S
20241028;135634;20432;2;2024680302395268376;S
20241028;135634;20432;2;2024680302395268377;S
20241028;135649;20430;7;2024680302395268378;S
20241028;135651;20430;4;2024680302395268379;S
20241028;135651;20430;2;2024680302395268380;S
20241028;135651;20430;3;2024680302395268381;S
20241028;135651;20430;2;2024680302395268382;S
20241028;135651;20430;2;2024680302395268383;S
20241028;135651;20429;1;2024680302395268384;S
20241028;135651;20429;1;2024680302395268389;S
20241028;135651;20427;1;2024680302395268394;S
20241028;135724;20422;3;2024680302395268439;S
20241028;135724;20422;2;2024680302395268440;S
20241028;135728;20422;1;2024680302395268441;S
20241028;135728;20417;7;2024680302395268442;S
20241028;135933;20421;1;2024680302395268443;S
20241028;135933;20421;3;2024680302395268444;S
20241028;140502;20416;5;2024680302395268445;S
20241028;140502;20415;5;2024680302395268446;S
20241028;140502;20415;2;2024680302395268447;S
20241028;140513;20415;5;2024680302395268448;B
20241028;140513;20415;2;2024680302395268449;B
20241028;140513;20415;2;2024680302395268450;B
20241028;140513;20415;2;2024680302395268451;B
20241028;140513;20415;1;2024680302395268452;B
20241028;140513;20415;1;2024680302395268453;B
20241028;140513;20415;1;2024680302395268454;B
20241028;140514;20415;1;2024680302395268455;B
20241028;140514;20415;1;2024680302395268456;B
20241028;140514;20415;5;2024680302395268457;B
20241028;140519;20415;2;2024680302395268458;B
20241028;140523;20415;2;2024680302395268459;B
20241028;140529;20414;2;2024680302395268460;S
20241028;140557;20412;1;2024680302395268461;S
20241028;140557;20412;1;2024680302395268462;S
20241028;140612;20416;1;2024680302395268463;B
20241028;140619;20412;2;2024680302395268466;S
20241028;140619;20412;1;2024680302395268471;S
20241028;140619;20412;8;2024680302395268476;S
20241028;140744;20412;4;2024680302395268480;S
20241028;140827;20413;20;2024680302395268481;S
20241028;140827;20413;2;2024680302395268482;S
20241028;140827;20413;6;2024680302395268483;S
20241028;140832;20416;1;2024680302395268485;B
20241028;140832;20416;8;2024680302395268490;B
20241028;140838;20412;1;2024680302395268494;S
20241028;140905;20412;5;2024680302395268500;S
20241028;140927;20412;2;2024680302395268501;S
20241028;140927;20412;2;2024680302395268502;S
20241028;140939;20416;1;2024680302395268503;S
20241028;140954;20419;1;2024680302395268508;B
20241028;141000;20416;1;2024680302395268509;S
20241028;141013;20419;1;2024680302395268514;B
20241028;141014;20419;1;2024680302395268515;B
20241028;141028;20418;1;2024680302395268516;S
20241028;141032;20419;2;2024680302395268517;B
20241028;141036;20418;1;2024680302395268518;S
20241028;141212;20418;1;2024680302395268520;S
20241028;141346;20418;1;2024680302395268521;S
20241028;141457;20419;1;2024680302395268523;B
20241028;141457;20419;8;2024680302395268528;B
20241028;141502;20418;3;2024680302395268532;S
20241028;141503;20419;1;2024680302395268533;B
20241028;141504;20419;1;2024680302395268534;B
20241028;141522;20419;1;2024680302395268535;B
20241028;141523;20418;1;2024680302395268536;S
20241028;141528;20419;1;2024680302395268537;B
20241028;141542;20418;1;2024680302395268540;S
20241028;141618;20419;1;2024680302395268541;B
20241028;141632;20418;12;2024680302395268542;S
20241028;141642;20418;1;2024680302395268543;S
20241028;141642;20418;20;2024680302395268544;S
20241028;141642;20418;20;2024680302395268545;S
20241028;141642;20418;9;2024680302395268546;S
20241028;141648;20419;7;2024680302395268547;B
20241028;141648;20419;4;2024680302395268548;B
20241028;141704;20420;1;2024680302395268549;B
20241028;141728;20420;9;2024680302395268550;B
20241028;141728;20420;15;2024680302395268551;B
20241028;141728;20421;1;2024680302395268552;B
20241028;141728;20421;4;2024680302395268557;B
20241028;141743;20420;20;2024680302395268558;B
20241028;141755;20421;1;2024680302395268559;B
20241028;141809;20422;3;2024680302395268561;B
20241028;141826;20422;1;2024680302395268565;B
20241028;141846;20418;1;2024680302395268569;B
20241028;141846;20418;20;2024680302395268570;B
20241028;141846;20419;9;2024680302395268571;B
20241028;141936;20419;1;2024680302395268573;B
20241028;141936;20419;12;2024680302395268574;B
20241028;141936;20420;17;2024680302395268575;B
20241028;142009;20422;6;2024680302395268576;B
20241028;142009;20424;10;2024680302395268577;B
20241028;142009;20426;10;2024680302395268578;B
20241028;142009;20426;4;2024680302395268579;B
20241028;142040;20420;10;2024680302395268580;B
20241028;142100;20420;20;2024680302395268581;B
20241028;142125;20419;1;2024680302395268582;B
20241028;142125;20419;1;2024680302395268583;B
20241028;142125;20419;3;2024680302395268584;B
20241028;142125;20419;2;2024680302395268585;B
20241028;142220;20416;2;2024680302395268586;S
20241028;142220;20416;2;2024680302395268587;S
20241028;142220;20416;1;2024680302395268588;S
20241028;142220;20415;1;2024680302395268589;S
20241028;142258;20413;1;2024680302395268594;S
20241028;142317;20413;1;2024680302395268599;S
20241028;142317;20413;1;2024680302395268604;S
20241028;142331;20412;9;2024680302395268609;S
20241028;142331;20409;1;2024680302395268614;S
20241028;142331;20409;12;2024680302395268615;S
20241028;142331;20408;2;2024680302395268616;S
20241028;142331;20408;2;2024680302395268617;S
20241028;142358;20405;12;2024680302395268618;S
20241028;142358;20405;2;2024680302395268619;S
20241028;142358;20404;2;2024680302395268620;S
20241028;142358;20404;34;2024680302395268621;S
20241028;142409;20405;1;2024680302395268622;S
20241028;142409;20405;9;2024680302395268623;S
20241028;142456;20409;1;2024680302395268624;S
20241028;142529;20412;2;2024680302395268625;B
20241028;142541;20415;2;2024680302395268630;B
20241028;142542;20415;1;2024680302395268631;B
20241028;142600;20415;4;2024680302395268632;B
20241028;142606;20415;4;2024680302395268633;B
20241028;142716;20411;12;2024680302395268634;S
20241028;142716;20411;8;2024680302395268635;S
20241028;142716;20411;3;2024680302395268636;S
20241028;142716;20410;3;2024680302395268637;S
20241028;142745;20411;1;2024680302395268640;S
20241028;142803;20411;1;2024680302395268641;S
20241028;142803;20410;1;2024680302395268642;S
20241028;142855;20411;15;2024680302395268644;S
20241028;142909;20410;1;2024680302395268645;S
20241028;142951;20409;1;2024680302395268646;S
20241028;142951;20409;11;2024680302395268647;S
20241028;143002;20409;7;2024680302395268648;B
20241028;143018;20408;2;2024680302395268649;S
20241028;143031;20408;3;2024680302395268650;B
20241028;143032;20408;2;2024680302395268651;B
20241028;143039;20407;5;2024680302395268652;S
20241028;143106;20407;4;2024680302395268653;S
20241028;143106;20407;1;2024680302395268654;S
20241028;143113;20407;1;2024680302395268655;S
20241028;143113;20406;9;2024680302395268656;S
20241028;143113;20405;35;2024680302395268657;S
20241028;143113;20404;12;2024680302395268658;S
20241028;143118;20404;5;2024680302395268659;S
20241028;143140;20404;1;2024680302395268660;S
20241028;143141;20404;1;2024680302395268661;S
20241028;143203;20404;5;2024680302395268662;S
20241028;143206;20406;5;2024680302395268663;B
20241028;143227;20404;11;2024680302395268664;S
20241028;143227;20404;10;2024680302395268665;S
20241028;143235;20404;2;2024680302395268666;S
20241028;143238;20404;1;2024680302395268667;S
20241028;143241;20404;1;2024680302395268668;S
20241028;143242;20404;1;2024680302395268669;S
20241028;143245;20404;5;2024680302395268670;S
20241028;143255;20403;11;2024680302395268671;S
20241028;143255;20401;1;2024680302395268672;S
20241028;143255;20401;10;2024680302395268673;S
20241028;143255;20401;3;2024680302395268674;S
20241028;143403;20400;1;2024680302395268675;S
20241028;143406;20400;4;2024680302395268676;S
20241028;143406;20400;1;2024680302395268677;S
20241028;143406;20400;8;2024680302395268678;S
20241028;143547;20400;7;2024680302395268679;S
20241028;143550;20401;1;2024680302395268680;B
20241028;143551;20401;1;2024680302395268681;B
20241028;143558;20400;30;2024680302395268682;S
20241028;143601;20401;1;2024680302395268683;B
20241028;143609;20401;2;2024680302395268684;B
20241028;143609;20401;1;2024680302395268686;B
20241028;143609;20401;1;2024680302395268691;B
20241028;143609;20401;1;2024680302395268696;B
20241028;143609;20401;1;2024680302395268701;B
20241028;143609;20401;2;2024680302395268706;B
20241028;143609;20401;9;2024680302395268711;B
20241028;143613;20401;5;2024680302395268715;B
20241028;143613;20401;4;2024680302395268716;B
20241028;143620;20406;5;2024680302395268717;B
20241028;143638;20409;1;2024680302395268718;B
20241028;143638;20409;2;2024680302395268719;B
20241028;143639;20410;3;2024680302395268720;B
20241028;143644;20410;4;2024680302395268721;B
20241028;143644;20410;1;2024680302395268722;B
20241028;143644;20410;1;2024680302395268723;B
20241028;143644;20410;2;2024680302395268728;B
20241028;143649;20412;1;2024680302395268729;B
20241028;143659;20413;4;2024680302395268730;B
20241028;143707;20413;5;2024680302395268731;B
20241028;143707;20413;8;2024680302395268732;B
20241028;143717;20414;9;2024680302395268733;B
20241028;143717;20414;1;2024680302395268734;B
20241028;143720;20413;14;2024680302395268735;S
20241028;143738;20411;4;2024680302395268736;S
20241028;143818;20410;20;2024680302395268737;S
20241028;143818;20406;2;2024680302395268738;S
20241028;143818;20405;12;2024680302395268739;S
20241028;143818;20405;2;2024680302395268740;S
20241028;143818;20404;12;2024680302395268741;S
20241028;143818;20404;20;2024680302395268742;S
20241028;143818;20404;2;2024680302395268743;S
20241028;143818;20403;2;2024680302395268744;S
20241028;143818;20403;12;2024680302395268745;S
20241028;143818;20402;2;2024680302395268746;S
20241028;143818;20402;1;2024680302395268747;S
20241028;143818;20402;12;2024680302395268748;S
20241028;143818;20402;1;2024680302395268749;S
20241028;143821;20403;1;2024680302395268750;S
20241028;143821;20402;1;2024680302395268751;S
20241028;143919;20405;1;2024680302395268752;S
20241028;143932;20405;1;2024680302395268753;S
20241028;144022;20405;100;2024680302395268754;B
20241028;144245;20408;10;2024680302395268755;S
20241028;144249;20407;1;2024680302395268756;S
20241028;144307;20406;1;2024680302395268757;S
20241028;144353;20405;1;2024680302395268758;S
20241028;144533;20407;3;2024680302395268759;S
20241028;144616;20407;10;2024680302395268760;B
20241028;144736;20406;3;2024680302395268761;S
20241028;144736;20406;2;2024680302395268762;S
20241028;144752;20408;10;2024680302395268763;B
20241028;144810;20411;4;2024680302395268764;B
20241028;144833;20411;1;2024680302395268765;B
20241028;144848;20411;5;2024680302395268766;B
20241028;144920;20411;10;2024680302395268767;B
20241028;144923;20412;3;2024680302395268768;B
20241028;144923;20412;10;2024680302395268769;B
20241028;144933;20415;22;2024680302395268770;B
20241028;144933;20415;1;2024680302395268771;B
20241028;144933;20415;13;2024680302395268772;B
20241028;144933;20415;50;2024680302395268773;B
20241028;144933;20415;7;2024680302395268774;B
20241028;144945;20416;1;2024680302395268775;B
20241028;145043;20407;1;2024680302395268776;S
20241028;145129;20406;1;2024680302395268777;S
20241028;145129;20405;4;2024680302395268778;S
20241028;145140;20407;1;2024680302395268779;B
20241028;145151;20405;16;2024680302395268780;S
20241028;145151;20404;12;2024680302395268781;S
20241028;145151;20404;4;2024680302395268782;S
20241028;145152;20404;18;2024680302395268783;B
20241028;145216;20403;10;2024680302395268784;B
20241028;145232;20407;1;2024680302395268785;B
20241028;145238;20407;8;2024680302395268786;B
20241028;145346;20410;1;2024680302395268787;S
20241028;145418;20414;1;2024680302395268788;B
20241028;145512;20413;26;2024680302395268789;B
20241028;145620;20409;1;2024680302395268790;B
20241028;145621;20409;1;2024680302395268791;B
20241028;145811;20408;1;2024680302395268792;S
20241028;145944;20409;8;2024680302395268793;B
20241028;145944;20409;12;2024680302395268794;B
20241028;145944;20409;6;2024680302395268795;B
20241028;145949;20408;7;2024680302395268796;S
20241028;145953;20408;5;2024680302395268797;S
20241028;150007;20408;59;2024680302395268798;S
20241028;150010;20407;1;2024680302395268799;S
20241028;150016;20405;1;2024680302395268800;B
20241028;150027;20404;5;2024680302395268801;B
20241028;150034;20402;10;2024680302395268802;B
20241028;150034;20402;5;2024680302395268803;B
20241028;150034;20402;10;2024680302395268804;B
20241028;150034;20402;3;2024680302395268805;B
20241028;150034;20402;3;2024680302395268806;S
20241028;150035;20403;1;2024680302395268807;S
20241028;150039;20404;12;2024680302395268808;S
20241028;150039;20403;88;2024680302395268809;S
20241028;150039;20403;1;2024680302395268810;S
20241028;150048;20407;10;2024680302395268811;B
20241028;150050;20402;5;2024680302395268812;S
20241028;150100;20401;2;2024680302395268813;S
20241028;150100;20401;1;2024680302395268814;S
20241028;150100;20401;1;2024680302395268819;S
20241028;150100;20401;1;2024680302395268824;S
20241028;150100;20401;5;2024680302395268829;S
20241028;150211;20402;5;2024680302395268830;B
20241028;150254;20401;6;2024680302395268831;S
20241028;150254;20401;5;2024680302395268832;S
20241028;150254;20401;4;2024680302395268833;S
20241028;150254;20401;2;2024680302395268834;S
20241028;150255;20400;21;2024680302395268835;S
20241028;150256;20400;1;2024680302395268836;S
20241028;150256;20400;15;2024680302395268837;S
20241028;150256;20400;7;2024680302395268838;S
20241028;150256;20400;4;2024680302395268839;S
20241028;150256;20400;3;2024680302395268840;S
20241028;150256;20400;4;2024680302395268841;S
20241028;150309;20391;5;2024680302395268842;S
20241028;150309;20391;2;2024680302395268843;S
20241028;150309;20391;1;2024680302395268844;S
20241028;150310;20391;1;2024680302395268845;S
20241028;150310;20391;3;2024680302395268846;S
20241028;150319;20390;1;2024680302395268847;S
20241028;150326;20393;5;2024680302395268848;B
20241028;150342;20390;1;2024680302395268849;S
20241028;150342;20390;1;2024680302395268850;S
20241028;150342;20389;2;2024680302395268851;S
20241028;150342;20389;1;2024680302395268852;S
20241028;150342;20389;2;2024680302395268853;S
20241028;150342;20388;1;2024680302395268854;S
20241028;150342;20388;2;2024680302395268855;S
20241028;150342;20386;30;2024680302395268856;S
20241028;150418;20390;3;2024680302395268857;B
20241028;150422;20390;9;2024680302395268858;B
20241028;150422;20390;4;2024680302395268859;B
20241028;150422;20391;2;2024680302395268860;B
20241028;150433;20386;1;2024680302395268861;S
20241028;150433;20385;1;2024680302395268862;S
20241028;150433;20385;8;2024680302395268863;S
20241028;150434;20384;10;2024680302395268864;S
20241028;150438;20384;10;2024680302395268865;S
20241028;150446;20383;1;2024680302395268866;S
20241028;150447;20383;1;2024680302395268868;B
20241028;150515;20381;2;2024680302395268869;S
20241028;150515;20381;3;2024680302395268870;S
20241028;150515;20381;2;2024680302395268871;S
20241028;150528;20382;10;2024680302395268872;S
20241028;150528;20382;12;2024680302395268873;S
20241028;150528;20382;3;2024680302395268874;S
20241028;150532;20381;1;2024680302395268875;S
20241028;150533;20381;25;2024680302395268876;S
20241028;150542;20381;19;2024680302395268877;S
20241028;150542;20381;10;2024680302395268878;S
20241028;150542;20380;50;2024680302395268879;S
20241028;150542;20380;10;2024680302395268880;S
20241028;150542;20380;11;2024680302395268881;S
20241028;150602;20380;1;2024680302395268882;S
20241028;150602;20380;4;2024680302395268883;S
20241028;150603;20382;4;2024680302395268884;B
20241028;150612;20380;1;2024680302395268885;S
20241028;150612;20379;4;2024680302395268886;S
20241028;150612;20379;2;2024680302395268887;S
20241028;150612;20379;2;2024680302395268888;S
20241028;150617;20379;2;2024680302395268889;S
20241028;150619;20378;2;2024680302395268890;S
20241028;150619;20378;3;2024680302395268891;S
20241028;150629;20378;7;2024680302395268892;S
20241028;150629;20377;50;2024680302395268893;S
20241028;150629;20377;10;2024680302395268894;S
20241028;150629;20376;10;2024680302395268895;S
20241028;150629;20375;10;2024680302395268896;S
20241028;150629;20375;1;2024680302395268897;S
20241028;150629;20374;10;2024680302395268898;S
20241028;150629;20374;2;2024680302395268899;S
20241028;150629;20370;15;2024680302395268900;S
20241028;150629;20370;16;2024680302395268901;S
20241028;150636;20368;2;2024680302395268902;S
20241028;150636;20370;2;2024680302395268903;B
20241028;150642;20370;6;2024680302395268904;B
20241028;150725;20370;1;2024680302395268905;B
20241028;150731;20367;12;2024680302395268906;S
20241028;150731;20367;1;2024680302395268907;S
20241028;150731;20367;50;2024680302395268908;S
20241028;150731;20366;7;2024680302395268909;S
20241028;150736;20370;1;2024680302395268910;B
20241028;150736;20370;1;2024680302395268911;B
20241028;150756;20370;5;2024680302395268912;B
20241028;150805;20369;1;2024680302395268913;S
20241028;150809;20370;2;2024680302395268914;B
20241028;150830;20369;1;2024680302395268915;S
20241028;150837;20370;2;2024680302395268916;B
20241028;150837;20370;1;2024680302395268917;B
20241028;150855;20370;1;2024680302395268918;S
20241028;150911;20372;1;2024680302395268919;B
20241028;150916;20375;1;2024680302395268920;B
20241028;150923;20382;9;2024680302395268921;B
20241028;150923;20382;1;2024680302395268922;B
20241028;150932;20385;1;2024680302395268923;B
20241028;150943;20385;10;2024680302395268924;B
20241028;150956;20384;5;2024680302395268925;B
20241028;151008;20383;1;2024680302395268926;B
