<DATE>;<TIME>;<LAST>;<VOL>;<ID>;<OPER>
20241014;095908;13630;1;1896046195088821048;S
20241014;095908;13630;49;1896046195088821049;S
20241014;095908;13630;2;1896046195088821050;S
20241014;095908;13630;64;1896046195088821051;S
20241014;095908;13630;1;1896046195088821052;S
20241014;095908;13630;3;1896046195088821053;S
20241014;095908;13630;72;1896046195088821054;S
20241014;095908;13630;2;1896046195088821055;S
20241014;095908;13630;10;1896046195088821056;S
20241014;095908;13630;1;1896046195088821057;S
20241014;095908;13630;1;1896046195088821058;S
20241014;100000;13629;1;1896046195088821061;S
20241014;100000;13628;2;1896046195088821062;S
20241014;100000;13627;1;1896046195088821063;S
20241014;100000;13627;2;1896046195088821064;S
20241014;100000;13626;2;1896046195088821065;S
20241014;100000;13626;2;1896046195088821066;S
20241014;100000;13626;2;1896046195088821067;B
20241014;100000;13625;4;1896046195088821068;S
20241014;100000;13625;1;1896046195088821069;S
20241014;100000;13625;1;1896046195088821070;S
20241014;100000;13625;1;1896046195088821071;S
20241014;100000;13625;1;1896046195088821072;S
20241014;100000;13624;2;1896046195088821073;S
20241014;100000;13624;1;1896046195088821074;S
20241014;100000;13625;1;1896046195088821075;B
20241014;100001;13624;2;1896046195088821076;S
20241014;100001;13624;1;1896046195088821077;S
20241014;100001;13624;1;1896046195088821079;S
20241014;100001;13624;1;1896046195088821084;S
20241014;100001;13624;2;1896046195088821088;S
20241014;100002;13625;1;1896046195088821089;B
20241014;100002;13625;4;1896046195088821090;B
20241014;100002;13625;1;1896046195088821091;B
20241014;100002;13625;1;1896046195088821092;B
20241014;100002;13625;2;1896046195088821093;B
20241014;100002;13624;2;1896046195088821094;S
20241014;100002;13625;1;1896046195088821095;B
20241014;100002;13624;3;1896046195088821096;S
20241014;100002;13623;50;1896046195088821097;S
20241014;100002;13622;5;1896046195088821098;S
20241014;100002;13622;1;1896046195088821099;S
20241014;100002;13622;1;1896046195088821100;S
20241014;100002;13621;2;1896046195088821101;S
20241014;100003;13621;4;1896046195088821102;S
20241014;100003;13621;2;1896046195088821104;S
20241014;100003;13621;1;1896046195088821109;S
20241014;100004;13622;1;1896046195088821113;S
20241014;100004;13622;1;1896046195088821114;S
20241014;100004;13622;2;1896046195088821115;S
20241014;100004;13622;1;1896046195088821116;S
20241014;100004;13622;5;1896046195088821117;S
20241014;100004;13622;5;1896046195088821118;S
20241014;100004;13622;4;1896046195088821119;S
20241014;100004;13622;1;1896046195088821120;S
20241014;100004;13622;5;1896046195088821121;S
20241014;100004;13621;14;1896046195088821122;S
20241014;100004;13621;20;1896046195088821123;S
20241014;100004;13621;1;1896046195088821124;S
20241014;100004;13621;6;1896046195088821125;S
20241014;100004;13621;2;1896046195088821126;S
20241014;100004;13621;1;1896046195088821127;S
20241014;100004;13621;1;1896046195088821128;S
20241014;100004;13621;15;1896046195088821129;S
20241014;100004;13622;5;1896046195088821130;S
20241014;100004;13621;15;1896046195088821131;S
20241014;100004;13622;5;1896046195088821132;S
20241014;100004;13622;5;1896046195088821133;S
20241014;100004;13621;10;1896046195088821134;S
20241014;100004;13621;2;1896046195088821135;S
20241014;100004;13621;15;1896046195088821136;S
20241014;100004;13621;20;1896046195088821137;S
20241014;100004;13621;20;1896046195088821138;S
20241014;100004;13622;2;1896046195088821139;S
20241014;100004;13622;3;1896046195088821140;S
20241014;100004;13621;5;1896046195088821141;S
20241014;100004;13621;4;1896046195088821142;S
20241014;100004;13621;15;1896046195088821143;S
20241014;100004;13621;5;1896046195088821144;S
20241014;100004;13621;20;1896046195088821145;S
20241014;100004;13620;15;1896046195088821146;S
20241014;100004;13620;4;1896046195088821147;S
20241014;100004;13620;1;1896046195088821148;S
20241014;100004;13619;2;1896046195088821149;S
20241014;100004;13619;11;1896046195088821150;S
20241014;100004;13616;1;1896046195088821151;S
20241014;100004;13616;1;1896046195088821152;S
20241014;100004;13616;2;1896046195088821153;S
20241014;100004;13616;15;1896046195088821154;S
20241014;100004;13616;7;1896046195088821155;S
20241014;100004;13615;1;1896046195088821156;S
20241014;100004;13611;1;1896046195088821157;S
20241014;100004;13611;2;1896046195088821158;S
20241014;100004;13610;1;1896046195088821159;S
20241014;100004;13610;1;1896046195088821160;S
20241014;100004;13610;1;1896046195088821161;S
20241014;100004;13610;1;1896046195088821162;S
20241014;100004;13609;2;1896046195088821163;S
20241014;100004;13608;6;1896046195088821164;S
20241014;100004;13608;2;1896046195088821165;S
20241014;100004;13607;1;1896046195088821166;S
20241014;100004;13607;2;1896046195088821167;S
20241014;100004;13607;1;1896046195088821168;S
20241014;100004;13607;1;1896046195088821169;S
20241014;100004;13608;2;1896046195088821170;S
20241014;100004;13608;11;1896046195088821171;S
20241014;100004;13607;2;1896046195088821172;S
20241014;100004;13607;5;1896046195088821173;B
20241014;100004;13606;1;1896046195088821174;S
20241014;100004;13606;1;1896046195088821175;S
20241014;100004;13606;4;1896046195088821176;S
20241014;100005;13607;1;1896046195088821177;B
20241014;100006;13607;6;1896046195088821178;B
20241014;100006;13607;2;1896046195088821179;B
20241014;100006;13606;5;1896046195088821180;S
20241014;100006;13606;5;1896046195088821181;S
20241014;100006;13606;9;1896046195088821182;S
20241014;100006;13606;1;1896046195088821183;S
20241014;100006;13607;5;1896046195088821184;B
20241014;100006;13606;1;1896046195088821185;S
20241014;100006;13606;5;1896046195088821186;S
20241014;100006;13606;2;1896046195088821187;S
20241014;100006;13606;5;1896046195088821188;S
20241014;100006;13606;5;1896046195088821189;S
20241014;100006;13606;1;1896046195088821190;S
20241014;100006;13606;1;1896046195088821191;S
20241014;100006;13606;11;1896046195088821192;S
20241014;100006;13606;2;1896046195088821193;S
20241014;100007;13605;4;1896046195088821194;S
20241014;100007;13605;4;1896046195088821195;S
20241014;100007;13605;4;1896046195088821196;S
20241014;100007;13605;4;1896046195088821197;S
20241014;100007;13605;4;1896046195088821198;S
20241014;100007;13605;4;1896046195088821199;S
20241014;100007;13605;4;1896046195088821200;S
20241014;100007;13605;4;1896046195088821201;S
20241014;100007;13605;4;1896046195088821202;S
20241014;100008;13605;1;1896046195088821203;S
20241014;100008;13605;1;1896046195088821204;S
20241014;100008;13606;3;1896046195088821205;B
20241014;100008;13605;1;1896046195088821206;S
20241014;100008;13605;1;1896046195088821207;S
20241014;100008;13605;4;1896046195088821208;S
20241014;100008;13605;1;1896046195088821209;S
20241014;100008;13605;1;1896046195088821210;S
20241014;100008;13605;1;1896046195088821211;S
20241014;100008;13605;1;1896046195088821212;S
20241014;100008;13605;1;1896046195088821213;S
20241014;100008;13605;1;1896046195088821214;S
20241014;100008;13605;1;1896046195088821215;S
20241014;100008;13605;1;1896046195088821216;S
20241014;100008;13605;1;1896046195088821217;S
20241014;100008;13605;2;1896046195088821218;S
20241014;100008;13605;1;1896046195088821219;S
20241014;100008;13605;1;1896046195088821220;S
20241014;100008;13605;1;1896046195088821221;S
20241014;100008;13605;1;1896046195088821222;S
20241014;100008;13605;2;1896046195088821223;S
20241014;100008;13605;2;1896046195088821224;S
20241014;100008;13605;1;1896046195088821225;S
20241014;100008;13605;1;1896046195088821226;S
20241014;100008;13605;1;1896046195088821227;S
20241014;100008;13605;7;1896046195088821228;S
20241014;100008;13605;1;1896046195088821229;S
20241014;100008;13605;1;1896046195088821230;S
20241014;100009;13605;11;1896046195088821231;S
20241014;100009;13604;8;1896046195088821232;S
20241014;100009;13605;4;1896046195088821233;S
20241014;100009;13605;4;1896046195088821234;S
20241014;100009;13605;3;1896046195088821235;S
20241014;100009;13604;1;1896046195088821236;S
20241014;100009;13605;4;1896046195088821237;S
20241014;100009;13605;1;1896046195088821238;S
20241014;100009;13605;1;1896046195088821239;S
20241014;100009;13605;1;1896046195088821240;S
20241014;100009;13605;4;1896046195088821241;S
20241014;100009;13604;1;1896046195088821242;S
20241014;100009;13605;1;1896046195088821243;S
20241014;100009;13605;1;1896046195088821244;S
20241014;100009;13605;1;1896046195088821245;S
20241014;100009;13605;1;1896046195088821246;S
20241014;100009;13605;1;1896046195088821247;S
20241014;100009;13605;1;1896046195088821248;S
20241014;100009;13605;1;1896046195088821249;S
20241014;100009;13605;2;1896046195088821250;S
20241014;100010;13605;1;1896046195088821251;S
20241014;100010;13605;1;1896046195088821252;S
20241014;100010;13605;1;1896046195088821253;S
20241014;100010;13605;2;1896046195088821254;S
20241014;100010;13605;1;1896046195088821255;S
20241014;100010;13605;2;1896046195088821256;S
20241014;100010;13605;2;1896046195088821257;S
20241014;100010;13605;3;1896046195088821258;S
20241014;100010;13605;11;1896046195088821259;S
20241014;100010;13604;9;1896046195088821260;S
20241014;100010;13605;5;1896046195088821261;S
20241014;100010;13605;5;1896046195088821262;S
20241014;100010;13605;1;1896046195088821263;S
20241014;100010;13604;1;1896046195088821264;S
20241014;100010;13605;1;1896046195088821265;S
20241014;100010;13606;3;1896046195088821267;B
20241014;100011;13605;2;1896046195088821268;S
20241014;100011;13605;8;1896046195088821269;S
20241014;100011;13604;60;1896046195088821270;S
20241014;100011;13604;1;1896046195088821271;S
20241014;100011;13603;10;1896046195088821272;S
20241014;100011;13602;5;1896046195088821273;S
20241014;100011;13602;1;1896046195088821274;S
20241014;100011;13602;1;1896046195088821275;S
20241014;100011;13601;1;1896046195088821276;S
20241014;100011;13601;2;1896046195088821277;S
20241014;100011;13601;2;1896046195088821278;S
20241014;100011;13600;25;1896046195088821279;S
20241014;100011;13600;1;1896046195088821280;S
20241014;100011;13600;10;1896046195088821281;S
20241014;100011;13600;1;1896046195088821282;S
20241014;100011;13600;1;1896046195088821283;S
20241014;100011;13600;1;1896046195088821284;S
20241014;100011;13600;1;1896046195088821285;S
20241014;100011;13600;1;1896046195088821286;S
20241014;100011;13600;10;1896046195088821287;S
20241014;100011;13600;10;1896046195088821288;B
20241014;100011;13599;1;1896046195088821289;S
20241014;100011;13599;1;1896046195088821290;S
20241014;100011;13599;1;1896046195088821291;S
20241014;100011;13599;1;1896046195088821292;S
20241014;100011;13599;1;1896046195088821293;S
20241014;100011;13599;5;1896046195088821294;S
20241014;100011;13599;3;1896046195088821295;S
20241014;100011;13599;1;1896046195088821296;S
20241014;100011;13600;1;1896046195088821297;B
20241014;100011;13599;11;1896046195088821298;S
20241014;100011;13598;50;1896046195088821299;S
20241014;100011;13597;20;1896046195088821300;S
20241014;100011;13597;1;1896046195088821301;S
20241014;100011;13597;11;1896046195088821302;S
20241014;100011;13595;20;1896046195088821303;S
20241014;100011;13595;20;1896046195088821304;S
20241014;100011;13595;200;1896046195088821305;S
20241014;100011;13596;1;1896046195088821306;S
20241014;100011;13596;1;1896046195088821307;S
20241014;100011;13597;1;1896046195088821308;S
20241014;100011;13599;2;1896046195088821309;B
20241014;100011;13599;4;1896046195088821310;B
20241014;100011;13599;1;1896046195088821311;B
20241014;100011;13596;1;1896046195088821312;S
20241014;100011;13596;1;1896046195088821313;S
20241014;100011;13596;1;1896046195088821314;S
20241014;100011;13596;1;1896046195088821315;S
20241014;100012;13600;15;1896046195088821316;B
20241014;100012;13596;2;1896046195088821317;S
20241014;100012;13600;15;1896046195088821318;B
20241014;100012;13600;15;1896046195088821319;B
20241014;100012;13600;2;1896046195088821320;B
20241014;100012;13600;2;1896046195088821321;B
20241014;100012;13600;4;1896046195088821322;B
20241014;100012;13596;3;1896046195088821323;S
20241014;100012;13596;1;1896046195088821324;S
20241014;100012;13604;15;1896046195088821325;B
20241014;100012;13596;1;1896046195088821326;S
20241014;100012;13596;5;1896046195088821327;S
20241014;100012;13596;4;1896046195088821328;S
20241014;100012;13603;15;1896046195088821329;B
20241014;100012;13604;15;1896046195088821330;B
20241014;100012;13596;2;1896046195088821331;S
20241014;100012;13596;2;1896046195088821332;S
20241014;100012;13610;15;1896046195088821333;B
20241014;100012;13608;15;1896046195088821334;B
20241014;100012;13610;2;1896046195088821335;B
20241014;100012;13596;8;1896046195088821336;S
20241014;100012;13596;2;1896046195088821337;S
20241014;100012;13595;5;1896046195088821338;S
20241014;100012;13596;2;1896046195088821339;S
20241014;100012;13595;8;1896046195088821340;S
20241014;100012;13596;2;1896046195088821341;S
20241014;100012;13595;9;1896046195088821342;S
20241014;100012;13595;1;1896046195088821343;S
20241014;100012;13596;1;1896046195088821344;S
20241014;100012;13600;1;1896046195088821345;S
20241014;100012;13596;1;1896046195088821346;S
20241014;100012;13595;8;1896046195088821347;S
20241014;100012;13595;10;1896046195088821348;S
20241014;100012;13596;2;1896046195088821349;S
20241014;100012;13595;2;1896046195088821350;S
20241014;100012;13596;2;1896046195088821351;S
20241014;100012;13606;10;1896046195088821352;S
20241014;100012;13595;10;1896046195088821353;S
20241014;100012;13595;10;1896046195088821354;S
20241014;100012;13595;10;1896046195088821355;S
20241014;100012;13595;10;1896046195088821356;S
20241014;100012;13595;10;1896046195088821357;S
20241014;100012;13595;10;1896046195088821358;S
20241014;100012;13595;10;1896046195088821359;S
20241014;100012;13595;10;1896046195088821360;S
20241014;100012;13595;1;1896046195088821361;S
20241014;100012;13595;1;1896046195088821362;S
20241014;100012;13595;1;1896046195088821363;S
20241014;100012;13595;2;1896046195088821364;S
20241014;100012;13595;5;1896046195088821365;S
20241014;100012;13595;7;1896046195088821366;S
20241014;100012;13595;3;1896046195088821367;S
20241014;100012;13595;9;1896046195088821368;S
20241014;100012;13594;10;1896046195088821369;S
20241014;100012;13594;2;1896046195088821370;S
20241014;100012;13594;8;1896046195088821371;S
20241014;100012;13592;1;1896046195088821372;S
20241014;100012;13595;1;1896046195088821373;B
20241014;100012;13593;3;1896046195088821374;S
20241014;100012;13592;3;1896046195088821375;S
20241014;100012;13593;1;1896046195088821376;S
20241014;100012;13593;4;1896046195088821377;S
20241014;100012;13592;1;1896046195088821378;S
20241014;100012;13599;2;1896046195088821379;B
20241014;100012;13599;3;1896046195088821380;B
20241014;100013;13599;1;1896046195088821381;B
20241014;100013;13599;2;1896046195088821382;B
20241014;100013;13600;6;1896046195088821383;B
20241014;100013;13600;20;1896046195088821384;B
20241014;100013;13600;5;1896046195088821385;B
20241014;100013;13601;6;1896046195088821386;B
20241014;100013;13601;2;1896046195088821387;B
20241014;100013;13602;6;1896046195088821388;B
20241014;100013;13602;2;1896046195088821389;B
20241014;100013;13603;6;1896046195088821390;B
20241014;100013;13604;6;1896046195088821391;B
20241014;100013;13605;6;1896046195088821392;B
20241014;100013;13606;6;1896046195088821393;B
20241014;100013;13598;3;1896046195088821394;S
20241014;100013;13597;1;1896046195088821395;S
20241014;100013;13594;1;1896046195088821396;S
20241014;100013;13594;1;1896046195088821397;S
20241014;100013;13593;4;1896046195088821398;S
20241014;100013;13593;12;1896046195088821399;S
20241014;100013;13593;2;1896046195088821400;S
20241014;100013;13592;11;1896046195088821401;S
20241014;100013;13592;3;1896046195088821402;S
20241014;100013;13592;1;1896046195088821403;S
20241014;100013;13592;4;1896046195088821404;S
20241014;100013;13592;2;1896046195088821405;S
20241014;100013;13592;2;1896046195088821406;S
20241014;100013;13591;11;1896046195088821407;S
20241014;100013;13591;6;1896046195088821408;S
20241014;100014;13599;6;1896046195088821409;B
20241014;100014;13599;2;1896046195088821410;B
20241014;100014;13599;3;1896046195088821411;B
20241014;100014;13600;6;1896046195088821412;B
20241014;100014;13600;20;1896046195088821413;B
20241014;100014;13600;19;1896046195088821414;S
20241014;100014;13601;2;1896046195088821415;S
20241014;100014;13600;1;1896046195088821416;S
20241014;100014;13600;30;1896046195088821417;S
20241014;100014;13600;1;1896046195088821418;S
20241014;100015;13603;1;1896046195088821419;S
20241014;100015;13604;1;1896046195088821420;B
20241014;100015;13600;5;1896046195088821421;S
20241014;100015;13604;5;1896046195088821422;B
20241014;100015;13604;3;1896046195088821423;B
20241014;100016;13604;14;1896046195088821424;S
20241014;100016;13600;36;1896046195088821425;S
20241014;100016;13600;10;1896046195088821426;S
20241014;100016;13600;2;1896046195088821427;S
20241014;100016;13600;4;1896046195088821428;S
20241014;100016;13600;1;1896046195088821429;S
20241014;100016;13600;2;1896046195088821430;S
20241014;100016;13600;5;1896046195088821431;S
20241014;100017;13600;5;1896046195088821432;S
20241014;100017;13600;8;1896046195088821433;S
20241014;100017;13600;18;1896046195088821434;S
20241014;100017;13600;2;1896046195088821435;S
20241014;100017;13600;4;1896046195088821436;S
20241014;100017;13600;10;1896046195088821437;S
20241014;100017;13600;4;1896046195088821438;S
20241014;100017;13600;6;1896046195088821439;S
20241014;100017;13600;19;1896046195088821440;S
20241014;100017;13600;4;1896046195088821441;S
20241014;100017;13600;10;1896046195088821442;S
20241014;100017;13600;7;1896046195088821443;S
20241014;100017;13600;10;1896046195088821444;S
20241014;100017;13600;10;1896046195088821445;S
20241014;100017;13600;10;1896046195088821446;S
20241014;100017;13600;10;1896046195088821447;S
20241014;100017;13600;10;1896046195088821448;S
20241014;100017;13600;10;1896046195088821449;S
20241014;100017;13600;10;1896046195088821450;S
20241014;100017;13600;10;1896046195088821451;S
20241014;100017;13600;10;1896046195088821452;S
20241014;100017;13600;10;1896046195088821453;S
20241014;100017;13600;10;1896046195088821454;S
20241014;100017;13600;10;1896046195088821455;S
20241014;100017;13600;10;1896046195088821456;S
20241014;100017;13600;10;1896046195088821457;S
20241014;100017;13600;10;1896046195088821458;S
20241014;100017;13600;6;1896046195088821459;S
20241014;100017;13593;3;1896046195088821460;S
20241014;100017;13592;3;1896046195088821461;S
20241014;100017;13592;1;1896046195088821462;S
20241014;100017;13591;25;1896046195088821463;S
20241014;100017;13591;2;1896046195088821464;S
20241014;100017;13591;7;1896046195088821465;S
20241014;100018;13591;3;1896046195088821466;S
20241014;100018;13591;20;1896046195088821467;S
20241014;100018;13591;3;1896046195088821468;S
20241014;100018;13591;1;1896046195088821469;S
20241014;100019;13592;1;1896046195088821470;S
20241014;100020;13592;1;1896046195088821471;S
20241014;100020;13592;3;1896046195088821472;S
20241014;100020;13597;2;1896046195088821473;B
20241014;100021;13592;7;1896046195088821474;S
20241014;100021;13591;1;1896046195088821475;S
20241014;100021;13590;2;1896046195088821476;S
20241014;100021;13597;2;1896046195088821477;B
20241014;100021;13591;1;1896046195088821478;S
20241014;100021;13593;1;1896046195088821479;S
20241014;100022;13591;2;1896046195088821480;S
20241014;100022;13591;1;1896046195088821481;S
20241014;100022;13590;18;1896046195088821482;S
20241014;100022;13590;19;1896046195088821483;S
20241014;100022;13594;2;1896046195088821484;B
20241014;100022;13594;1;1896046195088821485;B
20241014;100022;13590;1;1896046195088821486;S
20241014;100022;13590;1;1896046195088821487;S
20241014;100022;13590;1;1896046195088821488;S
20241014;100023;13591;1;1896046195088821489;S
20241014;100023;13590;1;1896046195088821490;S
20241014;100023;13588;1;1896046195088821491;S
20241014;100023;13588;1;1896046195088821492;S
20241014;100023;13587;2;1896046195088821493;S
20241014;100023;13587;1;1896046195088821494;S
20241014;100024;13592;2;1896046195088821495;B
20241014;100024;13592;3;1896046195088821496;B
20241014;100024;13592;2;1896046195088821497;B
20241014;100024;13590;1;1896046195088821500;B
20241014;100024;13590;1;1896046195088821503;B
20241014;100025;13587;1;1896046195088821504;S
20241014;100025;13590;4;1896046195088821505;B
20241014;100025;13590;2;1896046195088821506;B
20241014;100025;13591;16;1896046195088821507;B
20241014;100025;13589;1;1896046195088821508;B
20241014;100026;13589;1;1896046195088821509;B
20241014;100026;13591;6;1896046195088821510;B
20241014;100026;13592;1;1896046195088821511;B
20241014;100026;13592;20;1896046195088821512;B
20241014;100026;13592;10;1896046195088821513;S
20241014;100026;13592;5;1896046195088821514;S
20241014;100026;13592;10;1896046195088821515;S
20241014;100027;13593;2;1896046195088821516;B
20241014;100027;13592;20;1896046195088821517;S
20241014;100027;13593;1;1896046195088821518;B
20241014;100028;13592;2;1896046195088821519;S
20241014;100028;13591;1;1896046195088821520;S
20241014;100028;13591;1;1896046195088821521;S
20241014;100030;13593;2;1896046195088821522;B
20241014;100030;13592;1;1896046195088821523;S
20241014;100030;13593;6;1896046195088821524;B
20241014;100030;13593;19;1896046195088821525;B
20241014;100031;13593;5;1896046195088821526;B
20241014;100031;13593;6;1896046195088821527;B
20241014;100031;13593;5;1896046195088821528;B
20241014;100031;13593;4;1896046195088821529;B
20241014;100031;13593;2;1896046195088821530;B
20241014;100031;13593;6;1896046195088821531;B
20241014;100031;13592;1;1896046195088821532;S
20241014;100031;13594;6;1896046195088821533;B
20241014;100031;13595;2;1896046195088821534;B
20241014;100031;13595;4;1896046195088821535;B
20241014;100031;13596;1;1896046195088821536;B
20241014;100032;13595;5;1896046195088821537;B
20241014;100032;13592;20;1896046195088821538;S
20241014;100032;13592;1;1896046195088821539;S
20241014;100033;13592;9;1896046195088821540;S
20241014;100034;13592;2;1896046195088821541;S
20241014;100034;13592;9;1896046195088821542;S
20241014;100034;13592;55;1896046195088821543;S
20241014;100034;13592;10;1896046195088821544;S
20241014;100034;13587;4;1896046195088821545;S
20241014;100034;13587;12;1896046195088821546;S
20241014;100034;13585;8;1896046195088821547;S
20241014;100034;13585;12;1896046195088821548;S
20241014;100034;13585;5;1896046195088821549;S
20241014;100034;13585;1;1896046195088821550;S
20241014;100034;13585;1;1896046195088821551;S
20241014;100034;13585;4;1896046195088821552;S
20241014;100034;13585;1;1896046195088821553;S
20241014;100034;13584;1;1896046195088821554;S
20241014;100034;13584;2;1896046195088821555;S
20241014;100034;13583;20;1896046195088821556;S
20241014;100034;13583;1;1896046195088821557;S
20241014;100034;13583;20;1896046195088821558;S
20241014;100034;13583;3;1896046195088821559;S
20241014;100034;13582;10;1896046195088821560;S
20241014;100034;13582;5;1896046195088821561;S
20241014;100034;13582;1;1896046195088821562;S
20241014;100034;13582;2;1896046195088821563;S
20241014;100034;13582;6;1896046195088821564;S
20241014;100034;13581;1;1896046195088821565;S
20241014;100034;13581;2;1896046195088821566;S
20241014;100034;13580;20;1896046195088821567;S
20241014;100034;13580;1;1896046195088821568;S
20241014;100034;13580;69;1896046195088821569;S
20241014;100034;13578;6;1896046195088821570;S
20241014;100034;13577;6;1896046195088821571;S
20241014;100034;13577;2;1896046195088821572;S
20241014;100034;13576;5;1896046195088821573;S
20241014;100034;13576;6;1896046195088821574;S
20241014;100034;13576;1;1896046195088821575;S
20241014;100034;13575;6;1896046195088821576;S
20241014;100034;13575;2;1896046195088821577;S
20241014;100034;13575;8;1896046195088821578;S
20241014;100034;13587;3;1896046195088821579;B
20241014;100034;13587;3;1896046195088821580;B
20241014;100034;13587;2;1896046195088821581;B
20241014;100034;13588;3;1896046195088821582;B
20241014;100034;13588;6;1896046195088821583;B
20241014;100034;13588;2;1896046195088821584;B
20241014;100034;13589;6;1896046195088821585;B
20241014;100034;13589;3;1896046195088821586;B
20241014;100034;13585;5;1896046195088821587;B
20241014;100035;13576;3;1896046195088821588;S
20241014;100035;13576;7;1896046195088821589;B
20241014;100035;13583;3;1896046195088821590;B
20241014;100035;13575;2;1896046195088821591;S
20241014;100035;13574;2;1896046195088821592;S
20241014;100035;13574;1;1896046195088821593;S
20241014;100035;13574;2;1896046195088821594;S
20241014;100035;13574;6;1896046195088821595;S
20241014;100035;13574;6;1896046195088821596;S
20241014;100035;13574;1;1896046195088821597;S
20241014;100035;13574;4;1896046195088821598;S
20241014;100035;13575;2;1896046195088821599;S
20241014;100035;13574;1;1896046195088821600;S
20241014;100035;13574;2;1896046195088821601;S
20241014;100035;13573;1;1896046195088821602;S
20241014;100035;13573;2;1896046195088821603;S
20241014;100035;13572;5;1896046195088821604;S
20241014;100035;13572;4;1896046195088821605;S
20241014;100035;13572;1;1896046195088821606;S
20241014;100035;13572;2;1896046195088821607;S
20241014;100035;13574;4;1896046195088821608;S
20241014;100035;13574;1;1896046195088821609;S
20241014;100035;13579;5;1896046195088821610;B
20241014;100035;13574;1;1896046195088821611;S
20241014;100035;13571;15;1896046195088821612;S
20241014;100035;13571;4;1896046195088821613;S
20241014;100035;13571;1;1896046195088821614;S
20241014;100035;13571;1;1896046195088821615;S
20241014;100035;13571;1;1896046195088821616;S
20241014;100035;13576;2;1896046195088821617;B
20241014;100035;13576;1;1896046195088821618;S
20241014;100035;13571;1;1896046195088821619;S
20241014;100035;13571;1;1896046195088821620;S
20241014;100035;13571;1;1896046195088821621;S
20241014;100035;13570;2;1896046195088821622;S
20241014;100035;13570;4;1896046195088821627;S
20241014;100035;13570;4;1896046195088821632;S
20241014;100035;13569;1;1896046195088821633;S
20241014;100035;13569;3;1896046195088821638;S
20241014;100035;13569;1;1896046195088821643;S
20241014;100035;13569;1;1896046195088821648;S
20241014;100035;13568;4;1896046195088821649;S
20241014;100035;13568;4;1896046195088821650;S
20241014;100035;13568;4;1896046195088821651;S
20241014;100035;13568;6;1896046195088821652;S
20241014;100035;13567;6;1896046195088821653;S
20241014;100035;13566;20;1896046195088821654;S
20241014;100035;13566;2;1896046195088821655;S
20241014;100035;13566;6;1896046195088821656;S
20241014;100035;13565;5;1896046195088821657;S
20241014;100035;13565;1;1896046195088821658;S
20241014;100035;13565;6;1896046195088821659;S
20241014;100035;13564;4;1896046195088821660;S
20241014;100035;13564;4;1896046195088821661;S
20241014;100035;13564;6;1896046195088821662;S
20241014;100035;13563;4;1896046195088821663;S
20241014;100035;13563;4;1896046195088821664;S
20241014;100035;13563;4;1896046195088821665;S
20241014;100035;13563;6;1896046195088821666;S
20241014;100035;13562;4;1896046195088821667;S
20241014;100035;13562;2;1896046195088821668;S
20241014;100035;13562;4;1896046195088821669;S
20241014;100035;13562;6;1896046195088821670;S
20241014;100035;13562;4;1896046195088821671;S
20241014;100035;13561;6;1896046195088821672;S
20241014;100035;13560;1;1896046195088821673;S
20241014;100035;13560;6;1896046195088821674;S
20241014;100035;13559;4;1896046195088821675;S
20241014;100035;13560;6;1896046195088821676;S
20241014;100035;13560;7;1896046195088821677;S
20241014;100035;13564;1;1896046195088821680;B
20241014;100035;13564;1;1896046195088821683;S
20241014;100035;13562;6;1896046195088821684;S
20241014;100035;13561;6;1896046195088821685;S
20241014;100035;13561;4;1896046195088821686;S
20241014;100035;13561;1;1896046195088821687;S
20241014;100035;13560;6;1896046195088821688;S
20241014;100035;13559;4;1896046195088821689;S
20241014;100035;13559;4;1896046195088821690;S
20241014;100035;13559;4;1896046195088821691;S
20241014;100035;13559;2;1896046195088821692;S
20241014;100035;13559;6;1896046195088821693;S
20241014;100035;13559;5;1896046195088821694;S
20241014;100035;13558;1;1896046195088821695;S
20241014;100036;13564;1;1896046195088821696;B
20241014;100036;13569;2;1896046195088821697;B
20241014;100036;13569;6;1896046195088821698;B
20241014;100036;13570;1;1896046195088821699;B
20241014;100036;13570;1;1896046195088821700;B
20241014;100036;13562;1;1896046195088821701;S
20241014;100036;13576;6;1896046195088821702;B
20241014;100036;13576;2;1896046195088821703;B
20241014;100036;13576;20;1896046195088821704;B
20241014;100036;13577;6;1896046195088821705;B
20241014;100036;13578;6;1896046195088821706;B
20241014;100036;13574;1;1896046195088821707;S
20241014;100036;13574;1;1896046195088821708;S
20241014;100036;13575;2;1896046195088821709;B
20241014;100036;13575;3;1896046195088821710;B
20241014;100036;13574;2;1896046195088821711;S
20241014;100036;13574;2;1896046195088821712;S
20241014;100036;13564;2;1896046195088821713;S
20241014;100036;13563;1;1896046195088821714;S
20241014;100036;13562;1;1896046195088821715;S
20241014;100036;13562;2;1896046195088821716;S
20241014;100036;13562;2;1896046195088821717;S
20241014;100036;13575;2;1896046195088821718;B
20241014;100036;13575;6;1896046195088821719;B
20241014;100036;13574;1;1896046195088821720;S
20241014;100036;13575;2;1896046195088821721;B
20241014;100036;13575;4;1896046195088821722;B
20241014;100036;13575;1;1896046195088821723;B
20241014;100037;13574;1;1896046195088821724;S
20241014;100037;13574;1;1896046195088821725;S
20241014;100037;13574;1;1896046195088821726;S
20241014;100037;13575;1;1896046195088821727;B
20241014;100037;13575;2;1896046195088821728;B
20241014;100037;13576;3;1896046195088821729;B
20241014;100037;13570;1;1896046195088821730;S
20241014;100037;13570;1;1896046195088821731;S
20241014;100037;13565;1;1896046195088821732;S
20241014;100037;13564;2;1896046195088821733;S
20241014;100037;13563;1;1896046195088821734;S
20241014;100037;13563;2;1896046195088821735;S
20241014;100037;13563;2;1896046195088821736;S
20241014;100037;13562;1;1896046195088821737;S
20241014;100037;13569;2;1896046195088821738;B
20241014;100037;13569;4;1896046195088821739;B
20241014;100038;13568;3;1896046195088821740;S
20241014;100038;13568;1;1896046195088821741;S
20241014;100038;13569;1;1896046195088821742;B
20241014;100038;13569;5;1896046195088821743;B
20241014;100038;13569;5;1896046195088821744;B
20241014;100038;13569;1;1896046195088821745;B
20241014;100038;13569;4;1896046195088821746;B
20241014;100038;13569;1;1896046195088821747;B
20241014;100039;13568;1;1896046195088821748;S
20241014;100039;13569;2;1896046195088821750;B
20241014;100039;13569;2;1896046195088821751;B
20241014;100039;13569;2;1896046195088821752;B
20241014;100039;13569;1;1896046195088821753;B
20241014;100040;13563;1;1896046195088821754;S
20241014;100040;13563;1;1896046195088821756;S
20241014;100040;13563;1;1896046195088821757;S
20241014;100040;13563;1;1896046195088821758;S
20241014;100040;13563;1;1896046195088821759;S
20241014;100040;13560;4;1896046195088821760;S
20241014;100040;13560;4;1896046195088821761;S
20241014;100041;13567;2;1896046195088821762;B
20241014;100041;13560;1;1896046195088821763;S
20241014;100041;13560;1;1896046195088821766;S
20241014;100041;13560;5;1896046195088821767;S
20241014;100041;13560;5;1896046195088821768;S
20241014;100041;13559;1;1896046195088821769;S
20241014;100041;13559;2;1896046195088821770;S
20241014;100041;13558;4;1896046195088821771;S
20241014;100041;13558;2;1896046195088821772;S
20241014;100041;13558;4;1896046195088821773;S
20241014;100041;13558;1;1896046195088821774;S
20241014;100041;13567;3;1896046195088821775;B
20241014;100041;13558;13;1896046195088821776;S
20241014;100041;13558;4;1896046195088821777;S
20241014;100041;13558;2;1896046195088821778;S
20241014;100041;13558;1;1896046195088821779;S
20241014;100041;13558;20;1896046195088821780;S
20241014;100042;13560;2;1896046195088821783;S
20241014;100042;13560;1;1896046195088821784;S
20241014;100042;13564;6;1896046195088821785;B
20241014;100042;13558;5;1896046195088821786;S
20241014;100042;13558;5;1896046195088821787;S
20241014;100043;13562;1;1896046195088821788;B
20241014;100043;13562;1;1896046195088821789;B
20241014;100043;13562;1;1896046195088821790;B
20241014;100043;13562;3;1896046195088821791;B
20241014;100043;13562;2;1896046195088821792;B
20241014;100043;13562;5;1896046195088821793;B
20241014;100043;13562;2;1896046195088821794;B
20241014;100043;13562;1;1896046195088821795;B
20241014;100043;13558;1;1896046195088821796;S
20241014;100043;13562;1;1896046195088821797;B
20241014;100043;13558;1;1896046195088821798;S
20241014;100044;13558;2;1896046195088821799;S
20241014;100044;13558;2;1896046195088821800;S
20241014;100044;13558;2;1896046195088821801;S
20241014;100044;13558;1;1896046195088821802;S
20241014;100044;13558;1;1896046195088821803;S
20241014;100044;13564;1;1896046195088821804;B
20241014;100044;13558;1;1896046195088821805;S
20241014;100044;13558;10;1896046195088821806;S
20241014;100044;13557;1;1896046195088821807;S
20241014;100044;13556;4;1896046195088821808;S
20241014;100044;13556;1;1896046195088821809;S
20241014;100044;13556;2;1896046195088821810;S
20241014;100044;13555;1;1896046195088821811;S
20241014;100044;13555;4;1896046195088821812;S
20241014;100044;13555;1;1896046195088821813;S
20241014;100045;13555;1;1896046195088821814;S
20241014;100045;13557;2;1896046195088821815;B
20241014;100045;13555;2;1896046195088821816;S
20241014;100045;13555;2;1896046195088821817;S
20241014;100045;13555;1;1896046195088821818;S
20241014;100045;13554;4;1896046195088821819;S
20241014;100045;13553;4;1896046195088821820;S
20241014;100045;13552;7;1896046195088821821;S
20241014;100045;13552;3;1896046195088821822;S
20241014;100045;13552;1;1896046195088821823;S
20241014;100045;13552;4;1896046195088821824;S
20241014;100045;13552;5;1896046195088821825;S
20241014;100045;13551;4;1896046195088821826;S
20241014;100045;13551;1;1896046195088821827;S
20241014;100045;13550;6;1896046195088821828;S
20241014;100045;13550;14;1896046195088821829;S
20241014;100045;13550;1;1896046195088821830;S
20241014;100045;13550;4;1896046195088821831;S
20241014;100045;13550;5;1896046195088821832;S
20241014;100045;13549;1;1896046195088821833;S
20241014;100045;13549;5;1896046195088821834;S
20241014;100045;13548;1;1896046195088821835;S
20241014;100045;13546;8;1896046195088821836;S
20241014;100045;13546;4;1896046195088821837;S
20241014;100045;13545;2;1896046195088821838;S
20241014;100045;13544;1;1896046195088821839;S
20241014;100045;13544;4;1896046195088821840;S
20241014;100045;13548;3;1896046195088821841;S
20241014;100045;13548;2;1896046195088821842;S
20241014;100045;13552;2;1896046195088821843;B
20241014;100045;13552;1;1896046195088821844;B
20241014;100045;13552;1;1896046195088821845;B
20241014;100045;13552;1;1896046195088821846;B
20241014;100045;13552;4;1896046195088821847;B
20241014;100045;13551;1;1896046195088821848;S
20241014;100045;13548;4;1896046195088821849;S
20241014;100045;13548;3;1896046195088821850;S
20241014;100045;13544;2;1896046195088821851;S
20241014;100045;13545;2;1896046195088821852;S
20241014;100045;13544;2;1896046195088821853;S
20241014;100045;13544;1;1896046195088821855;S
20241014;100045;13545;1;1896046195088821856;S
20241014;100045;13553;3;1896046195088821857;B
20241014;100045;13545;1;1896046195088821858;S
20241014;100045;13544;9;1896046195088821859;S
20241014;100045;13544;1;1896046195088821860;S
20241014;100045;13544;1;1896046195088821861;S
20241014;100045;13544;50;1896046195088821862;S
20241014;100046;13544;1;1896046195088821863;S
20241014;100046;13544;1;1896046195088821864;S
20241014;100046;13544;2;1896046195088821865;S
20241014;100046;13544;2;1896046195088821866;S
20241014;100046;13544;9;1896046195088821867;S
20241014;100046;13544;6;1896046195088821868;S
20241014;100046;13546;1;1896046195088821869;B
20241014;100046;13544;1;1896046195088821870;S
20241014;100046;13544;1;1896046195088821871;S
20241014;100046;13544;1;1896046195088821872;S
20241014;100046;13546;1;1896046195088821873;B
20241014;100046;13547;1;1896046195088821874;B
20241014;100046;13544;2;1896046195088821875;S
20241014;100046;13544;1;1896046195088821876;S
20241014;100046;13544;7;1896046195088821877;S
20241014;100046;13544;4;1896046195088821878;S
20241014;100046;13545;2;1896046195088821880;B
20241014;100046;13545;2;1896046195088821881;B
20241014;100046;13545;10;1896046195088821882;B
20241014;100046;13544;1;1896046195088821883;S
20241014;100046;13545;5;1896046195088821884;B
20241014;100046;13545;2;1896046195088821885;B
20241014;100046;13545;6;1896046195088821886;B
20241014;100046;13545;11;1896046195088821887;B
20241014;100046;13546;6;1896046195088821888;B
20241014;100046;13546;2;1896046195088821889;B
20241014;100046;13546;5;1896046195088821890;B
20241014;100046;13546;5;1896046195088821891;B
20241014;100046;13546;5;1896046195088821892;B
20241014;100046;13546;5;1896046195088821893;B
20241014;100046;13547;6;1896046195088821894;B
20241014;100046;13547;20;1896046195088821895;B
20241014;100046;13548;2;1896046195088821896;B
20241014;100046;13549;2;1896046195088821897;B
20241014;100046;13549;3;1896046195088821898;B
20241014;100046;13549;1;1896046195088821899;B
20241014;100047;13543;1;1896046195088821900;S
20241014;100047;13543;3;1896046195088821901;S
20241014;100047;13542;5;1896046195088821902;S
20241014;100047;13541;4;1896046195088821903;S
20241014;100047;13541;3;1896046195088821904;S
20241014;100047;13540;2;1896046195088821905;S
20241014;100047;13539;4;1896046195088821906;S
20241014;100047;13538;2;1896046195088821907;S
20241014;100047;13537;4;1896046195088821908;S
20241014;100047;13537;2;1896046195088821909;S
20241014;100047;13536;1;1896046195088821910;S
20241014;100047;13537;11;1896046195088821911;B
20241014;100047;13537;4;1896046195088821912;B
20241014;100047;13537;7;1896046195088821913;B
20241014;100047;13538;1;1896046195088821914;B
20241014;100047;13538;1;1896046195088821915;B
20241014;100047;13538;1;1896046195088821916;B
20241014;100047;13538;1;1896046195088821917;B
20241014;100047;13538;7;1896046195088821918;B
20241014;100047;13537;1;1896046195088821919;S
20241014;100047;13539;3;1896046195088821920;S
20241014;100047;13537;1;1896046195088821921;S
20241014;100047;13536;1;1896046195088821922;S
20241014;100047;13536;4;1896046195088821923;S
20241014;100047;13536;1;1896046195088821924;S
20241014;100047;13548;1;1896046195088821925;B
20241014;100047;13546;2;1896046195088821926;B
20241014;100047;13537;2;1896046195088821927;S
20241014;100047;13537;6;1896046195088821928;S
20241014;100047;13536;3;1896046195088821929;S
20241014;100047;13536;1;1896046195088821930;S
20241014;100047;13536;2;1896046195088821931;S
20241014;100047;13536;6;1896046195088821932;S
20241014;100047;13535;2;1896046195088821933;S
20241014;100047;13535;6;1896046195088821934;S
20241014;100047;13535;2;1896046195088821935;S
20241014;100047;13535;4;1896046195088821936;S
20241014;100047;13534;1;1896046195088821937;S
20241014;100047;13534;6;1896046195088821938;S
20241014;100047;13534;15;1896046195088821939;S
20241014;100047;13534;18;1896046195088821940;S
20241014;100047;13533;6;1896046195088821941;S
20241014;100047;13533;2;1896046195088821942;S
20241014;100047;13532;1;1896046195088821943;S
20241014;100047;13532;6;1896046195088821944;S
20241014;100047;13532;5;1896046195088821945;S
20241014;100047;13532;2;1896046195088821946;S
20241014;100047;13531;2;1896046195088821947;S
20241014;100047;13531;5;1896046195088821948;S
20241014;100047;13531;4;1896046195088821949;S
20241014;100047;13531;1;1896046195088821950;S
20241014;100047;13531;6;1896046195088821951;S
20241014;100047;13531;2;1896046195088821952;S
20241014;100047;13530;36;1896046195088821953;S
20241014;100047;13535;3;1896046195088821954;S
20241014;100047;13538;8;1896046195088821955;B
20241014;100047;13544;1;1896046195088821956;B
20241014;100047;13538;4;1896046195088821957;S
20241014;100047;13538;1;1896046195088821958;S
20241014;100047;13538;1;1896046195088821959;S
20241014;100047;13535;3;1896046195088821960;S
20241014;100047;13535;2;1896046195088821961;S
20241014;100047;13534;4;1896046195088821962;S
20241014;100047;13534;15;1896046195088821963;S
20241014;100047;13534;6;1896046195088821964;S
20241014;100047;13533;6;1896046195088821965;S
20241014;100047;13533;2;1896046195088821966;S
20241014;100047;13532;6;1896046195088821967;S
20241014;100047;13532;2;1896046195088821968;S
20241014;100047;13532;2;1896046195088821969;S
20241014;100047;13532;2;1896046195088821970;S
20241014;100047;13531;2;1896046195088821971;S
20241014;100047;13531;20;1896046195088821972;S
20241014;100047;13531;6;1896046195088821973;S
20241014;100047;13531;20;1896046195088821974;S
20241014;100047;13530;2;1896046195088821975;S
20241014;100047;13537;1;1896046195088821976;B
20241014;100047;13536;1;1896046195088821977;B
20241014;100047;13544;4;1896046195088821978;B
20241014;100047;13544;2;1896046195088821979;B
20241014;100047;13544;5;1896046195088821980;B
20241014;100047;13544;5;1896046195088821981;B
20241014;100047;13544;6;1896046195088821982;B
20241014;100047;13544;11;1896046195088821983;B
20241014;100048;13544;5;1896046195088821984;B
20241014;100048;13544;1;1896046195088821985;B
20241014;100048;13536;1;1896046195088821986;S
20241014;100048;13535;1;1896046195088821987;S
20241014;100048;13535;1;1896046195088821988;S
20241014;100048;13536;7;1896046195088821989;B
20241014;100048;13536;4;1896046195088821990;B
20241014;100048;13536;5;1896046195088821991;B
20241014;100048;13540;2;1896046195088821992;S
20241014;100048;13536;1;1896046195088821993;S
20241014;100048;13541;1;1896046195088821994;B
20241014;100048;13536;1;1896046195088821995;S
20241014;100048;13534;2;1896046195088821996;S
20241014;100048;13534;1;1896046195088821997;S
20241014;100048;13535;1;1896046195088821998;S
20241014;100048;13538;5;1896046195088821999;B
20241014;100049;13535;1;1896046195088822000;S
20241014;100049;13538;3;1896046195088822001;B
20241014;100049;13535;3;1896046195088822002;S
20241014;100049;13534;3;1896046195088822003;S
20241014;100049;13534;1;1896046195088822004;S
20241014;100049;13538;3;1896046195088822005;B
20241014;100049;13539;2;1896046195088822006;B
20241014;100049;13540;3;1896046195088822007;B
20241014;100049;13533;8;1896046195088822008;S
20241014;100049;13533;1;1896046195088822009;S
20241014;100049;13533;1;1896046195088822010;S
20241014;100049;13533;1;1896046195088822011;S
20241014;100049;13537;10;1896046195088822012;B
20241014;100049;13533;1;1896046195088822013;S
20241014;100050;13537;1;1896046195088822014;B
20241014;100050;13538;4;1896046195088822015;B
20241014;100050;13533;1;1896046195088822016;S
20241014;100050;13534;1;1896046195088822017;S
20241014;100050;13534;1;1896046195088822018;S
20241014;100050;13534;2;1896046195088822019;S
20241014;100050;13534;2;1896046195088822020;S
20241014;100050;13533;1;1896046195088822021;S
20241014;100050;13533;1;1896046195088822022;S
20241014;100050;13533;1;1896046195088822023;S
20241014;100050;13533;2;1896046195088822024;S
20241014;100050;13533;1;1896046195088822025;S
20241014;100050;13533;1;1896046195088822026;S
20241014;100050;13533;1;1896046195088822027;S
20241014;100050;13533;1;1896046195088822028;S
20241014;100051;13537;1;1896046195088822029;B
20241014;100051;13533;1;1896046195088822030;S
20241014;100051;13537;3;1896046195088822031;B
20241014;100051;13537;5;1896046195088822032;B
20241014;100051;13531;1;1896046195088822033;S
20241014;100051;13536;5;1896046195088822034;B
20241014;100052;13531;1;1896046195088822035;S
20241014;100052;13537;2;1896046195088822037;B
20241014;100052;13538;2;1896046195088822038;B
20241014;100052;13534;1;1896046195088822039;S
20241014;100053;13534;1;1896046195088822040;S
20241014;100053;13534;1;1896046195088822041;S
20241014;100053;13539;2;1896046195088822042;B
20241014;100053;13534;1;1896046195088822043;S
20241014;100054;13534;1;1896046195088822044;S
20241014;100054;13534;1;1896046195088822045;S
20241014;100054;13534;10;1896046195088822046;S
20241014;100054;13534;1;1896046195088822047;S
20241014;100054;13534;1;1896046195088822048;S
20241014;100054;13534;2;1896046195088822049;S
20241014;100054;13534;3;1896046195088822050;S
20241014;100054;13531;1;1896046195088822051;S
20241014;100054;13531;3;1896046195088822052;S
20241014;100054;13531;2;1896046195088822053;S
20241014;100054;13541;2;1896046195088822054;B
20241014;100054;13541;11;1896046195088822055;B
20241014;100054;13541;6;1896046195088822056;B
20241014;100054;13542;1;1896046195088822057;B
20241014;100054;13542;2;1896046195088822058;B
20241014;100054;13542;3;1896046195088822059;B
20241014;100054;13532;1;1896046195088822060;S
20241014;100055;13534;2;1896046195088822061;S
20241014;100055;13533;2;1896046195088822062;S
20241014;100056;13533;4;1896046195088822063;S
20241014;100056;13540;2;1896046195088822064;B
20241014;100056;13534;1;1896046195088822065;S
20241014;100056;13540;2;1896046195088822066;B
20241014;100056;13541;3;1896046195088822067;B
20241014;100057;13534;1;1896046195088822068;S
20241014;100057;13534;1;1896046195088822069;S
20241014;100057;13540;2;1896046195088822070;B
20241014;100057;13534;1;1896046195088822071;S
20241014;100057;13534;1;1896046195088822072;S
20241014;100057;13534;2;1896046195088822073;S
20241014;100057;13533;11;1896046195088822074;S
20241014;100057;13532;2;1896046195088822075;S
20241014;100057;13532;6;1896046195088822076;S
20241014;100057;13531;2;1896046195088822077;S
20241014;100057;13531;2;1896046195088822078;S
20241014;100057;13531;6;1896046195088822079;S
20241014;100057;13531;2;1896046195088822080;S
20241014;100057;13530;8;1896046195088822081;S
20241014;100057;13540;1;1896046195088822082;B
20241014;100057;13531;1;1896046195088822083;S
20241014;100057;13531;1;1896046195088822084;S
20241014;100058;13530;4;1896046195088822085;S
20241014;100058;13534;1;1896046195088822086;S
20241014;100059;13540;1;1896046195088822087;B
20241014;100059;13540;3;1896046195088822088;B
20241014;100059;13535;1;1896046195088822089;S
20241014;100059;13534;1;1896046195088822090;S
20241014;100100;13536;1;1896046195088822091;S
20241014;100100;13535;2;1896046195088822092;B
20241014;100100;13535;2;1896046195088822093;S
20241014;100100;13532;4;1896046195088822094;S
20241014;100100;13532;10;1896046195088822095;S
20241014;100100;13532;6;1896046195088822096;S
20241014;100100;13532;3;1896046195088822097;B
20241014;100100;13532;5;1896046195088822098;B
20241014;100100;13532;1;1896046195088822099;B
20241014;100100;13530;17;1896046195088822100;S
20241014;100100;13530;1;1896046195088822101;S
20241014;100100;13530;1;1896046195088822102;S
20241014;100100;13530;3;1896046195088822103;S
20241014;100100;13530;1;1896046195088822104;S
20241014;100100;13530;1;1896046195088822105;S
20241014;100101;13532;1;1896046195088822106;B
20241014;100101;13532;1;1896046195088822107;B
20241014;100101;13530;1;1896046195088822108;S
20241014;100101;13530;1;1896046195088822109;S
20241014;100102;13531;6;1896046195088822110;B
20241014;100102;13531;2;1896046195088822111;B
20241014;100103;13530;1;1896046195088822112;S
20241014;100103;13531;6;1896046195088822113;B
20241014;100103;13531;1;1896046195088822114;B
20241014;100104;13530;1;1896046195088822115;S
20241014;100104;13531;4;1896046195088822116;B
20241014;100104;13531;11;1896046195088822117;B
20241014;100104;13532;6;1896046195088822118;B
20241014;100105;13531;1;1896046195088822119;S
20241014;100105;13531;1;1896046195088822120;S
20241014;100105;13532;19;1896046195088822121;B
20241014;100105;13531;1;1896046195088822122;S
20241014;100105;13530;3;1896046195088822123;S
20241014;100106;13532;5;1896046195088822124;B
20241014;100106;13530;1;1896046195088822125;S
20241014;100106;13531;5;1896046195088822126;B
20241014;100106;13532;5;1896046195088822127;B
20241014;100107;13530;4;1896046195088822128;S
20241014;100107;13532;1;1896046195088822129;B
20241014;100107;13532;2;1896046195088822130;B
20241014;100107;13531;3;1896046195088822131;B
20241014;100108;13530;1;1896046195088822132;S
20241014;100108;13531;1;1896046195088822133;B
20241014;100108;13531;1;1896046195088822134;B
20241014;100108;13531;2;1896046195088822135;B
20241014;100108;13531;4;1896046195088822136;B
20241014;100108;13531;5;1896046195088822137;B
20241014;100109;13530;1;1896046195088822138;S
20241014;100109;13530;1;1896046195088822139;S
20241014;100109;13530;11;1896046195088822140;S
20241014;100109;13530;2;1896046195088822141;S
20241014;100110;13531;1;1896046195088822142;B
20241014;100110;13530;3;1896046195088822143;S
20241014;100110;13531;1;1896046195088822144;B
20241014;100111;13530;15;1896046195088822145;S
20241014;100111;13530;1;1896046195088822146;S
20241014;100111;13530;1;1896046195088822147;S
20241014;100111;13530;2;1896046195088822148;S
20241014;100111;13529;1;1896046195088822149;S
20241014;100111;13527;1;1896046195088822150;S
20241014;100111;13530;1;1896046195088822151;B
20241014;100111;13530;1;1896046195088822152;B
20241014;100111;13530;6;1896046195088822153;B
20241014;100111;13531;1;1896046195088822154;B
20241014;100111;13531;4;1896046195088822155;B
20241014;100111;13527;1;1896046195088822156;S
20241014;100111;13527;1;1896046195088822157;S
20241014;100112;13529;2;1896046195088822158;S
20241014;100112;13527;1;1896046195088822159;S
20241014;100113;13526;1;1896046195088822160;S
20241014;100113;13531;1;1896046195088822161;S
20241014;100113;13532;1;1896046195088822162;B
20241014;100113;13531;4;1896046195088822163;S
20241014;100113;13526;1;1896046195088822164;S
20241014;100114;13526;1;1896046195088822165;S
20241014;100115;13526;1;1896046195088822166;S
20241014;100115;13526;1;1896046195088822167;S
20241014;100115;13529;4;1896046195088822168;B
20241014;100116;13526;1;1896046195088822169;S
20241014;100116;13529;2;1896046195088822170;B
20241014;100116;13529;2;1896046195088822171;B
20241014;100117;13525;1;1896046195088822172;S
20241014;100117;13525;1;1896046195088822173;S
20241014;100117;13525;1;1896046195088822174;S
20241014;100117;13525;1;1896046195088822175;S
20241014;100117;13525;1;1896046195088822176;S
20241014;100117;13525;1;1896046195088822177;S
20241014;100117;13525;1;1896046195088822178;S
20241014;100117;13525;1;1896046195088822179;S
20241014;100117;13525;1;1896046195088822180;S
20241014;100117;13525;1;1896046195088822181;S
20241014;100117;13525;1;1896046195088822182;S
20241014;100117;13525;1;1896046195088822183;S
20241014;100117;13525;1;1896046195088822184;S
20241014;100117;13525;1;1896046195088822185;S
20241014;100117;13525;1;1896046195088822186;S
20241014;100117;13525;1;1896046195088822187;S
20241014;100118;13525;1;1896046195088822188;S
20241014;100118;13525;1;1896046195088822189;S
20241014;100118;13525;1;1896046195088822190;S
20241014;100118;13525;1;1896046195088822191;S
20241014;100118;13525;1;1896046195088822192;S
20241014;100118;13525;1;1896046195088822193;S
20241014;100118;13525;1;1896046195088822194;S
20241014;100118;13525;1;1896046195088822195;S
20241014;100118;13525;1;1896046195088822196;S
20241014;100118;13525;1;1896046195088822197;S
20241014;100118;13525;1;1896046195088822198;S
20241014;100118;13525;1;1896046195088822199;S
20241014;100118;13525;1;1896046195088822200;S
20241014;100118;13525;1;1896046195088822201;S
20241014;100118;13525;1;1896046195088822202;S
20241014;100118;13525;1;1896046195088822203;S
20241014;100118;13525;1;1896046195088822204;S
20241014;100118;13525;1;1896046195088822205;S
20241014;100118;13527;2;1896046195088822206;B
20241014;100118;13527;3;1896046195088822207;B
20241014;100118;13525;4;1896046195088822208;S
20241014;100118;13525;3;1896046195088822209;S
20241014;100119;13528;2;1896046195088822210;B
20241014;100119;13529;3;1896046195088822211;B
20241014;100119;13528;2;1896046195088822212;B
20241014;100119;13528;1;1896046195088822213;B
20241014;100119;13528;1;1896046195088822214;B
20241014;100120;13527;4;1896046195088822215;S
20241014;100120;13528;2;1896046195088822216;B
20241014;100120;13528;2;1896046195088822217;B
20241014;100120;13529;1;1896046195088822218;B
20241014;100120;13529;1;1896046195088822219;B
20241014;100120;13529;1;1896046195088822220;B
20241014;100120;13527;2;1896046195088822221;B
20241014;100120;13527;5;1896046195088822222;B
20241014;100120;13527;3;1896046195088822223;B
20241014;100120;13527;1;1896046195088822224;B
20241014;100121;13525;1;1896046195088822225;S
20241014;100121;13524;6;1896046195088822226;S
20241014;100121;13523;5;1896046195088822227;S
20241014;100121;13523;2;1896046195088822228;S
20241014;100121;13523;6;1896046195088822229;S
20241014;100121;13523;1;1896046195088822230;S
20241014;100121;13523;1;1896046195088822231;S
20241014;100121;13523;6;1896046195088822232;S
20241014;100121;13523;13;1896046195088822233;B
20241014;100121;13523;2;1896046195088822234;S
20241014;100121;13522;1;1896046195088822235;S
20241014;100121;13523;2;1896046195088822236;S
20241014;100121;13523;6;1896046195088822237;S
20241014;100121;13522;1;1896046195088822238;S
20241014;100121;13522;6;1896046195088822239;S
20241014;100121;13522;1;1896046195088822240;S
20241014;100122;13527;2;1896046195088822241;B
20241014;100122;13527;5;1896046195088822242;B
20241014;100122;13528;17;1896046195088822243;B
20241014;100122;13528;2;1896046195088822244;B
20241014;100122;13529;2;1896046195088822245;B
20241014;100122;13529;5;1896046195088822246;B
20241014;100122;13529;5;1896046195088822247;B
20241014;100122;13529;5;1896046195088822248;B
20241014;100122;13529;5;1896046195088822249;B
20241014;100123;13530;80;1896046195088822250;B
20241014;100123;13529;1;1896046195088822251;S
20241014;100123;13530;5;1896046195088822252;B
20241014;100124;13530;2;1896046195088822253;B
20241014;100124;13530;10;1896046195088822254;B
20241014;100124;13530;2;1896046195088822255;B
20241014;100124;13530;151;1896046195088822256;B
20241014;100124;13532;2;1896046195088822257;B
20241014;100125;13532;5;1896046195088822258;B
20241014;100125;13532;1;1896046195088822259;B
20241014;100125;13534;4;1896046195088822260;B
20241014;100125;13534;2;1896046195088822261;B
20241014;100126;13532;1;1896046195088822262;S
20241014;100126;13534;5;1896046195088822263;B
20241014;100126;13534;1;1896046195088822264;B
20241014;100126;13534;32;1896046195088822265;B
20241014;100126;13542;1;1896046195088822266;B
20241014;100127;13534;1;1896046195088822267;S
20241014;100127;13542;1;1896046195088822268;B
20241014;100127;13542;15;1896046195088822269;B
20241014;100127;13542;1;1896046195088822270;B
20241014;100127;13543;1;1896046195088822271;B
20241014;100127;13543;2;1896046195088822272;B
20241014;100127;13543;1;1896046195088822273;B
20241014;100127;13543;19;1896046195088822274;B
20241014;100127;13542;5;1896046195088822275;B
20241014;100127;13534;5;1896046195088822276;S
20241014;100127;13534;2;1896046195088822277;S
20241014;100127;13533;4;1896046195088822278;S
20241014;100127;13533;2;1896046195088822279;S
20241014;100127;13533;6;1896046195088822280;S
20241014;100127;13532;1;1896046195088822281;S
20241014;100127;13532;6;1896046195088822282;S
20241014;100127;13532;1;1896046195088822283;S
20241014;100127;13531;6;1896046195088822284;S
20241014;100127;13531;5;1896046195088822285;S
20241014;100127;13530;2;1896046195088822286;S
20241014;100127;13530;6;1896046195088822287;S
20241014;100127;13529;32;1896046195088822288;S
20241014;100127;13529;2;1896046195088822289;S
20241014;100127;13529;6;1896046195088822290;S
20241014;100127;13528;6;1896046195088822291;S
20241014;100127;13528;2;1896046195088822292;S
20241014;100127;13527;6;1896046195088822293;S
20241014;100128;13530;1;1896046195088822294;S
20241014;100128;13530;1;1896046195088822295;S
20241014;100128;13530;6;1896046195088822296;S
20241014;100128;13529;5;1896046195088822297;S
20241014;100128;13529;6;1896046195088822298;S
20241014;100128;13528;6;1896046195088822299;S
20241014;100128;13528;2;1896046195088822300;S
20241014;100128;13528;6;1896046195088822301;S
20241014;100128;13528;1;1896046195088822302;S
20241014;100128;13535;1;1896046195088822303;S
20241014;100129;13544;3;1896046195088822304;B
20241014;100129;13536;1;1896046195088822305;S
20241014;100129;13536;1;1896046195088822306;S
20241014;100130;13536;1;1896046195088822307;S
20241014;100130;13536;1;1896046195088822308;S
20241014;100130;13536;2;1896046195088822309;S
20241014;100131;13542;1;1896046195088822310;B
20241014;100131;13542;1;1896046195088822311;B
20241014;100131;13543;3;1896046195088822312;B
20241014;100132;13537;1;1896046195088822313;S
20241014;100132;13542;2;1896046195088822314;B
20241014;100132;13543;2;1896046195088822315;B
20241014;100132;13538;1;1896046195088822316;S
20241014;100132;13543;1;1896046195088822317;B
20241014;100133;13539;1;1896046195088822318;S
20241014;100133;13539;4;1896046195088822320;S
20241014;100133;13539;1;1896046195088822321;S
20241014;100133;13539;1;1896046195088822322;S
20241014;100133;13543;1;1896046195088822323;B
20241014;100133;13543;1;1896046195088822324;B
20241014;100133;13544;2;1896046195088822325;B
20241014;100133;13537;1;1896046195088822326;S
20241014;100133;13537;1;1896046195088822327;S
20241014;100134;13538;1;1896046195088822328;S
20241014;100134;13539;1;1896046195088822329;S
20241014;100134;13544;2;1896046195088822330;B
20241014;100134;13545;5;1896046195088822331;B
20241014;100134;13546;2;1896046195088822332;B
20241014;100134;13546;6;1896046195088822333;B
20241014;100134;13547;5;1896046195088822334;B
20241014;100134;13546;2;1896046195088822335;B
20241014;100135;13546;4;1896046195088822336;B
20241014;100135;13546;2;1896046195088822337;B
20241014;100135;13547;4;1896046195088822338;B
20241014;100135;13540;1;1896046195088822339;S
20241014;100135;13540;1;1896046195088822340;S
20241014;100136;13539;1;1896046195088822341;S
20241014;100136;13546;1;1896046195088822342;B
20241014;100136;13547;1;1896046195088822343;B
20241014;100136;13542;1;1896046195088822344;S
20241014;100137;13542;1;1896046195088822345;S
20241014;100137;13547;5;1896046195088822346;B
20241014;100137;13544;1;1896046195088822347;S
20241014;100138;13543;1;1896046195088822349;S
20241014;100138;13543;4;1896046195088822350;S
20241014;100138;13545;2;1896046195088822351;S
20241014;100138;13545;1;1896046195088822352;S
20241014;100139;13543;1;1896046195088822353;S
20241014;100139;13547;5;1896046195088822354;B
20241014;100139;13544;2;1896046195088822355;S
20241014;100139;13544;1;1896046195088822356;S
20241014;100139;13547;5;1896046195088822357;B
20241014;100139;13545;1;1896046195088822358;S
20241014;100140;13543;1;1896046195088822359;S
20241014;100140;13546;1;1896046195088822360;B
20241014;100140;13546;4;1896046195088822361;B
20241014;100140;13547;1;1896046195088822362;B
20241014;100140;13547;4;1896046195088822363;B
20241014;100140;13547;5;1896046195088822364;B
20241014;100140;13547;2;1896046195088822365;B
20241014;100140;13547;5;1896046195088822366;B
20241014;100140;13547;5;1896046195088822367;B
20241014;100140;13547;1;1896046195088822368;B
20241014;100140;13548;2;1896046195088822369;B
20241014;100140;13548;79;1896046195088822370;B
20241014;100141;13543;5;1896046195088822371;S
20241014;100141;13543;6;1896046195088822372;S
20241014;100141;13547;2;1896046195088822373;B
20241014;100141;13547;5;1896046195088822374;B
20241014;100141;13548;96;1896046195088822375;B
20241014;100141;13548;5;1896046195088822376;B
20241014;100141;13544;1;1896046195088822377;S
20241014;100142;13548;20;1896046195088822378;B
20241014;100142;13543;1;1896046195088822379;S
20241014;100142;13548;100;1896046195088822380;B
20241014;100142;13548;3;1896046195088822381;B
20241014;100142;13543;1;1896046195088822382;S
20241014;100142;13543;2;1896046195088822383;S
20241014;100142;13542;3;1896046195088822384;S
20241014;100142;13543;1;1896046195088822385;S
20241014;100143;13543;1;1896046195088822386;S
20241014;100143;13548;2;1896046195088822387;B
20241014;100143;13548;1;1896046195088822388;B
20241014;100143;13549;2;1896046195088822389;B
20241014;100143;13550;30;1896046195088822390;B
20241014;100143;13550;10;1896046195088822391;B
20241014;100143;13550;15;1896046195088822392;B
20241014;100143;13550;8;1896046195088822393;B
20241014;100143;13550;12;1896046195088822394;B
20241014;100143;13550;2;1896046195088822395;B
20241014;100143;13551;1;1896046195088822396;B
20241014;100143;13552;15;1896046195088822397;B
20241014;100143;13552;5;1896046195088822398;B
20241014;100143;13545;1;1896046195088822399;S
20241014;100143;13545;1;1896046195088822400;S
20241014;100143;13544;3;1896046195088822401;S
20241014;100143;13544;3;1896046195088822402;S
20241014;100143;13543;2;1896046195088822403;S
20241014;100143;13543;6;1896046195088822404;S
20241014;100143;13549;5;1896046195088822405;B
20241014;100144;13552;1;1896046195088822406;B
20241014;100144;13550;1;1896046195088822407;S
20241014;100145;13550;34;1896046195088822408;S
20241014;100146;13542;7;1896046195088822409;S
20241014;100146;13542;43;1896046195088822410;S
20241014;100147;13548;12;1896046195088822411;S
20241014;100148;13547;2;1896046195088822412;B
20241014;100148;13547;2;1896046195088822413;B
20241014;100148;13548;1;1896046195088822414;B
20241014;100148;13548;6;1896046195088822415;B
20241014;100148;13548;5;1896046195088822416;B
20241014;100148;13548;1;1896046195088822417;B
20241014;100148;13549;6;1896046195088822418;B
20241014;100148;13549;2;1896046195088822419;B
20241014;100148;13549;5;1896046195088822420;B
20241014;100149;13549;5;1896046195088822421;B
20241014;100150;13549;5;1896046195088822422;B
20241014;100151;13549;2;1896046195088822423;B
20241014;100151;13549;1;1896046195088822424;B
20241014;100151;13550;1;1896046195088822425;B
20241014;100151;13549;2;1896046195088822426;B
20241014;100152;13549;2;1896046195088822427;B
20241014;100152;13549;6;1896046195088822428;B
20241014;100152;13550;95;1896046195088822429;B
20241014;100152;13549;1;1896046195088822430;B
20241014;100152;13549;1;1896046195088822431;B
20241014;100152;13550;102;1896046195088822432;B
20241014;100153;13550;5;1896046195088822433;B
20241014;100153;13544;1;1896046195088822434;S
20241014;100153;13550;5;1896046195088822435;B
20241014;100153;13550;5;1896046195088822436;B
20241014;100153;13550;103;1896046195088822437;B
20241014;100154;13550;5;1896046195088822438;B
20241014;100154;13550;103;1896046195088822439;B
20241014;100155;13550;1;1896046195088822440;B
20241014;100155;13550;5;1896046195088822441;B
20241014;100155;13550;1;1896046195088822442;B
20241014;100155;13547;2;1896046195088822443;S
20241014;100155;13546;3;1896046195088822444;S
20241014;100155;13545;2;1896046195088822445;S
20241014;100155;13544;1;1896046195088822446;S
20241014;100155;13544;2;1896046195088822447;S
20241014;100155;13550;1;1896046195088822448;B
20241014;100156;13550;34;1896046195088822449;B
20241014;100156;13550;5;1896046195088822450;B
20241014;100156;13550;1;1896046195088822451;B
20241014;100156;13550;103;1896046195088822452;B
20241014;100157;13550;1;1896046195088822453;B
20241014;100158;13550;103;1896046195088822454;B
20241014;100158;13549;2;1896046195088822455;S
20241014;100158;13548;6;1896046195088822456;S
20241014;100158;13548;6;1896046195088822457;S
20241014;100158;13547;2;1896046195088822458;S
20241014;100158;13547;6;1896046195088822459;S
20241014;100158;13546;6;1896046195088822460;S
20241014;100158;13546;10;1896046195088822461;S
20241014;100158;13545;2;1896046195088822462;S
20241014;100158;13545;6;1896046195088822463;S
20241014;100158;13544;3;1896046195088822464;S
20241014;100158;13544;6;1896046195088822465;S
20241014;100158;13544;2;1896046195088822466;S
20241014;100158;13543;2;1896046195088822467;S
20241014;100158;13543;6;1896046195088822468;S
20241014;100158;13543;2;1896046195088822469;S
20241014;100158;13542;31;1896046195088822470;S
20241014;100158;13542;2;1896046195088822471;S
20241014;100158;13550;1;1896046195088822472;B
20241014;100159;13545;2;1896046195088822473;S
20241014;100159;13549;1;1896046195088822474;B
20241014;100159;13549;5;1896046195088822475;B
20241014;100159;13549;7;1896046195088822476;B
20241014;100159;13549;7;1896046195088822477;B
20241014;100200;13549;16;1896046195088822478;B
20241014;100200;13549;1;1896046195088822479;B
20241014;100201;13549;1;1896046195088822480;B
20241014;100201;13550;46;1896046195088822481;B
20241014;100201;13550;1;1896046195088822482;B
20241014;100201;13550;3;1896046195088822483;B
20241014;100201;13550;8;1896046195088822484;B
20241014;100201;13550;100;1896046195088822485;B
20241014;100203;13550;10;1896046195088822486;B
20241014;100203;13550;6;1896046195088822487;B
20241014;100203;13550;4;1896046195088822488;B
20241014;100203;13550;3;1896046195088822489;B
20241014;100203;13550;12;1896046195088822490;B
20241014;100203;13550;2;1896046195088822491;B
20241014;100203;13550;1;1896046195088822492;B
20241014;100203;13549;1;1896046195088822493;S
20241014;100204;13552;15;1896046195088822494;B
20241014;100204;13552;2;1896046195088822495;B
20241014;100204;13553;83;1896046195088822496;B
20241014;100204;13554;2;1896046195088822497;B
20241014;100204;13554;4;1896046195088822502;B
20241014;100204;13554;1;1896046195088822507;B
20241014;100204;13554;3;1896046195088822512;B
20241014;100204;13554;2;1896046195088822517;B
20241014;100204;13555;1;1896046195088822518;B
20241014;100204;13555;2;1896046195088822519;B
20241014;100204;13555;1;1896046195088822524;B
20241014;100204;13555;3;1896046195088822529;B
20241014;100204;13555;3;1896046195088822534;B
20241014;100204;13555;1;1896046195088822539;B
20241014;100204;13557;2;1896046195088822544;B
20241014;100204;13558;81;1896046195088822545;B
20241014;100204;13559;1;1896046195088822546;B
20241014;100204;13560;1;1896046195088822547;B
20241014;100204;13560;1;1896046195088822548;B
20241014;100204;13563;20;1896046195088822549;B
20241014;100204;13563;4;1896046195088822550;B
20241014;100204;13563;5;1896046195088822551;B
20241014;100204;13563;20;1896046195088822552;B
20241014;100205;13563;2;1896046195088822553;B
20241014;100205;13563;10;1896046195088822554;B
20241014;100205;13563;10;1896046195088822555;B
20241014;100205;13563;10;1896046195088822556;B
20241014;100205;13563;1;1896046195088822557;B
20241014;100205;13564;5;1896046195088822558;B
20241014;100205;13565;2;1896046195088822559;B
20241014;100205;13566;1;1896046195088822560;B
20241014;100205;13567;5;1896046195088822561;B
20241014;100205;13567;1;1896046195088822562;B
20241014;100205;13567;5;1896046195088822563;B
20241014;100205;13567;3;1896046195088822564;B
20241014;100205;13567;10;1896046195088822565;B
20241014;100206;13565;1;1896046195088822566;S
20241014;100208;13566;1;1896046195088822567;S
20241014;100209;13563;2;1896046195088822568;B
20241014;100209;13567;6;1896046195088822569;B
20241014;100210;13566;1;1896046195088822570;B
20241014;100211;13565;3;1896046195088822571;S
20241014;100211;13566;1;1896046195088822572;B
20241014;100211;13567;1;1896046195088822573;B
20241014;100217;13566;2;1896046195088822574;B
20241014;100217;13567;1;1896046195088822575;B
20241014;100217;13567;2;1896046195088822576;B
20241014;100218;13564;1;1896046195088822577;S
20241014;100218;13562;1;1896046195088822578;S
20241014;100218;13562;1;1896046195088822579;S
20241014;100218;13560;4;1896046195088822580;S
20241014;100219;13564;2;1896046195088822581;B
20241014;100220;13564;2;1896046195088822582;B
20241014;100220;13565;3;1896046195088822583;B
20241014;100220;13565;3;1896046195088822584;B
20241014;100222;13562;3;1896046195088822585;S
20241014;100224;13563;44;1896046195088822586;B
20241014;100224;13563;2;1896046195088822587;B
20241014;100224;13563;15;1896046195088822588;B
20241014;100224;13564;2;1896046195088822589;B
20241014;100224;13564;12;1896046195088822590;B
20241014;100225;13563;15;1896046195088822591;B
20241014;100225;13563;2;1896046195088822592;B
20241014;100225;13563;1;1896046195088822593;B
20241014;100225;13564;1;1896046195088822594;B
20241014;100225;13564;15;1896046195088822595;B
20241014;100225;13564;2;1896046195088822596;B
20241014;100225;13565;14;1896046195088822597;B
20241014;100228;13564;2;1896046195088822598;B
20241014;100228;13564;13;1896046195088822599;B
20241014;100228;13564;2;1896046195088822600;B
20241014;100228;13565;3;1896046195088822601;B
20241014;100228;13565;1;1896046195088822602;B
20241014;100228;13565;11;1896046195088822603;S
20241014;100229;13562;1;1896046195088822604;S
20241014;100230;13562;10;1896046195088822605;S
20241014;100230;13562;2;1896046195088822606;S
20241014;100230;13562;50;1896046195088822607;S
20241014;100230;13561;1;1896046195088822608;S
20241014;100230;13560;7;1896046195088822609;S
20241014;100230;13559;3;1896046195088822610;S
20241014;100230;13558;1;1896046195088822611;S
20241014;100231;13560;1;1896046195088822613;B
20241014;100233;13559;4;1896046195088822614;B
20241014;100233;13559;15;1896046195088822615;B
20241014;100233;13559;9;1896046195088822616;B
20241014;100233;13561;15;1896046195088822617;S
20241014;100233;13561;7;1896046195088822618;S
20241014;100235;13557;2;1896046195088822619;S
20241014;100235;13557;3;1896046195088822620;S
20241014;100235;13557;2;1896046195088822621;S
20241014;100235;13557;3;1896046195088822622;S
20241014;100235;13558;1;1896046195088822623;B
20241014;100235;13559;2;1896046195088822624;B
20241014;100236;13560;15;1896046195088822625;S
20241014;100238;13564;1;1896046195088822626;B
20241014;100238;13561;3;1896046195088822627;S
20241014;100239;13560;2;1896046195088822628;S
20241014;100239;13560;6;1896046195088822629;S
20241014;100241;13560;1;1896046195088822630;S
20241014;100241;13557;2;1896046195088822631;S
20241014;100241;13557;5;1896046195088822632;S
20241014;100241;13556;93;1896046195088822633;S
20241014;100243;13555;11;1896046195088822634;S
20241014;100243;13554;20;1896046195088822635;S
20241014;100243;13554;3;1896046195088822636;S
20241014;100243;13554;2;1896046195088822637;S
20241014;100243;13553;4;1896046195088822638;S
20241014;100243;13556;1;1896046195088822639;B
20241014;100243;13558;2;1896046195088822640;B
20241014;100243;13559;2;1896046195088822641;B
20241014;100244;13557;9;1896046195088822642;B
20241014;100245;13556;3;1896046195088822643;B
20241014;100245;13557;1;1896046195088822644;B
20241014;100245;13558;5;1896046195088822645;B
20241014;100251;13559;5;1896046195088822650;B
20241014;100255;13557;1;1896046195088822651;B
20241014;100255;13558;5;1896046195088822652;B
20241014;100302;13558;1;1896046195088822656;B
20241014;100304;13557;3;1896046195088822657;B
20241014;100304;13558;7;1896046195088822658;B
20241014;100305;13554;1;1896046195088822659;S
20241014;100305;13554;3;1896046195088822660;S
20241014;100305;13554;1;1896046195088822661;S
20241014;100307;13558;2;1896046195088822662;B
20241014;100307;13558;1;1896046195088822663;B
20241014;100307;13559;17;1896046195088822664;B
20241014;100312;13559;20;1896046195088822665;B
20241014;100312;13559;1;1896046195088822666;B
20241014;100313;13558;1;1896046195088822667;S
20241014;100314;13559;5;1896046195088822668;B
20241014;100315;13559;1;1896046195088822669;B
20241014;100315;13557;6;1896046195088822670;S
20241014;100315;13556;1;1896046195088822671;S
20241014;100316;13554;1;1896046195088822672;S
20241014;100316;13554;11;1896046195088822673;S
20241014;100316;13554;2;1896046195088822674;S
20241014;100316;13554;10;1896046195088822675;S
20241014;100316;13554;3;1896046195088822676;S
20241014;100316;13553;2;1896046195088822677;S
20241014;100318;13554;6;1896046195088822678;S
20241014;100318;13554;2;1896046195088822679;S
20241014;100318;13554;16;1896046195088822680;S
20241014;100318;13553;3;1896046195088822681;S
20241014;100318;13553;6;1896046195088822682;S
20241014;100318;13553;2;1896046195088822683;S
20241014;100318;13553;5;1896046195088822684;S
20241014;100318;13553;4;1896046195088822685;S
20241014;100320;13556;10;1896046195088822686;B
20241014;100320;13553;1;1896046195088822687;S
20241014;100320;13553;5;1896046195088822688;S
20241014;100320;13553;2;1896046195088822689;S
20241014;100322;13556;2;1896046195088822690;B
20241014;100324;13555;4;1896046195088822691;S
20241014;100326;13556;8;1896046195088822692;B
20241014;100326;13558;3;1896046195088822693;B
20241014;100326;13558;2;1896046195088822694;B
20241014;100326;13559;12;1896046195088822695;B
20241014;100326;13559;8;1896046195088822696;B
20241014;100326;13560;8;1896046195088822697;S
20241014;100326;13560;2;1896046195088822698;S
20241014;100326;13559;2;1896046195088822699;S
20241014;100326;13559;6;1896046195088822700;S
20241014;100326;13558;8;1896046195088822701;S
20241014;100326;13561;1;1896046195088822702;B
20241014;100326;13562;1;1896046195088822703;B
20241014;100326;13563;3;1896046195088822704;B
20241014;100327;13559;2;1896046195088822705;S
20241014;100332;13567;1;1896046195088822706;B
20241014;100332;13567;3;1896046195088822707;B
20241014;100332;13567;3;1896046195088822708;B
20241014;100332;13563;1;1896046195088822709;S
20241014;100333;13563;1;1896046195088822710;S
20241014;100334;13565;2;1896046195088822712;S
20241014;100334;13564;2;1896046195088822713;S
20241014;100334;13565;2;1896046195088822714;S
20241014;100334;13564;2;1896046195088822715;S
20241014;100334;13564;2;1896046195088822716;S
20241014;100334;13564;4;1896046195088822717;S
20241014;100334;13564;5;1896046195088822718;S
20241014;100336;13567;2;1896046195088822719;B
20241014;100336;13568;3;1896046195088822720;B
20241014;100342;13567;2;1896046195088822721;B
20241014;100342;13568;48;1896046195088822722;B
20241014;100344;13566;5;1896046195088822723;S
20241014;100344;13564;6;1896046195088822724;S
20241014;100344;13564;1;1896046195088822725;S
20241014;100344;13563;2;1896046195088822726;S
20241014;100344;13563;20;1896046195088822727;S
20241014;100344;13563;5;1896046195088822728;S
20241014;100344;13564;1;1896046195088822729;S
20241014;100346;13568;2;1896046195088822730;B
20241014;100346;13568;1;1896046195088822731;B
20241014;100347;13567;1;1896046195088822732;B
20241014;100347;13566;1;1896046195088822735;S
20241014;100347;13566;1;1896046195088822740;S
20241014;100348;13567;8;1896046195088822744;B
20241014;100349;13567;12;1896046195088822745;B
20241014;100349;13567;4;1896046195088822746;B
20241014;100349;13567;4;1896046195088822747;B
20241014;100352;13567;3;1896046195088822748;B
20241014;100354;13566;10;1896046195088822749;S
20241014;100357;13566;2;1896046195088822751;B
20241014;100357;13566;5;1896046195088822752;B
20241014;100402;13566;1;1896046195088822753;B
20241014;100402;13567;20;1896046195088822754;B
20241014;100402;13564;3;1896046195088822755;S
20241014;100402;13567;3;1896046195088822756;B
20241014;100403;13564;3;1896046195088822757;S
20241014;100403;13564;2;1896046195088822758;S
20241014;100403;13564;2;1896046195088822759;S
20241014;100403;13565;3;1896046195088822760;S
20241014;100403;13565;3;1896046195088822761;S
20241014;100403;13564;3;1896046195088822762;S
20241014;100404;13566;1;1896046195088822763;S
20241014;100404;13567;1;1896046195088822764;B
20241014;100405;13567;6;1896046195088822765;B
20241014;100405;13566;2;1896046195088822766;S
20241014;100405;13566;1;1896046195088822767;S
20241014;100405;13566;5;1896046195088822768;S
20241014;100405;13566;2;1896046195088822769;B
20241014;100405;13567;2;1896046195088822770;B
20241014;100406;13567;3;1896046195088822771;B
20241014;100406;13567;7;1896046195088822772;B
20241014;100406;13567;1;1896046195088822773;B
20241014;100406;13567;2;1896046195088822774;B
20241014;100406;13568;1;1896046195088822775;B
20241014;100406;13568;1;1896046195088822776;B
20241014;100406;13568;1;1896046195088822777;B
20241014;100407;13569;2;1896046195088822778;B
20241014;100407;13570;1;1896046195088822779;B
20241014;100407;13570;2;1896046195088822780;B
20241014;100409;13570;11;1896046195088822781;B
20241014;100409;13569;1;1896046195088822782;S
20241014;100410;13569;1;1896046195088822783;S
20241014;100410;13569;1;1896046195088822784;S
20241014;100411;13569;1;1896046195088822785;B
20241014;100413;13569;1;1896046195088822786;B
20241014;100414;13568;5;1896046195088822787;S
20241014;100414;13567;20;1896046195088822788;S
20241014;100414;13567;6;1896046195088822789;S
20241014;100414;13566;4;1896046195088822790;S
20241014;100415;13566;1;1896046195088822791;S
20241014;100415;13566;1;1896046195088822792;S
20241014;100415;13566;11;1896046195088822793;S
20241014;100418;13566;9;1896046195088822794;S
20241014;100418;13566;20;1896046195088822795;S
20241014;100418;13566;3;1896046195088822796;S
20241014;100418;13566;6;1896046195088822797;S
20241014;100418;13566;5;1896046195088822798;S
20241014;100418;13565;6;1896046195088822799;S
20241014;100418;13565;20;1896046195088822800;S
20241014;100418;13565;2;1896046195088822801;S
20241014;100418;13565;2;1896046195088822802;S
20241014;100418;13564;6;1896046195088822803;S
20241014;100418;13563;30;1896046195088822804;S
20241014;100418;13563;2;1896046195088822805;S
20241014;100418;13566;3;1896046195088822806;S
20241014;100422;13566;1;1896046195088822807;S
20241014;100422;13566;1;1896046195088822808;S
20241014;100423;13567;2;1896046195088822809;B
20241014;100424;13566;6;1896046195088822810;S
20241014;100424;13566;1;1896046195088822811;S
20241014;100427;13566;2;1896046195088822812;B
20241014;100430;13565;20;1896046195088822813;S
20241014;100430;13563;4;1896046195088822814;S
20241014;100430;13563;16;1896046195088822815;S
20241014;100430;13563;4;1896046195088822817;S
20241014;100430;13563;1;1896046195088822822;S
20241014;100430;13563;1;1896046195088822827;S
20241014;100430;13563;3;1896046195088822832;S
20241014;100430;13563;1;1896046195088822837;S
20241014;100430;13563;5;1896046195088822842;S
20241014;100430;13563;2;1896046195088822847;S
20241014;100430;13563;3;1896046195088822852;S
20241014;100430;13563;2;1896046195088822857;S
20241014;100430;13563;1;1896046195088822862;S
20241014;100430;13563;1;1896046195088822867;S
20241014;100430;13563;2;1896046195088822872;S
20241014;100430;13563;2;1896046195088822877;S
20241014;100430;13563;4;1896046195088822882;S
20241014;100430;13562;6;1896046195088822887;S
20241014;100430;13562;1;1896046195088822892;S
20241014;100430;13562;2;1896046195088822897;S
20241014;100430;13562;4;1896046195088822902;S
20241014;100430;13562;1;1896046195088822907;S
20241014;100430;13562;2;1896046195088822912;S
20241014;100430;13562;2;1896046195088822917;S
20241014;100431;13564;1;1896046195088822921;B
20241014;100435;13564;2;1896046195088822922;B
20241014;100435;13564;5;1896046195088822923;B
20241014;100436;13564;5;1896046195088822924;B
20241014;100437;13563;15;1896046195088822925;S
20241014;100438;13562;1;1896046195088822926;S
20241014;100438;13564;3;1896046195088822927;B
20241014;100438;13564;2;1896046195088822928;B
20241014;100438;13564;1;1896046195088822929;B
20241014;100438;13564;4;1896046195088822930;B
20241014;100440;13563;2;1896046195088822931;B
20241014;100440;13563;1;1896046195088822932;B
20241014;100442;13562;17;1896046195088822933;B
20241014;100442;13562;1;1896046195088822934;B
20241014;100442;13562;2;1896046195088822935;B
20241014;100444;13564;10;1896046195088822936;B
20241014;100444;13561;2;1896046195088822937;S
20241014;100444;13560;1;1896046195088822938;S
20241014;100444;13560;20;1896046195088822939;S
20241014;100444;13560;2;1896046195088822940;S
20241014;100444;13560;6;1896046195088822941;S
20241014;100444;13559;2;1896046195088822942;S
20241014;100444;13559;17;1896046195088822943;S
20241014;100447;13559;1;1896046195088822944;S
20241014;100447;13561;15;1896046195088822945;B
20241014;100447;13562;5;1896046195088822946;B
20241014;100447;13563;15;1896046195088822947;B
20241014;100447;13564;5;1896046195088822948;B
20241014;100447;13565;1;1896046195088822949;B
20241014;100447;13566;3;1896046195088822950;B
20241014;100450;13563;7;1896046195088822951;B
20241014;100452;13567;1;1896046195088822952;B
20241014;100453;13565;1;1896046195088822953;S
20241014;100456;13567;14;1896046195088822954;B
20241014;100456;13567;3;1896046195088822955;B
20241014;100456;13567;5;1896046195088822956;B
20241014;100458;13566;5;1896046195088822957;S
20241014;100458;13564;3;1896046195088822958;S
20241014;100458;13564;3;1896046195088822959;S
20241014;100458;13563;13;1896046195088822960;S
20241014;100458;13563;2;1896046195088822961;S
20241014;100458;13563;8;1896046195088822962;S
20241014;100458;13564;12;1896046195088822963;B
20241014;100459;13564;3;1896046195088822964;B
20241014;100459;13564;12;1896046195088822965;B
20241014;100459;13563;2;1896046195088822966;B
20241014;100459;13563;1;1896046195088822967;B
20241014;100459;13562;1;1896046195088822968;S
20241014;100501;13563;14;1896046195088822969;B
20241014;100501;13563;1;1896046195088822970;B
20241014;100501;13563;1;1896046195088822971;B
20241014;100501;13563;1;1896046195088822972;B
20241014;100513;13561;11;1896046195088822973;S
20241014;100513;13561;3;1896046195088822974;S
20241014;100513;13560;13;1896046195088822975;S
20241014;100519;13560;12;1896046195088822976;S
20241014;100519;13559;12;1896046195088822977;S
20241014;100519;13559;6;1896046195088822978;S
20241014;100520;13560;1;1896046195088822979;B
20241014;100520;13559;14;1896046195088822980;S
20241014;100520;13558;1;1896046195088822981;S
20241014;100520;13558;2;1896046195088822982;S
20241014;100520;13558;2;1896046195088822983;S
20241014;100520;13558;20;1896046195088822984;S
20241014;100520;13557;1;1896046195088822985;S
20241014;100520;13557;20;1896046195088822986;S
20241014;100520;13556;1;1896046195088822987;S
20241014;100520;13555;6;1896046195088822992;S
20241014;100520;13555;20;1896046195088822993;S
20241014;100520;13554;2;1896046195088822994;S
20241014;100520;13553;2;1896046195088822995;S
20241014;100520;13553;3;1896046195088822996;S
20241014;100520;13552;1;1896046195088822997;S
20241014;100520;13552;8;1896046195088822998;S
20241014;100520;13558;6;1896046195088822999;S
20241014;100524;13558;13;1896046195088823000;S
20241014;100524;13558;1;1896046195088823001;S
20241014;100525;13553;1;1896046195088823002;S
20241014;100528;13552;9;1896046195088823004;S
20241014;100528;13552;5;1896046195088823005;S
20241014;100528;13552;20;1896046195088823006;S
20241014;100528;13552;2;1896046195088823007;S
20241014;100528;13551;3;1896046195088823008;S
20241014;100528;13551;4;1896046195088823009;S
20241014;100528;13551;2;1896046195088823010;S
20241014;100528;13551;2;1896046195088823011;S
20241014;100528;13550;3;1896046195088823012;S
20241014;100528;13553;9;1896046195088823013;S
20241014;100530;13556;20;1896046195088823014;B
20241014;100532;13552;1;1896046195088823015;S
20241014;100533;13556;1;1896046195088823016;B
20241014;100535;13557;15;1896046195088823017;B
20241014;100535;13557;8;1896046195088823018;B
20241014;100535;13557;15;1896046195088823019;B
20241014;100535;13557;15;1896046195088823020;B
20241014;100535;13558;5;1896046195088823021;B
20241014;100535;13560;4;1896046195088823022;B
20241014;100540;13560;4;1896046195088823023;S
20241014;100540;13559;1;1896046195088823024;S
20241014;100545;13559;1;1896046195088823025;S
20241014;100551;13558;1;1896046195088823026;S
20241014;100551;13557;11;1896046195088823027;B
20241014;100554;13557;5;1896046195088823028;B
20241014;100554;13557;15;1896046195088823029;B
20241014;100555;13557;10;1896046195088823030;B
20241014;100557;13556;3;1896046195088823031;S
20241014;100557;13556;11;1896046195088823032;S
20241014;100557;13556;1;1896046195088823033;S
20241014;100557;13555;20;1896046195088823034;S
20241014;100557;13553;2;1896046195088823035;S
20241014;100557;13552;5;1896046195088823036;S
20241014;100557;13552;2;1896046195088823037;S
20241014;100557;13551;6;1896046195088823038;S
20241014;100557;13551;2;1896046195088823039;S
20241014;100557;13551;20;1896046195088823040;S
20241014;100557;13550;2;1896046195088823041;S
20241014;100557;13550;10;1896046195088823042;S
20241014;100557;13550;5;1896046195088823043;S
20241014;100557;13550;1;1896046195088823044;S
20241014;100558;13556;15;1896046195088823045;B
20241014;100558;13557;1;1896046195088823046;B
20241014;100558;13558;2;1896046195088823047;B
20241014;100558;13559;2;1896046195088823048;B
20241014;100558;13559;1;1896046195088823049;B
20241014;100558;13561;3;1896046195088823050;B
20241014;100559;13566;10;1896046195088823051;B
20241014;100600;13566;3;1896046195088823052;B
20241014;100600;13566;2;1896046195088823053;B
20241014;100600;13566;2;1896046195088823054;B
20241014;100600;13566;6;1896046195088823055;B
20241014;100602;13564;6;1896046195088823056;B
20241014;100602;13564;9;1896046195088823057;B
20241014;100605;13564;1;1896046195088823058;B
20241014;100606;13564;5;1896046195088823059;B
20241014;100606;13564;2;1896046195088823060;B
20241014;100606;13565;2;1896046195088823061;B
20241014;100610;13564;1;1896046195088823062;S
20241014;100612;13565;1;1896046195088823063;B
20241014;100612;13567;6;1896046195088823064;B
20241014;100612;13568;3;1896046195088823065;B
20241014;100613;13568;1;1896046195088823067;B
20241014;100613;13568;3;1896046195088823068;B
20241014;100613;13568;3;1896046195088823069;B
20241014;100613;13570;40;1896046195088823070;B
20241014;100614;13569;1;1896046195088823071;B
20241014;100617;13570;1;1896046195088823072;B
20241014;100617;13570;1;1896046195088823073;B
20241014;100617;13570;1;1896046195088823074;B
20241014;100617;13570;1;1896046195088823075;B
20241014;100617;13570;1;1896046195088823076;B
20241014;100617;13570;1;1896046195088823077;B
20241014;100617;13570;1;1896046195088823078;B
20241014;100617;13570;1;1896046195088823079;B
20241014;100617;13570;1;1896046195088823080;B
20241014;100617;13570;1;1896046195088823081;B
20241014;100617;13570;1;1896046195088823082;B
20241014;100617;13570;1;1896046195088823083;B
20241014;100618;13570;1;1896046195088823084;B
20241014;100618;13570;1;1896046195088823085;B
20241014;100618;13570;1;1896046195088823086;B
20241014;100618;13570;1;1896046195088823087;B
20241014;100618;13570;1;1896046195088823088;B
20241014;100619;13570;6;1896046195088823089;B
20241014;100619;13570;1;1896046195088823090;B
20241014;100619;13570;1;1896046195088823091;B
20241014;100619;13570;1;1896046195088823092;B
20241014;100619;13570;1;1896046195088823093;B
20241014;100619;13570;1;1896046195088823094;B
20241014;100619;13570;3;1896046195088823095;B
20241014;100619;13570;1;1896046195088823096;B
20241014;100620;13570;14;1896046195088823097;B
20241014;100620;13570;4;1896046195088823098;B
20241014;100620;13570;20;1896046195088823099;B
20241014;100620;13570;1;1896046195088823100;B
20241014;100620;13570;1;1896046195088823101;B
20241014;100620;13570;1;1896046195088823102;B
20241014;100620;13570;1;1896046195088823103;B
20241014;100620;13570;1;1896046195088823104;B
20241014;100620;13570;1;1896046195088823105;B
20241014;100620;13570;1;1896046195088823106;B
20241014;100620;13570;1;1896046195088823107;B
20241014;100620;13570;1;1896046195088823108;B
20241014;100620;13570;1;1896046195088823109;B
20241014;100620;13570;1;1896046195088823110;B
20241014;100620;13570;1;1896046195088823111;B
20241014;100620;13570;1;1896046195088823112;B
20241014;100620;13570;1;1896046195088823113;B
20241014;100620;13570;1;1896046195088823114;B
20241014;100620;13570;1;1896046195088823115;B
20241014;100620;13570;1;1896046195088823116;B
20241014;100620;13570;1;1896046195088823117;B
20241014;100620;13570;1;1896046195088823118;B
20241014;100621;13570;1;1896046195088823119;B
20241014;100621;13570;1;1896046195088823120;B
20241014;100621;13570;1;1896046195088823121;B
20241014;100621;13570;1;1896046195088823122;B
20241014;100621;13570;1;1896046195088823123;B
20241014;100621;13570;1;1896046195088823124;B
20241014;100621;13570;1;1896046195088823125;B
20241014;100621;13570;1;1896046195088823126;B
20241014;100621;13570;1;1896046195088823127;B
20241014;100621;13570;1;1896046195088823128;B
20241014;100621;13570;1;1896046195088823129;B
20241014;100621;13570;1;1896046195088823130;B
20241014;100621;13570;1;1896046195088823131;B
20241014;100621;13570;1;1896046195088823132;B
20241014;100621;13570;305;1896046195088823133;B
20241014;100621;13570;1;1896046195088823134;B
20241014;100621;13570;8;1896046195088823135;B
20241014;100621;13570;1;1896046195088823136;B
20241014;100621;13570;1;1896046195088823137;B
20241014;100621;13570;4;1896046195088823138;B
20241014;100621;13571;11;1896046195088823139;B
20241014;100621;13574;1;1896046195088823140;B
20241014;100621;13575;1;1896046195088823141;B
20241014;100621;13575;1;1896046195088823142;B
20241014;100624;13576;1;1896046195088823143;B
20241014;100624;13576;4;1896046195088823144;B
20241014;100624;13576;1;1896046195088823145;B
20241014;100626;13575;1;1896046195088823146;S
20241014;100627;13576;2;1896046195088823147;B
20241014;100627;13576;4;1896046195088823148;B
20241014;100627;13577;1;1896046195088823149;B
20241014;100627;13577;4;1896046195088823150;B
20241014;100627;13578;1;1896046195088823151;B
20241014;100627;13580;1;1896046195088823152;B
20241014;100627;13580;5;1896046195088823153;B
20241014;100627;13581;2;1896046195088823154;B
20241014;100627;13581;5;1896046195088823155;B
20241014;100627;13581;6;1896046195088823156;B
20241014;100627;13582;4;1896046195088823157;B
20241014;100627;13582;6;1896046195088823158;B
20241014;100627;13582;3;1896046195088823159;B
20241014;100627;13583;5;1896046195088823160;B
20241014;100627;13583;11;1896046195088823161;B
20241014;100627;13583;1;1896046195088823162;B
20241014;100627;13583;15;1896046195088823163;B
20241014;100627;13583;3;1896046195088823164;B
20241014;100627;13583;6;1896046195088823165;B
20241014;100627;13583;3;1896046195088823166;B
20241014;100627;13584;3;1896046195088823167;B
20241014;100627;13584;4;1896046195088823168;B
20241014;100627;13584;5;1896046195088823169;B
20241014;100627;13584;6;1896046195088823170;B
20241014;100627;13585;2;1896046195088823171;B
20241014;100627;13585;1;1896046195088823172;B
20241014;100627;13585;1;1896046195088823173;B
20241014;100627;13585;6;1896046195088823174;B
20241014;100627;13585;2;1896046195088823175;B
20241014;100627;13586;5;1896046195088823176;B
20241014;100627;13586;6;1896046195088823177;B
20241014;100627;13586;5;1896046195088823178;B
20241014;100627;13586;3;1896046195088823179;B
20241014;100627;13586;4;1896046195088823180;B
20241014;100627;13587;20;1896046195088823181;B
20241014;100627;13586;3;1896046195088823182;S
20241014;100627;13587;5;1896046195088823183;B
20241014;100627;13587;1;1896046195088823184;B
20241014;100627;13587;2;1896046195088823185;B
20241014;100627;13587;5;1896046195088823186;B
20241014;100627;13588;1;1896046195088823187;B
20241014;100627;13588;5;1896046195088823188;B
20241014;100627;13588;3;1896046195088823189;B
20241014;100627;13589;4;1896046195088823190;B
20241014;100627;13588;2;1896046195088823191;S
20241014;100627;13587;1;1896046195088823192;B
20241014;100627;13589;1;1896046195088823193;B
20241014;100627;13589;4;1896046195088823194;B
20241014;100627;13589;28;1896046195088823195;B
20241014;100627;13590;3;1896046195088823196;B
20241014;100627;13590;5;1896046195088823197;B
20241014;100627;13589;3;1896046195088823198;B
20241014;100627;13591;5;1896046195088823199;B
20241014;100627;13591;1;1896046195088823200;B
20241014;100627;13592;2;1896046195088823201;B
20241014;100627;13592;5;1896046195088823202;B
20241014;100627;13592;4;1896046195088823203;B
20241014;100627;13592;5;1896046195088823204;B
20241014;100627;13592;5;1896046195088823205;B
20241014;100627;13593;1;1896046195088823206;B
20241014;100627;13593;4;1896046195088823207;B
20241014;100627;13593;5;1896046195088823208;B
20241014;100627;13593;3;1896046195088823209;B
20241014;100627;13594;8;1896046195088823210;B
20241014;100627;13593;1;1896046195088823211;B
20241014;100627;13590;4;1896046195088823212;S
20241014;100627;13594;1;1896046195088823213;B
20241014;100627;13593;2;1896046195088823214;B
20241014;100627;13594;11;1896046195088823215;B
20241014;100627;13594;7;1896046195088823216;B
20241014;100627;13594;2;1896046195088823217;B
20241014;100627;13595;1;1896046195088823218;B
20241014;100627;13595;1;1896046195088823219;B
20241014;100627;13594;1;1896046195088823220;B
20241014;100627;13594;1;1896046195088823221;B
20241014;100627;13595;1;1896046195088823222;B
20241014;100627;13594;2;1896046195088823223;B
20241014;100627;13595;8;1896046195088823224;B
20241014;100627;13594;1;1896046195088823225;B
20241014;100627;13595;1;1896046195088823226;B
20241014;100627;13594;1;1896046195088823227;B
20241014;100627;13594;1;1896046195088823228;B
20241014;100627;13594;1;1896046195088823229;B
20241014;100627;13594;1;1896046195088823230;B
20241014;100627;13593;5;1896046195088823231;S
20241014;100627;13594;1;1896046195088823232;B
20241014;100627;13594;1;1896046195088823233;B
20241014;100627;13594;1;1896046195088823234;B
20241014;100627;13594;1;1896046195088823235;B
20241014;100627;13594;1;1896046195088823236;B
20241014;100627;13593;4;1896046195088823237;S
20241014;100627;13594;1;1896046195088823238;B
20241014;100627;13595;5;1896046195088823239;B
20241014;100627;13595;5;1896046195088823240;B
20241014;100627;13594;1;1896046195088823241;B
20241014;100627;13594;1;1896046195088823242;B
20241014;100627;13595;4;1896046195088823243;B
20241014;100627;13595;5;1896046195088823244;B
20241014;100627;13594;1;1896046195088823245;B
20241014;100627;13594;1;1896046195088823246;B
20241014;100627;13595;6;1896046195088823247;B
20241014;100628;13594;5;1896046195088823248;S
20241014;100628;13593;5;1896046195088823249;S
20241014;100628;13595;3;1896046195088823250;B
20241014;100628;13594;1;1896046195088823251;B
20241014;100628;13594;1;1896046195088823252;B
20241014;100628;13595;1;1896046195088823253;B
20241014;100628;13595;19;1896046195088823254;B
20241014;100628;13595;4;1896046195088823255;B
20241014;100628;13595;5;1896046195088823256;B
20241014;100628;13595;11;1896046195088823257;B
20241014;100628;13595;4;1896046195088823258;B
20241014;100628;13595;6;1896046195088823259;B
20241014;100628;13594;3;1896046195088823260;S
20241014;100628;13594;7;1896046195088823261;S
20241014;100629;13595;6;1896046195088823262;B
20241014;100632;13595;1;1896046195088823263;B
20241014;100633;13594;5;1896046195088823264;S
20241014;100634;13594;14;1896046195088823265;S
20241014;100634;13593;20;1896046195088823266;S
20241014;100634;13594;1;1896046195088823267;B
20241014;100634;13594;1;1896046195088823268;B
20241014;100634;13594;1;1896046195088823269;B
20241014;100634;13594;1;1896046195088823270;B
20241014;100634;13594;1;1896046195088823271;B
20241014;100634;13594;1;1896046195088823272;B
20241014;100634;13594;1;1896046195088823273;B
20241014;100634;13594;1;1896046195088823274;B
20241014;100634;13594;1;1896046195088823275;B
20241014;100634;13594;1;1896046195088823276;B
20241014;100634;13594;1;1896046195088823277;B
20241014;100634;13594;1;1896046195088823278;B
20241014;100634;13594;1;1896046195088823279;B
20241014;100634;13594;1;1896046195088823280;B
20241014;100634;13594;1;1896046195088823281;B
20241014;100634;13594;1;1896046195088823282;B
20241014;100634;13594;1;1896046195088823283;B
20241014;100634;13594;1;1896046195088823284;B
20241014;100634;13594;1;1896046195088823285;B
20241014;100634;13594;1;1896046195088823286;B
20241014;100634;13594;1;1896046195088823287;B
20241014;100634;13594;1;1896046195088823288;B
20241014;100634;13594;1;1896046195088823289;B
20241014;100634;13594;1;1896046195088823290;B
20241014;100634;13594;1;1896046195088823291;B
20241014;100634;13594;1;1896046195088823292;B
20241014;100634;13594;1;1896046195088823293;B
20241014;100634;13594;1;1896046195088823294;B
20241014;100634;13594;1;1896046195088823295;B
20241014;100634;13594;1;1896046195088823296;B
20241014;100634;13594;1;1896046195088823297;B
20241014;100634;13594;1;1896046195088823298;B
20241014;100634;13594;1;1896046195088823299;B
20241014;100634;13594;1;1896046195088823300;B
20241014;100635;13594;1;1896046195088823301;B
20241014;100635;13594;1;1896046195088823302;B
20241014;100635;13594;1;1896046195088823303;B
20241014;100635;13594;1;1896046195088823304;B
20241014;100635;13594;1;1896046195088823305;B
20241014;100635;13594;1;1896046195088823306;B
20241014;100635;13594;1;1896046195088823307;B
20241014;100635;13594;1;1896046195088823308;B
20241014;100635;13594;1;1896046195088823309;B
20241014;100635;13594;1;1896046195088823310;B
20241014;100635;13594;1;1896046195088823311;B
20241014;100635;13594;1;1896046195088823312;B
20241014;100635;13594;1;1896046195088823313;B
20241014;100635;13594;1;1896046195088823314;B
20241014;100635;13594;1;1896046195088823315;B
20241014;100635;13594;1;1896046195088823316;B
20241014;100635;13594;1;1896046195088823317;B
20241014;100635;13594;1;1896046195088823318;B
20241014;100635;13594;1;1896046195088823319;B
20241014;100635;13594;1;1896046195088823320;B
20241014;100635;13594;1;1896046195088823321;B
20241014;100635;13594;1;1896046195088823322;B
20241014;100635;13594;1;1896046195088823323;B
20241014;100635;13594;1;1896046195088823324;B
20241014;100635;13594;1;1896046195088823325;B
20241014;100635;13594;22;1896046195088823326;B
20241014;100635;13594;2;1896046195088823327;B
20241014;100635;13594;6;1896046195088823328;B
20241014;100635;13594;1;1896046195088823329;B
20241014;100635;13595;19;1896046195088823330;B
20241014;100635;13594;1;1896046195088823331;B
20241014;100635;13594;1;1896046195088823332;B
20241014;100635;13594;1;1896046195088823333;B
20241014;100635;13594;1;1896046195088823334;B
20241014;100635;13594;1;1896046195088823335;B
20241014;100635;13593;19;1896046195088823336;S
20241014;100636;13589;3;1896046195088823337;S
20241014;100636;13588;2;1896046195088823338;S
20241014;100636;13587;2;1896046195088823339;S
20241014;100636;13587;5;1896046195088823340;S
20241014;100636;13586;90;1896046195088823341;S
20241014;100636;13586;1;1896046195088823342;S
20241014;100636;13586;1;1896046195088823343;S
20241014;100638;13586;3;1896046195088823344;S
20241014;100640;13584;1;1896046195088823345;B
20241014;100642;13583;11;1896046195088823346;S
20241014;100642;13583;3;1896046195088823347;S
20241014;100642;13583;11;1896046195088823348;S
20241014;100644;13581;1;1896046195088823349;S
20241014;100644;13582;5;1896046195088823350;B
20241014;100644;13582;3;1896046195088823351;B
20241014;100647;13582;1;1896046195088823352;B
20241014;100647;13582;4;1896046195088823353;B
20241014;100648;13583;5;1896046195088823354;B
20241014;100650;13582;1;1896046195088823355;B
20241014;100650;13582;15;1896046195088823356;B
20241014;100650;13582;1;1896046195088823357;B
20241014;100650;13582;16;1896046195088823358;B
20241014;100650;13583;10;1896046195088823359;B
20241014;100650;13583;2;1896046195088823360;B
20241014;100650;13584;24;1896046195088823361;B
20241014;100650;13585;2;1896046195088823362;B
20241014;100650;13586;3;1896046195088823363;B
20241014;100650;13590;2;1896046195088823364;B
20241014;100650;13590;6;1896046195088823365;B
20241014;100650;13591;2;1896046195088823366;B
20241014;100650;13591;6;1896046195088823367;B
20241014;100650;13592;6;1896046195088823368;B
20241014;100650;13592;14;1896046195088823369;B
20241014;100652;13585;26;1896046195088823370;B
