<DATE>;<TIME>;<LAST>;<VOL>;<ID>;<OPER>
20241008;095939;22053;1;2025243192219141331;S
20241008;095939;22053;4;2025243192219141332;S
20241008;095939;22053;1;2025243192219141333;S
20241008;095939;22053;50;2025243192219141334;S
20241008;095939;22053;14;2025243192219141335;B
20241008;095939;22053;2;2025243192219141336;S
20241008;095939;22053;2;2025243192219141337;S
20241008;095939;22053;5;2025243192219141338;S
20241008;095939;22053;2;2025243192219141339;S
20241008;095939;22053;35;2025243192219141340;S
20241008;095939;22053;27;2025243192219141341;S
20241008;095939;22053;1;2025243192219141342;S
20241008;095939;22053;72;2025243192219141343;S
20241008;095939;22053;18;2025243192219141344;S
20241008;095939;22053;3;2025243192219141345;S
20241008;095939;22053;12;2025243192219141346;S
20241008;095939;22053;3;2025243192219141347;S
20241008;095939;22053;27;2025243192219141348;B
20241008;095939;22053;4;2025243192219141349;S
20241008;095939;22053;66;2025243192219141350;B
20241008;095939;22053;50;2025243192219141351;S
20241008;095939;22053;84;2025243192219141352;S
20241008;095939;22053;1;2025243192219141353;S
20241008;095939;22053;2;2025243192219141354;B
20241008;095939;22053;13;2025243192219141355;S
20241008;095939;22053;1;2025243192219141356;S
20241008;095939;22053;2;2025243192219141357;S
20241008;095939;22053;98;2025243192219141358;S
20241008;095939;22053;70;2025243192219141359;S
20241008;095939;22053;12;2025243192219141360;S
20241008;095939;22053;2;2025243192219141361;S
20241008;095939;22053;10;2025243192219141362;S
20241008;095939;22053;10;2025243192219141363;S
20241008;095939;22053;10;2025243192219141364;S
20241008;095939;22053;10;2025243192219141365;S
20241008;095939;22053;1;2025243192219141366;S
20241008;095939;22053;195;2025243192219141367;S
20241008;095939;22053;5;2025243192219141368;S
20241008;095939;22053;1;2025243192219141369;S
20241008;095939;22053;130;2025243192219141370;S
20241008;095939;22053;200;2025243192219141371;S
20241008;095939;22053;250;2025243192219141372;S
20241008;095939;22053;19;2025243192219141373;S
20241008;095939;22100;1;2025243192219141385;B
20241008;095939;22100;1;2025243192219141390;B
20241008;095939;22100;1;2025243192219141395;B
20241008;095939;22100;1;2025243192219141400;B
20241008;095939;22100;1;2025243192219141405;B
20241008;095939;22100;1;2025243192219141410;B
20241008;095939;22100;1;2025243192219141415;B
20241008;095939;22100;1;2025243192219141420;B
20241008;095939;22100;1;2025243192219141425;B
20241008;095939;22100;1;2025243192219141430;B
20241008;095939;22100;1;2025243192219141435;B
20241008;095939;22100;1;2025243192219141440;B
20241008;095939;22100;1;2025243192219141445;B
20241008;095939;22100;1;2025243192219141450;B
20241008;095939;22100;1;2025243192219141455;B
20241008;095939;22100;1;2025243192219141460;B
20241008;095939;22100;1;2025243192219141465;B
20241008;100001;22052;10;2025243192219141469;B
20241008;100001;22053;90;2025243192219141470;B
20241008;100001;22019;2;2025243192219141471;S
20241008;100001;22052;1;2025243192219141472;B
20241008;100001;22053;21;2025243192219141473;B
20241008;100001;22019;18;2025243192219141474;S
20241008;100001;22018;10;2025243192219141475;S
20241008;100001;22016;37;2025243192219141476;S
20241008;100001;22051;10;2025243192219141477;B
20241008;100001;22017;20;2025243192219141478;S
20241008;100001;22016;13;2025243192219141479;S
20241008;100001;22016;25;2025243192219141480;S
20241008;100001;22000;1;2025243192219141481;S
20241008;100001;22000;5;2025243192219141482;S
20241008;100001;21999;10;2025243192219141483;S
20241008;100001;21983;6;2025243192219141484;S
20241008;100001;21981;11;2025243192219141485;S
20241008;100001;21980;100;2025243192219141486;S
20241008;100001;21975;9;2025243192219141487;S
20241008;100001;22049;20;2025243192219141488;B
20241008;100001;21976;1;2025243192219141489;S
20241008;100001;21976;1;2025243192219141490;S
20241008;100001;21976;2;2025243192219141491;S
20241008;100002;22051;1;2025243192219141492;B
20241008;100002;21976;16;2025243192219141493;S
20241008;100002;21975;73;2025243192219141494;S
20241008;100002;22051;4;2025243192219141495;B
20241008;100002;22051;1;2025243192219141496;B
20241008;100002;22051;1;2025243192219141497;B
20241008;100002;22051;3;2025243192219141498;B
20241008;100002;21976;1;2025243192219141499;S
20241008;100002;21976;19;2025243192219141500;S
20241008;100002;21975;81;2025243192219141501;S
20241008;100002;22051;1;2025243192219141502;B
20241008;100002;21976;1;2025243192219141503;S
20241008;100002;21976;19;2025243192219141504;S
20241008;100002;21975;22;2025243192219141505;S
20241008;100002;22031;5;2025243192219141506;S
20241008;100002;21975;20;2025243192219141507;S
20241008;100002;22051;9;2025243192219141508;B
20241008;100002;22052;1;2025243192219141509;B
20241008;100002;22051;2;2025243192219141510;B
20241008;100002;21978;2;2025243192219141511;S
20241008;100002;22051;3;2025243192219141512;B
20241008;100002;21978;18;2025243192219141513;S
20241008;100002;21977;1;2025243192219141514;S
20241008;100002;21975;19;2025243192219141515;S
20241008;100002;22051;1;2025243192219141516;B
20241008;100002;21976;20;2025243192219141517;S
20241008;100002;21975;8;2025243192219141518;S
20241008;100002;22051;2;2025243192219141519;B
20241008;100002;22051;12;2025243192219141520;B
20241008;100002;22052;8;2025243192219141521;B
20241008;100002;22051;10;2025243192219141522;B
20241008;100002;22051;10;2025243192219141523;B
20241008;100002;22052;1;2025243192219141524;B
20241008;100002;22052;9;2025243192219141525;B
20241008;100002;21977;14;2025243192219141526;S
20241008;100002;21977;6;2025243192219141527;S
20241008;100002;21976;8;2025243192219141528;S
20241008;100002;21975;18;2025243192219141529;S
20241008;100002;21958;9;2025243192219141530;S
20241008;100002;21957;59;2025243192219141531;S
20241008;100002;22051;1;2025243192219141532;B
20241008;100002;22031;10;2025243192219141533;S
20241008;100002;21990;15;2025243192219141534;S
20241008;100002;21975;1;2025243192219141535;S
20241008;100002;21974;1;2025243192219141536;S
20241008;100002;22051;3;2025243192219141537;B
20241008;100002;21958;20;2025243192219141538;S
20241008;100002;21957;60;2025243192219141539;S
20241008;100002;22051;16;2025243192219141540;B
20241008;100002;22052;2;2025243192219141541;B
20241008;100002;22052;6;2025243192219141542;B
20241008;100002;22052;1;2025243192219141543;B
20241008;100002;22053;70;2025243192219141544;B
20241008;100002;22054;5;2025243192219141545;B
20241008;100002;22051;1;2025243192219141546;B
20241008;100002;21963;20;2025243192219141547;S
20241008;100002;21962;1;2025243192219141548;S
20241008;100002;21960;6;2025243192219141549;S
20241008;100002;21958;2;2025243192219141550;S
20241008;100002;21957;171;2025243192219141551;S
20241008;100002;21958;20;2025243192219141552;S
20241008;100002;21957;8;2025243192219141553;S
20241008;100002;21978;1;2025243192219141554;B
20241008;100002;21978;1;2025243192219141555;B
20241008;100002;21978;18;2025243192219141556;B
20241008;100002;21979;2;2025243192219141557;B
20241008;100002;21979;4;2025243192219141558;B
20241008;100002;21979;1;2025243192219141559;B
20241008;100002;21957;10;2025243192219141560;S
20241008;100003;21979;5;2025243192219141561;B
20241008;100003;21957;25;2025243192219141562;S
20241008;100003;21979;5;2025243192219141563;B
20241008;100003;21979;1;2025243192219141564;B
20241008;100003;21957;50;2025243192219141565;S
20241008;100003;21979;5;2025243192219141566;B
20241008;100003;21957;5;2025243192219141567;S
20241008;100003;21957;20;2025243192219141568;S
20241008;100003;21979;1;2025243192219141569;B
20241008;100003;21979;19;2025243192219141570;B
20241008;100003;21980;1;2025243192219141571;B
20241008;100003;22052;9;2025243192219141572;B
20241008;100003;22052;9;2025243192219141573;B
20241008;100003;22054;162;2025243192219141574;B
20241008;100003;22053;1;2025243192219141575;B
20241008;100003;22053;1;2025243192219141576;B
20241008;100003;22053;1;2025243192219141577;B
20241008;100003;21958;1;2025243192219141578;S
20241008;100003;22053;3;2025243192219141579;B
20241008;100003;21996;5;2025243192219141580;S
20241008;100003;21980;15;2025243192219141581;S
20241008;100003;22053;8;2025243192219141582;B
20241008;100003;22053;1;2025243192219141583;B
20241008;100003;22053;3;2025243192219141584;B
20241008;100003;21958;2;2025243192219141585;S
20241008;100003;21958;4;2025243192219141586;S
20241008;100003;21958;10;2025243192219141587;S
20241008;100003;21957;32;2025243192219141588;S
20241008;100003;21956;50;2025243192219141589;S
20241008;100003;21956;9;2025243192219141590;S
20241008;100003;21955;2;2025243192219141591;S
20241008;100003;21955;28;2025243192219141592;S
20241008;100003;21956;1;2025243192219141593;S
20241008;100003;21955;22;2025243192219141594;S
20241008;100003;21955;9;2025243192219141595;S
20241008;100003;21955;18;2025243192219141596;S
20241008;100003;21967;6;2025243192219141597;B
20241008;100003;21968;1;2025243192219141598;B
20241008;100003;21967;1;2025243192219141599;B
20241008;100003;21955;2;2025243192219141600;S
20241008;100003;21954;48;2025243192219141601;S
20241008;100003;21967;3;2025243192219141602;B
20241008;100003;21954;50;2025243192219141603;S
20241008;100003;21954;50;2025243192219141604;S
20241008;100003;21967;1;2025243192219141605;B
20241008;100003;21967;5;2025243192219141606;B
20241008;100003;21967;3;2025243192219141607;B
20241008;100003;21968;1;2025243192219141608;B
20241008;100003;21968;3;2025243192219141609;B
20241008;100004;21968;1;2025243192219141610;B
20241008;100004;21968;1;2025243192219141611;B
20241008;100004;21971;2;2025243192219141612;B
20241008;100004;21998;1;2025243192219141613;B
20241008;100004;21998;1;2025243192219141614;B
20241008;100004;21998;3;2025243192219141615;B
20241008;100004;21998;1;2025243192219141616;B
20241008;100004;21998;1;2025243192219141617;B
20241008;100004;21998;1;2025243192219141618;B
20241008;100004;21998;3;2025243192219141619;B
20241008;100004;21972;4;2025243192219141620;S
20241008;100004;21998;1;2025243192219141621;B
20241008;100004;21998;3;2025243192219141622;B
20241008;100004;21998;1;2025243192219141623;B
20241008;100004;21998;1;2025243192219141624;B
20241008;100005;21998;1;2025243192219141625;B
20241008;100005;21972;1;2025243192219141626;S
20241008;100005;21965;150;2025243192219141627;S
20241008;100005;21965;150;2025243192219141628;S
20241008;100005;21960;70;2025243192219141629;S
20241008;100005;21954;102;2025243192219141630;S
20241008;100005;21952;20;2025243192219141631;S
20241008;100005;21951;20;2025243192219141632;S
20241008;100005;21951;20;2025243192219141633;S
20241008;100005;21951;5;2025243192219141634;S
20241008;100005;21951;500;2025243192219141635;S
20241008;100005;21951;100;2025243192219141636;S
20241008;100005;21950;1000;2025243192219141637;S
20241008;100006;21950;30;2025243192219141638;S
20241008;100007;21954;1;2025243192219141639;B
20241008;100007;21927;1;2025243192219141640;S
20241008;100007;21927;3;2025243192219141645;S
20241008;100007;21927;2;2025243192219141650;S
20241008;100007;21927;4;2025243192219141655;S
20241008;100007;21927;4;2025243192219141660;S
20241008;100007;21922;6;2025243192219141665;S
20241008;100007;21922;1;2025243192219141670;S
20241008;100007;21922;1;2025243192219141675;S
20241008;100007;21922;2;2025243192219141680;S
20241008;100008;21949;1;2025243192219141686;B
20241008;100008;21949;9;2025243192219141691;B
20241008;100008;21949;1;2025243192219141696;B
20241008;100008;21915;3;2025243192219141701;B
20241008;100008;21915;5;2025243192219141705;B
20241008;100008;21915;2;2025243192219141707;B
20241008;100009;21915;4;2025243192219141713;B
20241008;100009;21915;1;2025243192219141718;B
20241008;100009;21915;4;2025243192219141723;B
20241008;100009;21915;5;2025243192219141728;B
20241008;100009;21915;1;2025243192219141733;B
20241008;100009;21915;1;2025243192219141738;B
20241008;100009;21915;4;2025243192219141743;B
20241008;100009;21915;5;2025243192219141748;B
20241008;100009;21915;1;2025243192219141753;B
20241008;100009;21915;4;2025243192219141758;B
20241008;100009;21915;6;2025243192219141763;B
20241008;100009;21915;10;2025243192219141768;B
20241008;100009;21915;6;2025243192219141773;B
20241008;100009;21915;6;2025243192219141778;B
20241008;100009;21915;5;2025243192219141783;B
20241008;100010;21915;3;2025243192219141788;B
20241008;100010;21915;2;2025243192219141793;B
20241008;100010;21915;5;2025243192219141798;B
20241008;100011;21944;2;2025243192219141802;B
20241008;100014;21914;11;2025243192219141803;B
20241008;100014;21914;9;2025243192219141804;B
20241008;100016;21914;1;2025243192219141805;B
20241008;100016;21914;99;2025243192219141806;B
20241008;100017;21914;10;2025243192219141807;B
20241008;100017;21914;200;2025243192219141808;B
20241008;100018;21914;50;2025243192219141809;B
20241008;100019;21914;1;2025243192219141810;B
20241008;100020;21914;50;2025243192219141813;B
20241008;100022;21914;30;2025243192219141824;B
20241008;100023;21914;50;2025243192219141825;B
20241008;100024;21914;10;2025243192219141827;B
20241008;100024;21940;1;2025243192219141828;B
20241008;100025;21916;9;2025243192219141829;S
20241008;100026;21918;20;2025243192219141831;B
20241008;100026;21918;1;2025243192219141832;B
20241008;100027;21914;10;2025243192219141833;S
20241008;100029;21914;90;2025243192219141834;S
20241008;100029;21912;11;2025243192219141835;S
20241008;100029;21911;10;2025243192219141836;S
20241008;100029;21911;30;2025243192219141837;S
20241008;100029;21911;2;2025243192219141838;S
20241008;100029;21911;10;2025243192219141839;S
20241008;100029;21907;10;2025243192219141840;S
20241008;100029;21907;20;2025243192219141841;S
20241008;100029;21907;10;2025243192219141842;S
20241008;100029;21907;15;2025243192219141843;S
20241008;100029;21905;2;2025243192219141844;S
20241008;100029;21905;20;2025243192219141845;S
20241008;100029;21900;1;2025243192219141846;S
20241008;100029;21900;68;2025243192219141847;S
20241008;100029;21903;500;2025243192219141848;B
20241008;100029;21916;20;2025243192219141849;B
20241008;100029;21937;680;2025243192219141850;B
20241008;100029;21901;20;2025243192219141851;S
20241008;100029;21900;232;2025243192219141852;S
20241008;100029;21900;30;2025243192219141853;S
20241008;100029;21900;19;2025243192219141854;S
20241008;100030;21916;30;2025243192219141855;B
20241008;100031;21916;250;2025243192219141857;B
20241008;100032;21916;220;2025243192219141858;B
20241008;100034;21936;20;2025243192219141859;S
20241008;100034;21935;6;2025243192219141860;S
20241008;100035;21929;10;2025243192219141861;S
20241008;100035;21924;4;2025243192219141862;S
20241008;100035;21923;6;2025243192219141863;S
20241008;100037;21923;3;2025243192219141864;S
20241008;100039;21922;1;2025243192219141865;S
20241008;100040;21950;8;2025243192219141867;S
20241008;100040;21925;6;2025243192219141872;S
20241008;100040;21919;1;2025243192219141877;S
20241008;100040;21918;24;2025243192219141878;S
20241008;100042;21998;2;2025243192219141879;B
20241008;100045;21998;20;2025243192219141880;B
20241008;100045;21999;8;2025243192219141881;B
20241008;100045;22000;2;2025243192219141882;B
20241008;100047;21967;9;2025243192219141883;B
20241008;100048;21925;1;2025243192219141889;S
20241008;100048;21967;2;2025243192219141890;B
20241008;100050;21967;1;2025243192219141896;B
20241008;100054;21967;13;2025243192219141901;B
20241008;100054;21968;7;2025243192219141906;B
20241008;100055;21979;4;2025243192219141911;B
20241008;100055;21979;5;2025243192219141916;B
20241008;100055;21979;1;2025243192219141921;B
20241008;100055;21989;4;2025243192219141926;B
20241008;100055;21989;5;2025243192219141931;B
20241008;100055;21989;1;2025243192219141936;B
20241008;100055;21999;20;2025243192219141941;B
20241008;100055;21999;17;2025243192219141942;B
20241008;100055;22000;48;2025243192219141943;B
20241008;100055;22001;17;2025243192219141944;S
20241008;100055;22000;3;2025243192219141945;S
20241008;100056;22070;10;2025243192219141946;B
20241008;100056;22079;1;2025243192219141951;B
20241008;100056;22079;9;2025243192219141956;B
20241008;100056;22088;6;2025243192219141961;B
20241008;100056;22088;1;2025243192219141966;B
20241008;100056;22088;1;2025243192219141971;B
20241008;100056;22088;2;2025243192219141976;B
20241008;100056;22093;1;2025243192219141981;B
20241008;100056;22093;3;2025243192219141986;B
20241008;100056;22093;2;2025243192219141991;B
20241008;100056;22093;4;2025243192219141996;B
20241008;100056;22093;4;2025243192219142001;B
20241008;100056;22098;20;2025243192219142006;B
20241008;100056;22099;1;2025243192219142007;B
20241008;100056;22100;24;2025243192219142008;B
20241008;100056;22100;3;2025243192219142009;B
20241008;100056;22100;1;2025243192219142010;B
20241008;100056;22101;9;2025243192219142015;B
20241008;100056;22103;11;2025243192219142020;B
20241008;100056;22143;11;2025243192219142025;B
20241008;100056;22144;100;2025243192219142026;B
20241008;100056;22148;70;2025243192219142027;B
20241008;100056;22152;10;2025243192219142028;B
20241008;100056;22176;10;2025243192219142029;B
20241008;100056;22176;55;2025243192219142030;B
20241008;100056;22187;100;2025243192219142031;B
20241008;100056;22189;70;2025243192219142032;B
20241008;100056;22194;200;2025243192219142033;B
20241008;100056;22199;160;2025243192219142034;B
20241008;100057;22197;7;2025243192219142035;B
20241008;100101;22099;10;2025243192219142037;B
20241008;100101;22099;10;2025243192219142042;B
20241008;100101;22100;1;2025243192219142047;B
20241008;100101;22100;2;2025243192219142051;S
20241008;100101;22099;1;2025243192219142056;S
20241008;100101;22099;3;2025243192219142061;S
20241008;100101;22099;2;2025243192219142066;S
20241008;100101;22099;4;2025243192219142071;S
20241008;100101;22099;4;2025243192219142076;S
20241008;100101;22094;4;2025243192219142081;S
20241008;100102;22197;1;2025243192219142086;B
20241008;100102;22045;20;2025243192219142087;S
20241008;100102;22044;10;2025243192219142088;S
20241008;100102;22032;10;2025243192219142089;S
20241008;100102;22006;10;2025243192219142090;S
20241008;100102;22001;1;2025243192219142091;S
20241008;100102;22000;49;2025243192219142092;S
20241008;100103;22000;4;2025243192219142094;S
20241008;100103;22000;1;2025243192219142099;S
20241008;100103;22000;3;2025243192219142104;S
20241008;100103;22000;2;2025243192219142109;S
20241008;100103;22000;4;2025243192219142114;S
20241008;100103;22003;10;2025243192219142118;S
20241008;100104;22038;5;2025243192219142119;S
20241008;100107;22008;20;2025243192219142124;S
20241008;100107;22007;100;2025243192219142125;S
20241008;100109;21970;6;2025243192219142126;B
20241008;100109;21998;20;2025243192219142127;B
20241008;100109;21999;16;2025243192219142128;B
20241008;100110;21998;5;2025243192219142129;B
20241008;100116;21998;20;2025243192219142131;B
20241008;100116;21999;2;2025243192219142132;B
20241008;100116;22000;80;2025243192219142133;B
20241008;100117;22100;5;2025243192219142135;S
20241008;100117;22100;3;2025243192219142136;S
20241008;100119;22100;1;2025243192219142137;S
20241008;100119;22100;20;2025243192219142138;S
20241008;100119;22100;20;2025243192219142139;S
20241008;100119;22100;20;2025243192219142140;S
20241008;100119;22100;20;2025243192219142141;S
20241008;100119;22100;20;2025243192219142142;S
20241008;100119;22100;20;2025243192219142143;S
20241008;100120;22100;300;2025243192219142144;S
20241008;100120;22100;8;2025243192219142145;S
20241008;100120;22006;20;2025243192219142146;S
20241008;100120;22003;8;2025243192219142147;S
20241008;100120;22001;18;2025243192219142148;S
20241008;100120;22001;6;2025243192219142149;S
20241008;100120;22000;18;2025243192219142150;S
20241008;100121;22004;1;2025243192219142151;B
20241008;100122;22004;250;2025243192219142152;B
20241008;100122;22002;8;2025243192219142153;B
20241008;100122;22002;242;2025243192219142154;B
20241008;100123;22002;250;2025243192219142155;B
20241008;100125;22000;201;2025243192219142156;S
20241008;100128;22002;8;2025243192219142157;B
20241008;100128;22018;20;2025243192219142158;B
20241008;100128;22032;5;2025243192219142159;B
20241008;100128;22054;5;2025243192219142160;B
20241008;100128;22064;18;2025243192219142161;B
20241008;100128;22064;16;2025243192219142162;B
20241008;100128;22065;14;2025243192219142163;B
20241008;100128;22006;4;2025243192219142164;B
20241008;100129;22004;47;2025243192219142165;B
20241008;100129;22004;100;2025243192219142166;B
20241008;100130;22004;150;2025243192219142167;B
20241008;100132;22002;20;2025243192219142168;S
20241008;100134;22004;30;2025243192219142169;B
20241008;100134;22004;1;2025243192219142170;B
20241008;100134;22002;10;2025243192219142173;S
20241008;100134;22002;4;2025243192219142178;S
20241008;100135;22004;1;2025243192219142184;B
20241008;100135;22004;3;2025243192219142189;B
20241008;100135;22004;2;2025243192219142194;B
20241008;100135;22004;4;2025243192219142199;B
20241008;100135;22004;4;2025243192219142204;B
20241008;100135;22004;2;2025243192219142209;B
20241008;100135;22004;1;2025243192219142214;B
20241008;100135;22002;1;2025243192219142218;S
20241008;100136;22004;149;2025243192219142219;B
20241008;100136;22004;5;2025243192219142220;B
20241008;100137;22004;1;2025243192219142221;B
20241008;100138;22041;71;2025243192219142222;B
20241008;100138;22019;3;2025243192219142223;S
20241008;100141;22020;10;2025243192219142224;B
20241008;100141;22017;80;2025243192219142225;S
20241008;100142;22020;20;2025243192219142226;B
20241008;100146;22020;50;2025243192219142227;B
20241008;100146;22020;10;2025243192219142228;B
20241008;100147;22020;1;2025243192219142229;B
20241008;100147;22020;20;2025243192219142230;B
20241008;100148;22018;4;2025243192219142231;S
20241008;100148;22017;19;2025243192219142232;S
20241008;100148;22015;20;2025243192219142233;S
20241008;100148;22013;5;2025243192219142234;S
20241008;100148;22013;5;2025243192219142235;S
20241008;100148;22005;18;2025243192219142236;S
20241008;100148;22005;29;2025243192219142237;S
20241008;100149;22008;15;2025243192219142238;B
20241008;100149;22008;8;2025243192219142239;B
20241008;100150;22008;10;2025243192219142240;B
20241008;100150;22008;50;2025243192219142241;B
20241008;100151;22008;50;2025243192219142242;B
20241008;100152;22005;5;2025243192219142243;S
20241008;100152;22005;66;2025243192219142244;S
20241008;100152;22004;1;2025243192219142245;S
20241008;100152;22004;33;2025243192219142246;S
20241008;100159;22023;17;2025243192219142247;B
20241008;100159;22023;13;2025243192219142248;B
20241008;100159;22023;1;2025243192219142249;B
20241008;100159;22039;2;2025243192219142250;B
20241008;100159;22033;10;2025243192219142251;S
20241008;100200;22020;40;2025243192219142256;S
20241008;100203;22023;365;2025243192219142257;B
20241008;100204;22023;50;2025243192219142258;B
20241008;100205;22023;50;2025243192219142259;B
20241008;100205;22023;35;2025243192219142260;B
20241008;100206;22026;1;2025243192219142262;B
20241008;100208;22026;100;2025243192219142266;B
20241008;100208;22026;399;2025243192219142267;B
20241008;100209;22027;2;2025243192219142268;S
20241008;100210;22030;2;2025243192219142269;B
20241008;100212;22027;16;2025243192219142270;S
20241008;100212;22026;484;2025243192219142271;S
20241008;100213;22029;150;2025243192219142272;B
20241008;100214;22029;50;2025243192219142273;B
20241008;100214;22027;1;2025243192219142274;S
20241008;100215;22029;10;2025243192219142275;B
20241008;100216;22029;60;2025243192219142277;B
20241008;100216;22029;1;2025243192219142281;B
20241008;100217;22029;2;2025243192219142282;B
20241008;100222;22029;3;2025243192219142283;B
20241008;100222;22029;8;2025243192219142284;B
20241008;100223;22029;65;2025243192219142285;B
20241008;100225;22029;1;2025243192219142286;B
20241008;100226;22029;150;2025243192219142287;B
20241008;100226;22030;5;2025243192219142288;B
20241008;100227;22031;5;2025243192219142289;B
20241008;100227;22031;30;2025243192219142290;B
20241008;100231;22031;5;2025243192219142291;B
20241008;100233;22031;13;2025243192219142292;B
20241008;100237;22031;80;2025243192219142293;B
20241008;100239;22031;367;2025243192219142294;B
20241008;100243;22034;61;2025243192219142295;B
20241008;100244;22034;439;2025243192219142296;B
20241008;100246;22037;20;2025243192219142298;B
20241008;100246;22037;73;2025243192219142303;B
20241008;100246;22037;2;2025243192219142308;B
20241008;100246;22037;4;2025243192219142313;B
20241008;100246;22037;10;2025243192219142318;B
20241008;100246;22037;25;2025243192219142323;B
20241008;100246;22037;1;2025243192219142328;B
20241008;100246;22037;9;2025243192219142333;B
20241008;100246;22037;4;2025243192219142338;B
20241008;100246;22037;5;2025243192219142343;B
20241008;100246;22037;1;2025243192219142348;B
20241008;100246;22037;9;2025243192219142353;B
20241008;100246;22037;2;2025243192219142358;B
20241008;100246;22037;1;2025243192219142363;B
20241008;100246;22037;4;2025243192219142368;B
20241008;100246;22036;10;2025243192219142372;B
20241008;100247;22036;1;2025243192219142373;B
20241008;100247;22036;489;2025243192219142374;B
20241008;100250;22039;1;2025243192219142375;B
20241008;100250;22039;3;2025243192219142376;B
20241008;100250;22039;5;2025243192219142379;B
20241008;100250;22039;1;2025243192219142384;B
20241008;100250;22039;50;2025243192219142389;B
20241008;100250;22039;11;2025243192219142394;B
20241008;100250;22039;5;2025243192219142399;B
20241008;100251;22039;425;2025243192219142403;B
20241008;100253;22042;500;2025243192219142404;B
20241008;100255;22042;40;2025243192219142405;B
20241008;100256;22042;5;2025243192219142407;B
20241008;100256;22042;2;2025243192219142412;B
20241008;100256;22042;7;2025243192219142417;B
20241008;100257;22042;2;2025243192219142421;B
20241008;100258;22039;30;2025243192219142422;S
20241008;100258;22042;1;2025243192219142424;B
20241008;100300;22042;5;2025243192219142428;B
20241008;100300;22039;1;2025243192219142429;S
20241008;100302;22042;1;2025243192219142430;B
20241008;100303;22042;8;2025243192219142431;B
20241008;100303;22042;1;2025243192219142432;B
20241008;100304;22042;10;2025243192219142433;B
20241008;100305;22041;20;2025243192219142434;S
20241008;100305;22040;1;2025243192219142435;S
20241008;100305;22040;18;2025243192219142436;S
20241008;100305;22039;44;2025243192219142437;S
20241008;100305;22039;4;2025243192219142438;S
20241008;100305;22037;11;2025243192219142439;S
20241008;100305;22036;1;2025243192219142440;S
20241008;100305;22036;2;2025243192219142441;S
20241008;100305;22035;1;2025243192219142442;S
20241008;100305;22035;21;2025243192219142443;S
20241008;100305;22034;61;2025243192219142444;S
20241008;100305;22031;133;2025243192219142445;S
20241008;100305;22031;2;2025243192219142446;S
20241008;100305;22031;10;2025243192219142447;S
20241008;100305;22031;15;2025243192219142448;S
20241008;100305;22031;75;2025243192219142449;S
20241008;100305;22030;3;2025243192219142450;S
20241008;100305;22029;1;2025243192219142451;S
20241008;100305;22029;10;2025243192219142452;S
20241008;100305;22029;17;2025243192219142453;S
20241008;100305;22028;8;2025243192219142454;S
20241008;100305;22028;3;2025243192219142455;S
20241008;100305;22027;1;2025243192219142456;S
20241008;100305;22026;38;2025243192219142457;S
20241008;100305;22026;79;2025243192219142458;S
20241008;100305;22026;1;2025243192219142459;S
20241008;100305;22026;30;2025243192219142460;S
20241008;100305;22022;1;2025243192219142461;S
20241008;100305;22021;1;2025243192219142462;S
20241008;100305;22021;1;2025243192219142463;S
20241008;100305;22021;12;2025243192219142464;S
20241008;100305;22020;375;2025243192219142465;S
20241008;100305;22020;500;2025243192219142466;S
20241008;100306;22050;10;2025243192219142467;B
20241008;100306;22052;20;2025243192219142468;B
20241008;100307;22062;2;2025243192219142469;B
20241008;100311;22063;18;2025243192219142470;B
20241008;100311;22063;21;2025243192219142471;B
20241008;100311;22064;103;2025243192219142472;B
20241008;100311;22072;16;2025243192219142473;B
20241008;100314;22071;4;2025243192219142474;B
20241008;100315;22071;50;2025243192219142475;B
20241008;100320;22071;10;2025243192219142476;B
20241008;100320;22071;8;2025243192219142477;B
20241008;100321;22071;1;2025243192219142478;B
20241008;100322;22071;5;2025243192219142479;B
20241008;100324;22070;2;2025243192219142480;B
20241008;100324;22071;22;2025243192219142481;B
20241008;100324;22072;10;2025243192219142482;B
20241008;100324;22074;46;2025243192219142483;B
20241008;100325;22074;45;2025243192219142484;B
20241008;100327;22071;5;2025243192219142485;B
20241008;100330;22074;9;2025243192219142486;B
20241008;100330;22081;31;2025243192219142487;B
20241008;100330;22081;1;2025243192219142488;B
20241008;100330;22081;3;2025243192219142489;B
20241008;100330;22072;10;2025243192219142490;S
20241008;100336;22079;10;2025243192219142491;B
20241008;100336;22079;90;2025243192219142492;B
20241008;100337;22080;1;2025243192219142493;B
20241008;100337;22080;4;2025243192219142494;B
20241008;100338;22080;1;2025243192219142495;B
20241008;100339;22080;4;2025243192219142496;B
20241008;100339;22081;1;2025243192219142497;B
20241008;100342;22081;5;2025243192219142498;B
20241008;100343;22080;50;2025243192219142499;B
20241008;100345;22080;2;2025243192219142500;S
20241008;100347;22081;1;2025243192219142502;B
20241008;100348;22080;7;2025243192219142503;S
20241008;100348;22081;6;2025243192219142504;B
20241008;100350;22081;5;2025243192219142506;B
20241008;100350;22081;40;2025243192219142510;B
20241008;100350;22080;41;2025243192219142511;S
20241008;100350;22080;21;2025243192219142512;S
20241008;100350;22080;80;2025243192219142513;S
20241008;100351;22080;45;2025243192219142515;B
20241008;100351;22080;2;2025243192219142520;B
20241008;100351;22080;77;2025243192219142524;B
20241008;100352;22080;49;2025243192219142525;B
20241008;100353;22080;28;2025243192219142526;B
20241008;100353;22080;19;2025243192219142527;B
20241008;100353;22080;3;2025243192219142528;B
20241008;100356;22079;10;2025243192219142529;S
20241008;100356;22079;80;2025243192219142530;S
20241008;100356;22079;2;2025243192219142531;S
20241008;100356;22079;10;2025243192219142532;S
20241008;100356;22074;15;2025243192219142533;S
20241008;100356;22074;19;2025243192219142534;S
20241008;100356;22072;1;2025243192219142535;S
20241008;100356;22071;873;2025243192219142536;S
20241008;100356;22072;18;2025243192219142537;S
20241008;100356;22071;722;2025243192219142538;S
20241008;100356;22071;13;2025243192219142539;S
20241008;100356;22067;20;2025243192219142540;S
20241008;100358;22073;18;2025243192219142541;B
20241008;100358;22073;2;2025243192219142542;B
20241008;100359;22078;18;2025243192219142543;B
20241008;100359;22079;20;2025243192219142544;B
20241008;100359;22079;12;2025243192219142545;B
20241008;100400;22065;1;2025243192219142548;B
20241008;100401;22065;7;2025243192219142553;B
20241008;100402;22065;2;2025243192219142558;B
20241008;100402;22062;1;2025243192219142563;S
20241008;100403;22065;15;2025243192219142564;B
20241008;100403;22070;25;2025243192219142569;B
20241008;100403;22070;160;2025243192219142570;B
20241008;100405;22062;19;2025243192219142572;S
20241008;100405;22062;3;2025243192219142573;S
20241008;100405;22061;2;2025243192219142574;S
20241008;100405;22060;1;2025243192219142575;S
20241008;100405;22060;200;2025243192219142576;S
20241008;100405;22050;1;2025243192219142577;S
20241008;100405;22050;1;2025243192219142578;S
20241008;100405;22049;10;2025243192219142579;S
20241008;100405;22044;1;2025243192219142580;S
20241008;100405;22047;2;2025243192219142581;B
20241008;100405;22048;48;2025243192219142582;B
20241008;100406;22048;10;2025243192219142583;B
20241008;100407;22053;5;2025243192219142584;B
20241008;100408;22043;20;2025243192219142585;S
20241008;100408;22042;10;2025243192219142586;S
20241008;100408;22041;2;2025243192219142587;S
20241008;100408;22039;1;2025243192219142588;B
20241008;100408;22038;2;2025243192219142589;B
20241008;100413;22038;25;2025243192219142591;B
20241008;100414;22035;1;2025243192219142592;S
20241008;100417;22033;50;2025243192219142593;B
20241008;100422;22025;1;2025243192219142594;S
20241008;100422;22024;9;2025243192219142595;S
20241008;100429;22028;100;2025243192219142596;B
20241008;100430;22028;35;2025243192219142598;B
20241008;100431;22024;1;2025243192219142602;S
20241008;100431;22023;21;2025243192219142603;S
20241008;100431;22023;18;2025243192219142604;S
20241008;100432;22022;41;2025243192219142605;S
20241008;100432;22021;40;2025243192219142606;S
20241008;100432;22021;18;2025243192219142607;S
20241008;100432;22020;125;2025243192219142608;S
20241008;100432;22020;1;2025243192219142609;S
20241008;100432;22020;1;2025243192219142610;S
20241008;100432;22020;5;2025243192219142611;S
20241008;100432;22017;695;2025243192219142612;S
20241008;100432;22015;20;2025243192219142613;S
20241008;100432;22023;4;2025243192219142614;B
20241008;100433;22024;10;2025243192219142615;B
20241008;100433;22009;17;2025243192219142616;S
20241008;100434;22008;4;2025243192219142617;S
20241008;100434;22003;3;2025243192219142618;S
20241008;100434;22002;5;2025243192219142619;S
20241008;100434;22002;41;2025243192219142620;S
20241008;100434;22002;20;2025243192219142621;S
20241008;100434;22001;1;2025243192219142622;S
20241008;100434;22001;2;2025243192219142627;S
20241008;100434;22000;20;2025243192219142628;S
20241008;100434;22000;3;2025243192219142629;S
20241008;100434;22000;1;2025243192219142630;S
20241008;100434;22001;14;2025243192219142631;S
20241008;100434;22000;2;2025243192219142632;S
20241008;100434;22000;26;2025243192219142633;S
20241008;100434;22000;234;2025243192219142634;S
20241008;100434;22000;10;2025243192219142635;S
20241008;100434;22000;3;2025243192219142636;S
20241008;100434;22000;1;2025243192219142637;S
20241008;100435;22000;1;2025243192219142638;B
20241008;100435;21999;10;2025243192219142639;S
20241008;100435;21996;12;2025243192219142640;S
20241008;100435;21995;8;2025243192219142645;S
20241008;100435;21994;5;2025243192219142650;S
20241008;100435;21990;4;2025243192219142651;S
20241008;100437;22000;1;2025243192219142652;B
20241008;100437;21990;21;2025243192219142653;S
20241008;100437;21990;67;2025243192219142654;S
20241008;100438;22000;19;2025243192219142655;B
20241008;100438;22000;16;2025243192219142656;B
20241008;100439;22000;2;2025243192219142657;B
20241008;100439;22000;75;2025243192219142658;B
20241008;100441;22020;100;2025243192219142659;B
20241008;100445;22019;20;2025243192219142660;B
20241008;100445;22020;10;2025243192219142661;B
20241008;100447;22017;5;2025243192219142662;B
20241008;100447;22020;995;2025243192219142663;B
20241008;100450;22002;19;2025243192219142664;S
20241008;100450;22019;10;2025243192219142665;B
20241008;100451;22001;19;2025243192219142666;S
20241008;100451;22001;18;2025243192219142667;S
20241008;100451;22001;4;2025243192219142668;S
20241008;100451;22001;21;2025243192219142669;S
20241008;100451;22000;188;2025243192219142670;S
20241008;100453;22018;20;2025243192219142671;B
20241008;100453;22018;18;2025243192219142672;B
20241008;100453;22018;18;2025243192219142673;B
20241008;100453;22019;194;2025243192219142674;B
20241008;100501;22022;5;2025243192219142675;B
20241008;100501;22024;20;2025243192219142676;B
20241008;100501;22025;10;2025243192219142677;B
20241008;100501;22035;3;2025243192219142678;B
20241008;100501;22046;1;2025243192219142679;B
20241008;100501;22047;58;2025243192219142680;B
20241008;100503;22002;8;2025243192219142681;S
20241008;100504;22002;12;2025243192219142682;S
20241008;100504;22001;8;2025243192219142683;S
20241008;100510;22022;5;2025243192219142684;S
20241008;100511;22022;15;2025243192219142685;S
20241008;100511;22021;18;2025243192219142686;S
20241008;100511;22019;1;2025243192219142687;S
20241008;100512;22005;1;2025243192219142688;B
20241008;100514;22001;10;2025243192219142689;S
20241008;100514;22001;121;2025243192219142690;S
20241008;100514;22001;1;2025243192219142691;S
20241008;100514;22001;2;2025243192219142692;S
20241008;100514;22001;35;2025243192219142693;S
20241008;100514;22000;331;2025243192219142694;S
20241008;100517;22005;17;2025243192219142695;B
20241008;100517;22005;21;2025243192219142696;B
20241008;100517;22006;212;2025243192219142697;B
20241008;100518;22002;1;2025243192219142698;S
20241008;100518;22002;5;2025243192219142699;S
20241008;100518;22000;994;2025243192219142700;S
20241008;100521;22015;10;2025243192219142701;B
20241008;100521;22003;2;2025243192219142702;S
20241008;100521;22014;1;2025243192219142703;B
20241008;100521;22015;2;2025243192219142704;B
20241008;100523;22003;1;2025243192219142705;S
20241008;100523;22000;61;2025243192219142706;S
20241008;100523;22000;20;2025243192219142707;S
20241008;100523;22000;1;2025243192219142708;S
20241008;100523;22000;3;2025243192219142709;S
20241008;100523;22000;20;2025243192219142710;S
20241008;100523;21999;10;2025243192219142711;S
20241008;100523;21999;20;2025243192219142712;S
20241008;100523;21991;5;2025243192219142713;B
20241008;100523;21992;20;2025243192219142714;S
20241008;100523;21991;18;2025243192219142715;S
20241008;100524;21990;30;2025243192219142716;S
20241008;100524;21990;3;2025243192219142717;S
20241008;100524;21990;13;2025243192219142718;B
20241008;100526;21990;4;2025243192219142719;B
20241008;100526;21990;9;2025243192219142720;B
20241008;100529;21979;4;2025243192219142721;S
20241008;100529;21976;1;2025243192219142722;S
20241008;100529;21975;40;2025243192219142723;S
20241008;100529;21974;20;2025243192219142724;S
20241008;100529;21969;3;2025243192219142725;S
20241008;100529;21968;3;2025243192219142726;S
20241008;100529;21967;3;2025243192219142727;S
20241008;100529;21957;9;2025243192219142728;S
20241008;100529;21956;40;2025243192219142729;S
20241008;100529;21954;1;2025243192219142730;S
20241008;100529;21952;7;2025243192219142735;S
20241008;100529;21950;3;2025243192219142740;S
20241008;100529;21950;1;2025243192219142741;S
20241008;100529;21935;5;2025243192219142742;S
20241008;100529;21927;1;2025243192219142743;S
20241008;100529;21925;10;2025243192219142748;S
20241008;100529;21922;43;2025243192219142749;S
20241008;100530;22024;20;2025243192219142750;B
20241008;100530;22025;10;2025243192219142751;B
20241008;100530;22026;3;2025243192219142752;B
20241008;100537;22029;20;2025243192219142753;B
20241008;100537;22030;17;2025243192219142754;B
20241008;100537;22030;19;2025243192219142755;B
20241008;100537;22031;244;2025243192219142756;B
20241008;100539;22031;20;2025243192219142757;S
20241008;100540;22031;18;2025243192219142758;S
20241008;100541;22030;2;2025243192219142759;S
20241008;100542;22030;190;2025243192219142760;S
20241008;100543;22020;21;2025243192219142761;B
20241008;100543;22020;18;2025243192219142762;B
20241008;100543;22021;11;2025243192219142763;B
20241008;100543;22002;20;2025243192219142764;S
20241008;100543;22001;1;2025243192219142765;S
20241008;100543;21999;10;2025243192219142766;S
20241008;100543;21999;10;2025243192219142767;S
20241008;100545;21997;1;2025243192219142768;B
20241008;100548;21997;1;2025243192219142769;B
20241008;100549;21997;1;2025243192219142770;B
20241008;100549;21998;99;2025243192219142771;B
20241008;100550;21998;1000;2025243192219142772;B
20241008;100552;21994;100;2025243192219142773;B
20241008;100552;21994;100;2025243192219142774;B
20241008;100552;21996;65;2025243192219142775;B
20241008;100552;21976;5;2025243192219142776;S
20241008;100552;21976;8;2025243192219142777;S
20241008;100552;21995;8;2025243192219142778;B
20241008;100552;21996;32;2025243192219142779;B
20241008;100558;21990;5;2025243192219142780;B
20241008;100558;21991;5;2025243192219142781;B
20241008;100559;21991;1;2025243192219142782;B
20241008;100601;21981;10;2025243192219142783;B
20241008;100603;21978;23;2025243192219142784;S
20241008;100603;21978;1;2025243192219142785;S
20241008;100603;21977;1;2025243192219142786;S
20241008;100603;21977;121;2025243192219142787;S
20241008;100603;21976;29;2025243192219142788;S
20241008;100603;21976;1;2025243192219142789;S
20241008;100603;21975;5;2025243192219142790;S
20241008;100603;21975;10;2025243192219142791;S
20241008;100603;21974;10;2025243192219142792;S
20241008;100603;21972;6;2025243192219142793;S
20241008;100605;21971;10;2025243192219142794;B
20241008;100607;21971;8;2025243192219142795;B
20241008;100608;21971;10;2025243192219142796;B
20241008;100608;21971;54;2025243192219142797;B
20241008;100608;21973;20;2025243192219142798;S
20241008;100608;21972;19;2025243192219142799;S
20241008;100609;21970;3;2025243192219142801;S
20241008;100609;21970;5;2025243192219142806;S
20241008;100609;21958;11;2025243192219142807;S
20241008;100609;21954;5;2025243192219142808;S
20241008;100609;21954;1;2025243192219142809;S
20241008;100609;21952;1;2025243192219142810;S
20241008;100609;21952;20;2025243192219142811;S
20241008;100609;21950;20;2025243192219142812;S
20241008;100609;21950;20;2025243192219142813;S
20241008;100609;21949;10;2025243192219142814;S
20241008;100609;21949;4;2025243192219142815;B
20241008;100610;21949;1;2025243192219142817;B
20241008;100610;21949;5;2025243192219142822;B
20241008;100610;21949;15;2025243192219142827;B
20241008;100612;21945;5;2025243192219142831;S
20241008;100612;21935;5;2025243192219142832;S
20241008;100612;21927;29;2025243192219142833;S
20241008;100615;21949;10;2025243192219142834;S
20241008;100615;21945;1;2025243192219142835;S
20241008;100616;21942;15;2025243192219142837;B
20241008;100617;21942;5;2025243192219142841;B
20241008;100617;21943;5;2025243192219142842;B
20241008;100618;21942;5;2025243192219142844;B
20241008;100621;21928;10;2025243192219142848;S
20241008;100621;21942;10;2025243192219142849;B
20241008;100623;21942;5;2025243192219142850;B
20241008;100623;21943;5;2025243192219142851;B
20241008;100624;21937;7;2025243192219142853;B
20241008;100624;21938;8;2025243192219142858;B
20241008;100625;21938;1;2025243192219142863;B
20241008;100627;21927;11;2025243192219142867;S
20241008;100627;21926;5;2025243192219142868;S
20241008;100627;21926;2;2025243192219142869;S
20241008;100627;21922;26;2025243192219142874;S
20241008;100627;21922;22;2025243192219142875;S
20241008;100627;21920;3;2025243192219142876;S
20241008;100627;21919;15;2025243192219142877;S
20241008;100627;21919;10;2025243192219142878;S
20241008;100627;21918;156;2025243192219142879;S
20241008;100627;21918;84;2025243192219142880;S
20241008;100627;21917;11;2025243192219142881;S
20241008;100627;21917;8;2025243192219142882;S
20241008;100627;21937;10;2025243192219142883;B
20241008;100628;21937;5;2025243192219142885;B
20241008;100629;21930;2;2025243192219142889;S
20241008;100629;21921;4;2025243192219142890;S
20241008;100631;21915;10;2025243192219142891;S
20241008;100632;21937;1;2025243192219142893;B
20241008;100633;21915;9;2025243192219142897;S
20241008;100633;21914;10;2025243192219142898;S
20241008;100641;21938;20;2025243192219142899;B
20241008;100641;21939;9;2025243192219142900;B
20241008;100641;21940;24;2025243192219142901;B
20241008;100641;21942;19;2025243192219142902;B
20241008;100641;21943;928;2025243192219142903;B
20241008;100642;21945;1;2025243192219142904;B
20241008;100652;21924;1;2025243192219142906;B
20241008;100653;21920;4;2025243192219142910;S
20241008;100653;21913;1;2025243192219142911;S
20241008;100654;21913;4;2025243192219142912;S
20241008;100654;21910;1;2025243192219142913;S
20241008;100654;21910;8;2025243192219142918;S
20241008;100654;21910;20;2025243192219142923;S
20241008;100654;21906;50;2025243192219142924;S
20241008;100654;21905;7;2025243192219142925;S
20241008;100654;21904;5;2025243192219142926;S
20241008;100654;21904;22;2025243192219142927;S
20241008;100654;21904;250;2025243192219142928;S
20241008;100654;21904;20;2025243192219142929;S
20241008;100654;21903;20;2025243192219142930;S
20241008;100654;21903;250;2025243192219142931;S
20241008;100654;21901;183;2025243192219142932;S
20241008;100655;21902;19;2025243192219142933;S
20241008;100655;21902;5;2025243192219142934;S
20241008;100658;21921;1;2025243192219142935;S
20241008;100659;21922;10;2025243192219142937;B
20241008;100700;21921;1;2025243192219142946;S
20241008;100701;21921;3;2025243192219142947;S
20241008;100701;21913;1;2025243192219142948;S
20241008;100704;21923;1;2025243192219142949;S
20241008;100704;21922;14;2025243192219142950;S
20241008;100708;21926;2;2025243192219142951;B
20241008;100711;21919;12;2025243192219142952;S
20241008;100711;21918;500;2025243192219142953;S
20241008;100711;21914;10;2025243192219142954;S
20241008;100711;21913;4;2025243192219142955;S
20241008;100711;21911;1;2025243192219142956;S
20241008;100711;21911;1;2025243192219142957;S
20241008;100711;21909;20;2025243192219142958;S
20241008;100711;21913;1000;2025243192219142959;S
20241008;100712;21910;5;2025243192219142960;S
20241008;100712;21901;24;2025243192219142965;S
20241008;100719;21937;20;2025243192219142966;B
20241008;100719;21938;23;2025243192219142967;B
20241008;100719;21938;20;2025243192219142968;B
20241008;100719;21939;37;2025243192219142969;B
20241008;100720;21926;10;2025243192219142970;S
20241008;100720;21926;20;2025243192219142971;S
20241008;100720;21916;20;2025243192219142972;S
20241008;100720;21915;1;2025243192219142973;S
20241008;100720;21913;10;2025243192219142978;S
20241008;100720;21910;9;2025243192219142983;S
20241008;100720;21909;500;2025243192219142988;S
20241008;100720;21902;23;2025243192219142989;S
20241008;100720;21901;247;2025243192219142990;S
20241008;100726;21915;10;2025243192219142992;B
20241008;100726;21902;10;2025243192219142996;S
20241008;100728;21909;10;2025243192219143000;B
20241008;100729;21903;4;2025243192219143001;S
20241008;100729;21902;10;2025243192219143002;S
20241008;100729;21901;36;2025243192219143003;S
20241008;100734;21902;10;2025243192219143004;S
20241008;100734;21901;10;2025243192219143005;S
20241008;100734;21901;80;2025243192219143006;S
20241008;100734;21900;21;2025243192219143007;S
20241008;100734;21900;1;2025243192219143008;S
20241008;100734;21900;2;2025243192219143009;S
20241008;100734;21900;50;2025243192219143010;S
20241008;100734;21900;4;2025243192219143011;S
20241008;100734;21900;50;2025243192219143012;S
20241008;100734;21900;25;2025243192219143013;S
20241008;100734;21899;10;2025243192219143014;S
20241008;100734;21888;5;2025243192219143015;S
20241008;100734;21887;20;2025243192219143016;S
20241008;100734;21886;500;2025243192219143017;S
20241008;100734;21883;212;2025243192219143018;S
20241008;100734;21883;22;2025243192219143019;S
20241008;100734;21892;1;2025243192219143020;B
20241008;100735;21892;2;2025243192219143021;B
20241008;100735;21892;1;2025243192219143022;B
20241008;100737;21893;1;2025243192219143023;B
20241008;100738;21893;16;2025243192219143024;B
20241008;100738;21892;10;2025243192219143025;S
20241008;100739;21889;20;2025243192219143026;S
20241008;100739;21887;10;2025243192219143027;B
20241008;100740;21887;2;2025243192219143028;B
20241008;100740;21887;8;2025243192219143029;B
20241008;100740;21888;1;2025243192219143030;B
20241008;100740;21889;1;2025243192219143031;B
20241008;100740;21886;20;2025243192219143032;S
20241008;100740;21885;20;2025243192219143033;S
20241008;100740;21884;1;2025243192219143034;S
20241008;100740;21883;266;2025243192219143035;S
20241008;100740;21883;1;2025243192219143036;S
20241008;100740;21882;500;2025243192219143037;S
20241008;100740;21911;21;2025243192219143038;S
20241008;100740;21910;500;2025243192219143039;S
20241008;100741;21876;10;2025243192219143040;S
20241008;100741;21875;10;2025243192219143045;S
20241008;100741;21874;1;2025243192219143050;S
20241008;100741;21866;25;2025243192219143055;B
20241008;100742;21860;2;2025243192219143056;S
20241008;100742;21866;10;2025243192219143057;B
20241008;100743;21850;59;2025243192219143058;S
20241008;100743;21850;5;2025243192219143059;S
20241008;100743;21850;1;2025243192219143060;S
20241008;100743;21850;10;2025243192219143061;S
20241008;100743;21849;20;2025243192219143062;B
20241008;100743;21850;425;2025243192219143063;B
20241008;100743;21855;20;2025243192219143064;B
20241008;100743;21866;163;2025243192219143065;B
20241008;100744;21865;5;2025243192219143067;B
20241008;100750;21861;21;2025243192219143071;B
20241008;100750;21862;4;2025243192219143072;B
20241008;100750;21856;11;2025243192219143073;S
20241008;100751;21850;10;2025243192219143074;B
20241008;100753;21846;26;2025243192219143075;S
20241008;100753;21843;10;2025243192219143076;S
20241008;100753;21846;92;2025243192219143077;B
20241008;100753;21849;5;2025243192219143078;B
20241008;100753;21850;3;2025243192219143079;B
20241008;100754;21843;24;2025243192219143080;B
20241008;100754;21844;21;2025243192219143081;B
20241008;100754;21839;20;2025243192219143082;S
20241008;100754;21836;20;2025243192219143083;S
20241008;100754;21835;24;2025243192219143084;S
20241008;100754;21834;500;2025243192219143085;S
20241008;100754;21830;100;2025243192219143086;S
20241008;100754;21829;8;2025243192219143087;S
20241008;100754;21826;71;2025243192219143088;S
20241008;100755;21835;8;2025243192219143089;B
20241008;100755;21836;20;2025243192219143090;B
20241008;100755;21868;10;2025243192219143091;B
20241008;100755;21828;8;2025243192219143096;S
20241008;100755;21826;20;2025243192219143097;S
20241008;100755;21825;250;2025243192219143098;S
20241008;100755;21822;20;2025243192219143099;S
20241008;100755;21821;500;2025243192219143100;S
20241008;100755;21816;480;2025243192219143101;S
20241008;100755;21821;20;2025243192219143102;S
20241008;100755;21820;5;2025243192219143103;S
20241008;100755;21816;20;2025243192219143104;S
20241008;100755;21816;5;2025243192219143105;S
20241008;100755;21814;20;2025243192219143106;B
20241008;100755;21815;8;2025243192219143107;B
20241008;100755;21820;25;2025243192219143108;B
20241008;100755;21821;447;2025243192219143109;B
20241008;100756;21818;10;2025243192219143110;B
20241008;100756;21818;1;2025243192219143112;B
20241008;100757;21818;9;2025243192219143117;B
20241008;100757;21819;1;2025243192219143122;B
20241008;100757;21820;4;2025243192219143127;B
20241008;100757;21820;6;2025243192219143132;B
20241008;100758;21820;5;2025243192219143136;B
20241008;100800;21820;10;2025243192219143137;B
20241008;100801;21819;2;2025243192219143138;B
20241008;100802;21814;1;2025243192219143139;S
20241008;100802;21819;1;2025243192219143141;B
20241008;100803;21819;17;2025243192219143145;B
20241008;100803;21819;1;2025243192219143146;B
20241008;100803;21820;72;2025243192219143147;B
20241008;100803;21820;10;2025243192219143148;B
20241008;100804;21820;4;2025243192219143149;B
20241008;100806;21830;50;2025243192219143150;S
20241008;100809;21838;10;2025243192219143151;B
20241008;100809;21838;500;2025243192219143152;B
20241008;100810;21844;18;2025243192219143153;S
20241008;100810;21843;20;2025243192219143154;S
20241008;100811;21833;10;2025243192219143155;S
20241008;100811;21851;20;2025243192219143156;B
20241008;100811;21852;18;2025243192219143157;B
20241008;100811;21852;10;2025243192219143158;B
20241008;100811;21853;452;2025243192219143159;B
20241008;100811;21856;20;2025243192219143160;B
20241008;100811;21857;10;2025243192219143161;B
20241008;100813;21857;500;2025243192219143162;B
20241008;100813;21838;20;2025243192219143163;S
20241008;100813;21837;20;2025243192219143164;S
20241008;100813;21826;26;2025243192219143165;S
20241008;100813;21825;284;2025243192219143166;S
20241008;100816;21868;9;2025243192219143167;B
20241008;100823;21871;20;2025243192219143168;B
20241008;100823;21872;26;2025243192219143169;B
20241008;100823;21872;20;2025243192219143170;B
20241008;100823;21873;434;2025243192219143171;B
20241008;100825;21855;3;2025243192219143172;S
20241008;100827;21855;16;2025243192219143173;S
20241008;100827;21854;20;2025243192219143174;S
20241008;100827;21850;75;2025243192219143175;S
20241008;100827;21843;1;2025243192219143176;S
20241008;100827;21840;8;2025243192219143177;S
20241008;100828;21867;15;2025243192219143178;B
20241008;100829;21853;5;2025243192219143179;S
20241008;100829;21850;20;2025243192219143180;S
20241008;100829;21848;20;2025243192219143181;S
20241008;100829;21846;26;2025243192219143182;S
20241008;100829;21844;29;2025243192219143183;S
20241008;100829;21850;1;2025243192219143184;B
20241008;100832;21861;10;2025243192219143189;B
20241008;100832;21862;8;2025243192219143190;B
20241008;100832;21868;2;2025243192219143191;B
20241008;100832;21868;7;2025243192219143192;B
20241008;100832;21876;20;2025243192219143197;B
20241008;100832;21877;12;2025243192219143198;B
20241008;100836;21858;10;2025243192219143199;S
20241008;100838;21851;20;2025243192219143200;S
20241008;100838;21854;8;2025243192219143201;S
20241008;100838;21851;500;2025243192219143202;S
20241008;100845;21872;13;2025243192219143203;B
20241008;100845;21872;19;2025243192219143204;B
20241008;100845;21872;8;2025243192219143205;B
20241008;100845;21873;340;2025243192219143206;B
20241008;100951;21915;9;2025243192219143207;B
20241008;101004;21915;1;2025243192219143212;S
20241008;101004;21877;5;2025243192219143213;S
20241008;101004;21877;5;2025243192219143214;S
20241008;101004;21876;9;2025243192219143215;S
20241008;101004;21874;10;2025243192219143216;S
20241008;101008;21915;10;2025243192219143218;S
20241008;101008;21907;5;2025243192219143219;S
20241008;101010;21929;9;2025243192219143220;B
20241008;101010;21930;1;2025243192219143221;B
20241008;101021;21930;1;2025243192219143222;B
20241008;101025;21892;4;2025243192219143223;B
20241008;101025;21915;1;2025243192219143224;B
20241008;101027;21920;5;2025243192219143225;B
20241008;101027;21929;20;2025243192219143226;B
20241008;101027;21930;4;2025243192219143227;B
20241008;101032;21934;500;2025243192219143228;B
20241008;101033;21931;2;2025243192219143229;S
20241008;101035;21944;20;2025243192219143230;B
20241008;101039;21944;7;2025243192219143231;B
20241008;101039;21941;5;2025243192219143232;S
20241008;101040;21944;28;2025243192219143233;B
20241008;101040;21944;20;2025243192219143234;B
20241008;101041;21941;5;2025243192219143235;S
20241008;101042;21941;5;2025243192219143236;S
20241008;101043;21941;5;2025243192219143237;S
20241008;101044;21941;5;2025243192219143238;S
20241008;101044;21943;1;2025243192219143239;B
20241008;101044;21943;499;2025243192219143240;B
20241008;101045;21944;1;2025243192219143241;S
20241008;101045;21940;4;2025243192219143242;S
20241008;101045;21945;10;2025243192219143243;B
20241008;101045;21945;5;2025243192219143244;B
20241008;101045;21954;6;2025243192219143245;B
20241008;101046;21950;20;2025243192219143248;B
20241008;101046;21950;15;2025243192219143249;B
20241008;101046;21951;15;2025243192219143250;B
20241008;101047;21960;5;2025243192219143251;B
20241008;101047;21960;5;2025243192219143252;B
20241008;101047;21960;5;2025243192219143253;B
20241008;101047;21970;5;2025243192219143254;B
20241008;101047;21970;20;2025243192219143255;B
20241008;101047;21970;3;2025243192219143256;B
20241008;101047;21975;10;2025243192219143257;B
20241008;101047;21975;42;2025243192219143258;B
20241008;101047;21975;50;2025243192219143259;B
20241008;101051;21964;10;2025243192219143260;S
20241008;101052;21964;5;2025243192219143261;B
20241008;101052;21964;5;2025243192219143262;B
20241008;101053;21964;110;2025243192219143263;B
20241008;101054;21964;5;2025243192219143264;B
20241008;101054;21976;14;2025243192219143265;B
20241008;101054;21982;5;2025243192219143266;B
20241008;101054;21985;15;2025243192219143267;B
20241008;101055;21964;5;2025243192219143268;S
20241008;101056;21964;5;2025243192219143269;S
20241008;101057;21967;10;2025243192219143270;B
20241008;101058;21966;5;2025243192219143271;S
20241008;101059;21966;10;2025243192219143272;S
20241008;101101;21967;5;2025243192219143273;S
20241008;101104;21969;10;2025243192219143274;S
20241008;101105;21994;15;2025243192219143275;B
20241008;101109;21970;500;2025243192219143276;B
20241008;101110;21974;51;2025243192219143277;B
20241008;101112;21995;3;2025243192219143278;B
20241008;101112;21999;5;2025243192219143279;B
20241008;101112;22000;10;2025243192219143280;B
20241008;101112;22000;5;2025243192219143281;B
20241008;101112;22000;6;2025243192219143282;B
20241008;101113;22000;600;2025243192219143283;B
20241008;101115;21991;4;2025243192219143284;S
20241008;101116;21994;15;2025243192219143285;B
20241008;101116;21994;300;2025243192219143286;B
20241008;101117;21999;5;2025243192219143287;B
20241008;101117;22000;151;2025243192219143288;B
20241008;101118;21991;5;2025243192219143289;S
20241008;101119;21991;5;2025243192219143290;S
20241008;101120;21991;5;2025243192219143291;S
20241008;101121;21991;5;2025243192219143292;S
20241008;101121;22000;10;2025243192219143293;B
20241008;101122;21991;5;2025243192219143294;S
20241008;101123;21991;5;2025243192219143295;S
20241008;101125;21991;5;2025243192219143296;S
20241008;101127;22000;1;2025243192219143297;B
20241008;101127;22000;5;2025243192219143298;B
20241008;101127;22001;7;2025243192219143299;S
20241008;101131;22001;5;2025243192219143300;S
20241008;101132;22001;5;2025243192219143302;S
20241008;101134;22001;5;2025243192219143303;S
20241008;101134;22004;4;2025243192219143304;B
20241008;101141;22004;1;2025243192219143305;B
20241008;101141;22004;84;2025243192219143306;B
20241008;101146;22004;255;2025243192219143307;B
20241008;101148;22003;21;2025243192219143308;S
20241008;101148;22002;71;2025243192219143309;S
20241008;101148;22001;4;2025243192219143310;S
20241008;101148;22000;228;2025243192219143311;S
20241008;101148;21991;11;2025243192219143312;S
20241008;101148;21991;30;2025243192219143313;S
20241008;101148;21975;20;2025243192219143314;S
20241008;101148;21974;10;2025243192219143315;S
20241008;101148;21972;3;2025243192219143316;S
20241008;101148;21967;1;2025243192219143317;S
20241008;101148;21967;5;2025243192219143318;S
20241008;101149;21966;20;2025243192219143319;S
20241008;101149;21965;500;2025243192219143320;S
20241008;101149;21950;51;2025243192219143321;S
20241008;101149;21950;10;2025243192219143322;S
20241008;101149;21949;10;2025243192219143327;S
20241008;101149;21949;500;2025243192219143328;S
20241008;101149;21945;20;2025243192219143329;S
20241008;101149;21944;10;2025243192219143330;S
20241008;101149;21941;20;2025243192219143331;S
20241008;101149;21941;121;2025243192219143332;S
20241008;101149;21935;8;2025243192219143333;S
20241008;101149;21932;3;2025243192219143334;S
20241008;101149;21932;22;2025243192219143339;S
20241008;101149;21932;35;2025243192219143340;S
20241008;101149;21931;940;2025243192219143341;S
20241008;101149;21931;60;2025243192219143342;S
20241008;101149;21931;1;2025243192219143343;S
20241008;101149;21930;1;2025243192219143348;S
20241008;101149;21930;20;2025243192219143349;S
20241008;101149;21925;20;2025243192219143354;S
20241008;101149;21924;10;2025243192219143359;S
20241008;101149;21923;10;2025243192219143360;S
20241008;101149;21922;448;2025243192219143361;S
20241008;101153;21935;5;2025243192219143362;S
20241008;101153;21930;8;2025243192219143363;S
20241008;101153;21930;2;2025243192219143368;S
20241008;101153;21930;20;2025243192219143373;S
20241008;101153;21925;20;2025243192219143378;S
20241008;101153;21920;20;2025243192219143383;S
20241008;101153;21915;1;2025243192219143388;S
20241008;101153;21915;20;2025243192219143393;S
20241008;101153;21912;9;2025243192219143398;S
20241008;101156;21909;5;2025243192219143403;S
20241008;101156;21909;5;2025243192219143404;S
20241008;101200;21917;500;2025243192219143405;S
20241008;101204;21909;5;2025243192219143406;S
20241008;101204;21920;4;2025243192219143407;B
20241008;101206;21915;1;2025243192219143408;B
20241008;101207;21909;2;2025243192219143409;S
20241008;101207;21915;1;2025243192219143411;B
20241008;101207;21915;19;2025243192219143416;B
20241008;101207;21915;1;2025243192219143421;B
20241008;101207;21915;8;2025243192219143427;B
20241008;101211;21910;100;2025243192219143431;B
20241008;101211;21910;25;2025243192219143432;S
20241008;101211;21909;5;2025243192219143433;S
20241008;101216;21909;88;2025243192219143434;S
20241008;101217;21904;25;2025243192219143435;B
20241008;101217;21904;12;2025243192219143436;B
20241008;101217;21904;10;2025243192219143437;B
20241008;101217;21905;53;2025243192219143438;B
20241008;101220;21901;20;2025243192219143439;S
20241008;101220;21903;20;2025243192219143440;S
20241008;101220;21902;18;2025243192219143441;S
20241008;101220;21900;1;2025243192219143442;S
20241008;101221;21899;10;2025243192219143443;B
20241008;101221;21898;5;2025243192219143444;S
20241008;101221;21895;12;2025243192219143445;S
20241008;101221;21894;3;2025243192219143450;S
20241008;101221;21892;41;2025243192219143455;S
20241008;101221;21880;14;2025243192219143460;S
20241008;101221;21879;1;2025243192219143461;S
20241008;101221;21877;1;2025243192219143462;S
20241008;101221;21876;25;2025243192219143463;S
20241008;101221;21876;20;2025243192219143464;S
20241008;101221;21875;10;2025243192219143465;S
20241008;101221;21875;858;2025243192219143466;S
20241008;101221;21865;5;2025243192219143467;S
20241008;101222;21861;1;2025243192219143468;B
20241008;101222;21897;6;2025243192219143469;S
20241008;101222;21863;10;2025243192219143474;S
20241008;101223;21865;5;2025243192219143475;B
20241008;101224;21865;5;2025243192219143476;B
20241008;101224;21866;3;2025243192219143477;B
20241008;101226;21866;12;2025243192219143478;B
20241008;101230;21866;35;2025243192219143479;B
20241008;101232;21864;20;2025243192219143482;B
20241008;101232;21865;25;2025243192219143483;B
20241008;101232;21866;15;2025243192219143484;B
20241008;101235;21865;5;2025243192219143485;B
20241008;101237;21865;6;2025243192219143486;B
20241008;101237;21851;4;2025243192219143487;S
20241008;101237;21850;1;2025243192219143488;S
20241008;101237;21846;12;2025243192219143489;S
20241008;101237;21845;20;2025243192219143490;S
20241008;101237;21838;6;2025243192219143491;S
20241008;101237;21838;20;2025243192219143492;S
20241008;101237;21837;10;2025243192219143493;S
20241008;101237;21833;41;2025243192219143494;S
20241008;101237;21849;500;2025243192219143495;S
20241008;101238;21838;5;2025243192219143496;B
20241008;101239;21833;9;2025243192219143497;S
20241008;101239;21833;1;2025243192219143498;S
20241008;101240;21829;5;2025243192219143499;S
20241008;101242;21837;5;2025243192219143500;B
20241008;101242;21838;495;2025243192219143501;B
20241008;101243;21833;500;2025243192219143502;S
20241008;101243;21832;24;2025243192219143503;S
20241008;101243;21828;1;2025243192219143504;S
20241008;101243;21826;4;2025243192219143505;S
20241008;101243;21826;100;2025243192219143506;S
20241008;101243;21820;371;2025243192219143507;S
20241008;101243;21820;629;2025243192219143508;S
20241008;101243;21820;343;2025243192219143509;S
20241008;101243;21820;10;2025243192219143510;S
20241008;101243;21819;5;2025243192219143511;S
20241008;101247;21819;2;2025243192219143514;B
20241008;101247;21819;12;2025243192219143519;B
20241008;101248;21819;10;2025243192219143523;B
20241008;101248;21820;990;2025243192219143524;B
20241008;101248;21816;5;2025243192219143525;S
20241008;101248;21813;2;2025243192219143526;S
20241008;101248;21810;2;2025243192219143527;S
20241008;101248;21810;1;2025243192219143528;S
20241008;101248;21810;3;2025243192219143529;S
20241008;101248;21803;2;2025243192219143530;S
20241008;101248;21802;22;2025243192219143531;S
20241008;101248;21802;4;2025243192219143532;S
20241008;101250;21812;5;2025243192219143533;S
20241008;101250;21810;10;2025243192219143534;S
20241008;101255;21820;22;2025243192219143535;S
20241008;101255;21819;500;2025243192219143536;S
20241008;101255;21813;25;2025243192219143537;S
20241008;101255;21810;20;2025243192219143538;S
20241008;101256;21801;9;2025243192219143539;S
20241008;101300;21816;500;2025243192219143540;S
20241008;101300;21810;10;2025243192219143541;S
20241008;101300;21809;20;2025243192219143542;S
20241008;101302;21817;20;2025243192219143543;B
20241008;101302;21818;25;2025243192219143544;B
20241008;101302;21819;185;2025243192219143545;B
20241008;101303;21802;25;2025243192219143546;S
20241008;101303;21801;191;2025243192219143547;S
20241008;101303;21801;3;2025243192219143548;S
20241008;101303;21800;200;2025243192219143549;S
20241008;101303;21800;1;2025243192219143550;S
20241008;101303;21800;20;2025243192219143551;S
20241008;101303;21800;41;2025243192219143552;S
20241008;101303;21800;2;2025243192219143553;S
20241008;101303;21800;45;2025243192219143554;S
20241008;101303;21799;10;2025243192219143555;S
20241008;101303;21798;20;2025243192219143556;S
20241008;101303;21794;442;2025243192219143557;S
20241008;101306;21803;20;2025243192219143559;B
20241008;101306;21800;1;2025243192219143560;S
20241008;101309;21787;10;2025243192219143561;S
20241008;101309;21792;5;2025243192219143562;B
20241008;101314;21791;6;2025243192219143564;B
20241008;101314;21791;4;2025243192219143569;B
20241008;101316;21791;6;2025243192219143574;B
20241008;101316;21792;17;2025243192219143579;B
20241008;101316;21793;227;2025243192219143580;B
20241008;101317;21783;2;2025243192219143581;S
20241008;101317;21780;10;2025243192219143582;S
20241008;101317;21785;27;2025243192219143583;S
20241008;101317;21784;68;2025243192219143584;S
20241008;101318;21780;30;2025243192219143585;S
20241008;101320;21791;4;2025243192219143586;B
20241008;101323;21791;1;2025243192219143587;B
20241008;101323;21792;9;2025243192219143588;B
20241008;101325;21791;30;2025243192219143589;B
20241008;101325;21792;18;2025243192219143590;B
20241008;101325;21793;202;2025243192219143591;B
20241008;101328;21793;1000;2025243192219143592;B
20241008;101333;21782;8;2025243192219143593;B
20241008;101333;21782;10;2025243192219143594;B
20241008;101336;21781;5;2025243192219143595;S
20241008;101336;21781;1;2025243192219143596;S
20241008;101336;21781;4;2025243192219143601;S
20241008;101337;21780;20;2025243192219143606;B
20241008;101337;21780;80;2025243192219143607;B
20241008;101340;21780;16;2025243192219143608;B
20241008;101342;21786;10;2025243192219143609;B
20241008;101347;21789;10;2025243192219143610;B
20241008;101348;21786;1;2025243192219143611;S
20241008;101348;21785;14;2025243192219143612;S
20241008;101354;21788;9;2025243192219143613;B
20241008;101354;21788;16;2025243192219143615;B
20241008;101354;21788;45;2025243192219143620;B
20241008;101354;21788;6;2025243192219143625;B
20241008;101354;21788;4;2025243192219143630;B
20241008;101354;21788;6;2025243192219143635;B
20241008;101354;21788;3;2025243192219143640;B
20241008;101354;21788;70;2025243192219143645;B
20241008;101356;21788;341;2025243192219143649;B
20241008;101356;21791;159;2025243192219143650;B
20241008;101358;21791;3;2025243192219143651;B
20241008;101403;21787;100;2025243192219143652;B
20241008;101405;21786;5;2025243192219143653;S
20241008;101410;21786;9;2025243192219143654;B
20241008;101410;21787;100;2025243192219143655;B
20241008;101411;21791;5;2025243192219143656;B
20241008;101412;21791;1;2025243192219143658;B
20241008;101412;21791;2;2025243192219143663;B
20241008;101412;21791;100;2025243192219143667;B
20241008;101414;21792;1;2025243192219143668;B
20241008;101416;21789;500;2025243192219143672;B
20241008;101420;21792;19;2025243192219143673;B
20241008;101420;21793;6;2025243192219143674;B
20241008;101423;21793;140;2025243192219143675;B
20241008;101423;21793;5;2025243192219143676;B
20241008;101423;21795;5;2025243192219143677;B
20241008;101423;21801;20;2025243192219143678;B
20241008;101423;21802;330;2025243192219143679;B
20241008;101426;21800;1;2025243192219143680;S
20241008;101431;21812;5;2025243192219143681;B
20241008;101432;21807;10;2025243192219143682;B
20241008;101434;21807;250;2025243192219143683;B
20241008;101435;21814;5;2025243192219143684;B
20241008;101443;21792;10;2025243192219143688;S
20241008;101443;21804;15;2025243192219143694;B
20241008;101443;21804;1;2025243192219143695;B
20241008;101443;21804;5;2025243192219143696;B
20241008;101445;21804;10;2025243192219143697;B
20241008;101446;21804;29;2025243192219143698;B
20241008;101446;21805;595;2025243192219143699;B
20241008;101452;21806;10;2025243192219143700;B
20241008;101452;21807;490;2025243192219143701;B
20241008;101454;21808;4;2025243192219143702;B
20241008;101458;21805;217;2025243192219143707;B
20241008;101502;21805;1;2025243192219143708;B
20241008;101503;21808;5;2025243192219143709;B
20241008;101505;21808;5;2025243192219143714;B
20241008;101505;21805;4;2025243192219143719;S
20241008;101505;21803;1;2025243192219143720;S
20241008;101505;21803;21;2025243192219143721;S
20241008;101505;21801;26;2025243192219143722;S
20241008;101505;21801;4;2025243192219143723;S
20241008;101505;21801;1;2025243192219143724;S
20241008;101505;21800;1;2025243192219143725;S
20241008;101505;21800;942;2025243192219143726;S
20241008;101512;21805;1;2025243192219143727;S
20241008;101512;21808;2;2025243192219143728;B
20241008;101517;21809;2;2025243192219143733;B
20241008;101524;21814;10;2025243192219143739;B
20241008;101526;21814;10;2025243192219143740;B
20241008;101526;21815;1;2025243192219143741;B
20241008;101526;21815;1;2025243192219143742;B
20241008;101526;21823;5;2025243192219143743;B
20241008;101526;21827;23;2025243192219143744;B
20241008;101528;21826;10;2025243192219143745;B
20241008;101532;21823;5;2025243192219143746;S
20241008;101532;21814;10;2025243192219143747;S
20241008;101535;21822;10;2025243192219143748;B
20241008;101541;21816;10;2025243192219143749;B
20241008;101546;21812;5;2025243192219143750;S
20241008;101546;21808;10;2025243192219143751;S
20241008;101546;21802;10;2025243192219143752;S
20241008;101546;21802;3;2025243192219143753;S
20241008;101550;21811;1;2025243192219143754;B
20241008;101551;21811;19;2025243192219143755;B
20241008;101551;21812;7;2025243192219143756;B
20241008;101551;21816;4;2025243192219143757;B
20241008;101551;21816;1;2025243192219143758;B
20241008;101551;21817;39;2025243192219143759;B
20241008;101557;21812;10;2025243192219143760;S
20241008;101559;21812;10;2025243192219143761;S
20241008;101601;21811;20;2025243192219143762;B
20241008;101601;21811;1;2025243192219143763;B
20241008;101601;21812;249;2025243192219143764;B
20241008;101602;21819;50;2025243192219143765;B
20241008;101602;21804;1;2025243192219143766;S
20241008;101602;21803;27;2025243192219143767;S
20241008;101602;21802;88;2025243192219143768;S
20241008;101603;21802;20;2025243192219143769;S
20241008;101603;21802;8;2025243192219143770;S
20241008;101605;21806;1;2025243192219143771;B
20241008;101606;21805;500;2025243192219143772;B
20241008;101606;21813;20;2025243192219143773;B
20241008;101606;21815;80;2025243192219143774;B
20241008;101606;21802;10;2025243192219143775;S
20241008;101606;21802;1;2025243192219143776;S
20241008;101609;21802;1;2025243192219143778;S
20241008;101613;21809;2;2025243192219143779;B
20241008;101614;21803;2;2025243192219143780;S
20241008;101614;21809;1;2025243192219143781;B
20241008;101617;21809;2;2025243192219143782;B
20241008;101618;21803;1;2025243192219143784;S
20241008;101618;21802;80;2025243192219143785;S
20241008;101618;21802;40;2025243192219143786;S
20241008;101618;21802;6;2025243192219143787;S
20241008;101618;21802;20;2025243192219143788;S
20241008;101618;21800;50;2025243192219143789;S
20241008;101620;21800;8;2025243192219143790;S
20241008;101620;21800;12;2025243192219143791;S
20241008;101622;21801;23;2025243192219143792;B
20241008;101622;21802;77;2025243192219143793;B
20241008;101632;21800;5;2025243192219143794;S
20241008;101632;21800;33;2025243192219143795;S
20241008;101632;21800;5;2025243192219143796;S
20241008;101632;21800;5;2025243192219143797;S
20241008;101632;21800;6;2025243192219143798;S
20241008;101632;21800;1;2025243192219143799;S
20241008;101633;21797;20;2025243192219143800;B
20241008;101639;21791;10;2025243192219143801;S
20241008;101640;21791;15;2025243192219143802;S
20241008;101640;21790;1;2025243192219143803;S
20241008;101640;21790;5;2025243192219143804;S
20241008;101640;21790;53;2025243192219143805;S
20241008;101642;21790;147;2025243192219143806;S
20241008;101642;21788;17;2025243192219143807;S
20241008;101643;21787;15;2025243192219143808;S
20241008;101643;21785;1;2025243192219143809;S
20241008;101643;21780;1;2025243192219143810;S
20241008;101643;21780;2;2025243192219143811;S
20241008;101643;21780;1;2025243192219143812;S
20241008;101643;21777;5;2025243192219143813;S
20241008;101644;21778;17;2025243192219143814;B
20241008;101644;21779;39;2025243192219143815;B
20241008;101646;21777;100;2025243192219143816;S
20241008;101646;21777;8;2025243192219143817;S
20241008;101646;21777;3;2025243192219143818;S
20241008;101646;21776;3;2025243192219143819;S
20241008;101646;21774;10;2025243192219143824;S
20241008;101647;21772;2;2025243192219143826;B
20241008;101647;21772;1;2025243192219143831;B
20241008;101654;21771;18;2025243192219143835;B
20241008;101703;21771;14;2025243192219143836;B
20241008;101703;21768;10;2025243192219143837;S
20241008;101703;21768;50;2025243192219143838;S
20241008;101703;21761;4;2025243192219143839;S
20241008;101703;21757;14;2025243192219143844;S
20241008;101703;21756;49;2025243192219143845;S
20241008;101703;21753;1;2025243192219143846;S
20241008;101704;21755;10;2025243192219143847;S
20241008;101704;21770;2;2025243192219143849;S
20241008;101705;21770;20;2025243192219143850;S
20241008;101705;21770;28;2025243192219143851;S
20241008;101710;21770;9;2025243192219143852;B
20241008;101710;21771;3;2025243192219143853;B
20241008;101710;21771;2;2025243192219143854;B
20241008;101710;21751;6;2025243192219143855;S
20241008;101710;21751;72;2025243192219143856;S
20241008;101713;21750;1;2025243192219143857;S
20241008;101714;21755;5;2025243192219143858;S
20241008;101714;21750;7;2025243192219143859;S
20241008;101714;21750;1;2025243192219143860;S
20241008;101714;21750;1;2025243192219143861;S
20241008;101714;21750;5;2025243192219143862;S
20241008;101714;21750;25;2025243192219143863;S
20241008;101714;21748;6;2025243192219143864;S
20241008;101715;21746;6;2025243192219143865;S
20241008;101723;21750;10;2025243192219143867;S
20241008;101724;21750;15;2025243192219143868;S
20241008;101728;21749;14;2025243192219143869;B
20241008;101730;21748;2;2025243192219143870;B
20241008;101733;21736;14;2025243192219143871;S
20241008;101733;21736;20;2025243192219143872;S
20241008;101733;21734;1;2025243192219143873;S
20241008;101733;21730;80;2025243192219143874;S
20241008;101733;21748;2;2025243192219143875;B
20241008;101736;21750;1;2025243192219143876;S
20241008;101736;21742;1;2025243192219143877;S
20241008;101736;21741;439;2025243192219143878;S
20241008;101737;21748;2;2025243192219143879;B
20241008;101738;21749;18;2025243192219143880;S
20241008;101739;21725;5;2025243192219143881;S
20241008;101739;21724;1;2025243192219143882;S
20241008;101741;21741;27;2025243192219143883;B
20241008;101741;21742;83;2025243192219143884;B
20241008;101743;21725;29;2025243192219143885;S
20241008;101743;21724;9;2025243192219143886;S
20241008;101743;21722;20;2025243192219143887;S
20241008;101743;21720;1;2025243192219143888;S
20241008;101743;21717;10;2025243192219143893;S
20241008;101743;21717;2;2025243192219143894;S
20241008;101755;21727;5;2025243192219143895;S
20241008;101755;21725;10;2025243192219143896;S
20241008;101755;21718;20;2025243192219143897;S
20241008;101755;21717;1;2025243192219143898;S
20241008;101755;21717;14;2025243192219143899;S
20241008;101756;21721;10;2025243192219143900;S
20241008;101756;21721;1;2025243192219143901;S
20241008;101756;21720;50;2025243192219143902;S
20241008;101802;21738;50;2025243192219143904;S
20241008;101805;21730;20;2025243192219143905;S
20241008;101810;21746;10;2025243192219143906;B
20241008;101815;21720;2;2025243192219143907;S
20241008;101815;21717;8;2025243192219143908;S
20241008;101820;21728;20;2025243192219143909;B
20241008;101820;21729;1;2025243192219143910;B
20241008;101825;21725;10;2025243192219143911;B
20241008;101828;21728;500;2025243192219143912;B
20241008;101832;21739;18;2025243192219143913;B
20241008;101832;21743;16;2025243192219143918;B
20241008;101832;21744;466;2025243192219143919;B
20241008;101836;21745;3;2025243192219143920;B
20241008;101837;21729;3;2025243192219143922;S
20241008;101839;21723;4;2025243192219143927;B
20241008;101839;21743;20;2025243192219143932;B
20241008;101839;21744;16;2025243192219143933;B
20241008;101839;21745;460;2025243192219143934;B
20241008;101844;21745;20;2025243192219143935;B
20241008;101844;21746;5;2025243192219143936;B
20241008;101844;21749;475;2025243192219143937;B
20241008;101846;21749;252;2025243192219143938;S
20241008;101847;21749;1;2025243192219143939;S
20241008;101850;21750;10;2025243192219143940;B
20241008;101850;21751;1;2025243192219143941;B
20241008;101850;21758;19;2025243192219143942;B
20241008;101852;21749;1;2025243192219143944;S
20241008;101853;21749;246;2025243192219143945;S
20241008;101853;21749;27;2025243192219143946;S
20241008;101855;21736;270;2025243192219143947;S
20241008;101900;21729;1;2025243192219143948;S
20241008;101904;21734;16;2025243192219143949;S
20241008;101905;21730;1;2025243192219143950;S
20241008;101908;21740;100;2025243192219143951;B
20241008;101910;21768;20;2025243192219143952;B
20241008;101910;21769;27;2025243192219143953;B
20241008;101910;21770;53;2025243192219143954;B
20241008;101910;21741;1;2025243192219143955;S
20241008;101915;21739;1;2025243192219143956;S
20241008;101919;21757;5;2025243192219143957;B
20241008;101920;21734;1;2025243192219143958;S
20241008;101923;21740;10;2025243192219143960;S
20241008;101923;21738;8;2025243192219143966;S
20241008;101923;21738;2;2025243192219143971;S
20241008;101923;21738;7;2025243192219143978;S
20241008;101923;21738;3;2025243192219143983;S
20241008;101923;21738;5;2025243192219143988;S
20241008;101923;21738;1;2025243192219143993;S
20241008;101923;21738;4;2025243192219143998;S
20241008;101923;21738;7;2025243192219144003;S
20241008;101923;21730;13;2025243192219144008;S
20241008;101923;21730;14;2025243192219144013;S
20241008;101923;21727;6;2025243192219144018;S
20241008;101923;21727;2;2025243192219144023;S
20241008;101925;21742;1;2025243192219144027;S
20241008;101930;21730;1;2025243192219144032;S
20241008;101931;21740;5;2025243192219144037;B
20241008;101931;21748;5;2025243192219144038;B
20241008;101935;21730;1;2025243192219144039;S
20241008;101939;21730;3;2025243192219144044;S
20241008;101939;21729;5;2025243192219144049;S
20241008;101940;21723;1;2025243192219144050;S
20241008;101945;21723;1;2025243192219144051;S
20241008;101946;21723;8;2025243192219144052;S
20241008;101950;21720;5;2025243192219144053;S
20241008;101950;21720;1;2025243192219144054;S
20241008;101950;21716;60;2025243192219144055;S
20241008;101950;21716;19;2025243192219144056;S
20241008;101950;21715;3;2025243192219144057;S
20241008;101950;21723;1;2025243192219144058;S
20241008;101954;21751;20;2025243192219144059;B
20241008;101954;21752;5;2025243192219144060;B
20241008;101955;21724;1;2025243192219144061;S
20241008;102000;21728;1;2025243192219144062;S
20241008;102001;21728;3;2025243192219144063;S
20241008;102005;21731;1;2025243192219144064;S
20241008;102006;21743;28;2025243192219144065;B
20241008;102006;21744;72;2025243192219144066;B
20241008;102007;21730;2;2025243192219144067;S
20241008;102007;21728;1;2025243192219144068;S
20241008;102010;21725;1;2025243192219144069;S
20241008;102015;21725;1;2025243192219144070;S
20241008;102020;21725;1;2025243192219144072;S
20241008;102024;21726;4;2025243192219144073;B
20241008;102025;21725;1;2025243192219144074;S
20241008;102026;21725;5;2025243192219144075;S
20241008;102026;21725;6;2025243192219144076;S
20241008;102026;21725;9;2025243192219144077;S
20241008;102026;21725;20;2025243192219144078;S
20241008;102029;21737;1;2025243192219144079;B
20241008;102029;21738;3;2025243192219144080;B
20241008;102030;21739;1;2025243192219144081;S
20241008;102035;21725;1;2025243192219144082;S
20241008;102040;21757;1;2025243192219144083;S
20241008;102045;21742;1;2025243192219144084;S
20241008;102046;21752;1;2025243192219144085;S
20241008;102046;21746;9;2025243192219144086;S
20241008;102049;21760;5;2025243192219144087;B
20241008;102049;21762;20;2025243192219144088;B
20241008;102049;21768;2;2025243192219144089;B
20241008;102049;21768;17;2025243192219144090;B
20241008;102049;21769;56;2025243192219144091;B
20241008;102049;21774;1;2025243192219144092;B
20241008;102049;21774;1;2025243192219144093;B
20241008;102049;21785;5;2025243192219144094;B
20241008;102049;21785;5;2025243192219144095;B
20241008;102049;21787;1;2025243192219144096;B
20241008;102050;21746;2;2025243192219144098;S
20241008;102050;21746;5;2025243192219144103;S
20241008;102050;21746;1;2025243192219144108;S
20241008;102050;21746;10;2025243192219144113;S
20241008;102050;21746;2;2025243192219144118;S
20241008;102050;21745;16;2025243192219144123;S
20241008;102050;21740;2;2025243192219144128;S
20241008;102050;21740;2;2025243192219144133;S
20241008;102050;21747;1;2025243192219144137;S
20241008;102055;21740;1;2025243192219144138;S
20241008;102100;21752;24;2025243192219144139;S
20241008;102100;21751;92;2025243192219144140;S
20241008;102100;21768;2;2025243192219144141;B
20241008;102100;21748;1;2025243192219144142;S
20241008;102105;21751;1;2025243192219144143;S
20241008;102107;21770;11;2025243192219144144;B
20241008;102107;21751;9;2025243192219144145;S
20241008;102107;21750;60;2025243192219144146;S
20241008;102107;21747;10;2025243192219144147;S
20241008;102107;21747;20;2025243192219144148;S
20241008;102107;21740;5;2025243192219144149;S
20241008;102107;21733;46;2025243192219144150;S
20241008;102110;21747;1;2025243192219144151;S
20241008;102115;21747;1;2025243192219144152;S
20241008;102120;21741;1;2025243192219144153;S
20241008;102129;21740;1;2025243192219144154;S
20241008;102134;21739;1;2025243192219144155;S
20241008;102139;21738;1;2025243192219144156;S
20241008;102143;21744;6;2025243192219144157;B
20241008;102144;21738;1;2025243192219144158;S
20241008;102146;21738;18;2025243192219144159;S
20241008;102148;21745;20;2025243192219144160;B
20241008;102148;21746;1;2025243192219144161;B
20241008;102148;21753;5;2025243192219144162;B
20241008;102148;21758;1;2025243192219144163;B
20241008;102149;21733;1;2025243192219144164;S
20241008;102154;21736;2;2025243192219144165;B
20241008;102154;21733;1;2025243192219144166;S
20241008;102155;21736;2;2025243192219144167;B
20241008;102155;21748;1;2025243192219144168;B
20241008;102159;21735;20;2025243192219144169;B
20241008;102159;21735;16;2025243192219144170;B
20241008;102159;21735;78;2025243192219144171;B
20241008;102159;21733;1;2025243192219144172;S
20241008;102203;21736;40;2025243192219144173;B
20241008;102204;21733;1;2025243192219144174;S
20241008;102205;21733;1;2025243192219144175;S
20241008;102205;21733;4;2025243192219144176;S
20241008;102208;21733;5;2025243192219144177;S
20241008;102209;21733;1;2025243192219144178;S
20241008;102210;21750;1;2025243192219144179;B
20241008;102210;21754;20;2025243192219144180;B
20241008;102210;21756;5;2025243192219144181;B
20241008;102210;21764;55;2025243192219144182;B
20241008;102214;21736;1;2025243192219144183;S
20241008;102219;21736;1;2025243192219144184;S
20241008;102224;21741;1;2025243192219144185;S
20241008;102229;21742;1;2025243192219144186;S
20241008;102234;21740;1;2025243192219144188;S
20241008;102237;21754;2;2025243192219144189;B
20241008;102239;21742;1;2025243192219144190;B
20241008;102239;21742;1;2025243192219144191;B
20241008;102239;21743;48;2025243192219144192;B
20241008;102239;21740;1;2025243192219144194;S
20241008;102244;21740;1;2025243192219144195;S
20241008;102247;21742;28;2025243192219144196;S
20241008;102247;21741;72;2025243192219144197;S
20241008;102249;21741;1;2025243192219144198;S
20241008;102253;21744;3;2025243192219144199;S
20241008;102254;21741;1;2025243192219144200;S
20241008;102257;21744;5;2025243192219144201;B
20241008;102259;21741;1;2025243192219144202;S
20241008;102300;21744;4;2025243192219144203;B
20241008;102302;21741;1;2025243192219144204;S
20241008;102304;21741;1;2025243192219144205;S
20241008;102305;21744;10;2025243192219144207;B
20241008;102307;21744;4;2025243192219144211;B
20241008;102309;21741;1;2025243192219144212;S
20241008;102311;21744;4;2025243192219144213;B
20241008;102311;21741;10;2025243192219144214;S
20241008;102312;21744;63;2025243192219144215;B
20241008;102314;21741;500;2025243192219144216;S
20241008;102314;21741;1;2025243192219144217;S
20241008;102315;21744;36;2025243192219144218;B
20241008;102317;21744;60;2025243192219144219;B
20241008;102319;21741;1;2025243192219144220;S
20241008;102324;21741;1;2025243192219144221;S
20241008;102327;21741;409;2025243192219144222;S
20241008;102327;21741;2;2025243192219144223;S
20241008;102327;21741;60;2025243192219144224;S
20241008;102327;21740;37;2025243192219144225;S
20241008;102327;21740;10;2025243192219144226;S
20241008;102329;21736;1;2025243192219144227;S
20241008;102330;21744;1;2025243192219144228;B
20241008;102330;21745;114;2025243192219144229;B
20241008;102333;21744;13;2025243192219144230;S
20241008;102334;21744;1;2025243192219144231;S
20241008;102339;21744;1;2025243192219144232;S
20241008;102342;21754;1;2025243192219144233;B
20241008;102344;21744;1;2025243192219144234;S
20241008;102344;21754;2;2025243192219144235;B
20241008;102344;21754;9;2025243192219144236;B
20241008;102346;21754;20;2025243192219144237;B
20241008;102346;21755;36;2025243192219144238;B
20241008;102347;21754;5;2025243192219144239;B
20241008;102347;21755;1;2025243192219144240;B
20241008;102349;21745;1;2025243192219144241;S
20241008;102350;21760;10;2025243192219144242;B
20241008;102354;21762;1;2025243192219144243;S
20241008;102359;21767;1;2025243192219144244;B
20241008;102359;21766;1;2025243192219144245;S
20241008;102403;21767;4;2025243192219144246;B
20241008;102403;21775;36;2025243192219144247;B
20241008;102404;21767;1;2025243192219144248;S
20241008;102408;21767;63;2025243192219144249;S
20241008;102408;21767;28;2025243192219144250;S
20241008;102409;21770;1;2025243192219144251;B
20241008;102409;21775;21;2025243192219144252;B
20241008;102409;21775;29;2025243192219144253;B
20241008;102409;21775;1;2025243192219144254;B
20241008;102409;21776;68;2025243192219144255;B
20241008;102409;21766;1;2025243192219144256;S
20241008;102410;21766;49;2025243192219144257;S
20241008;102410;21765;500;2025243192219144258;B
20241008;102410;21767;500;2025243192219144259;B
20241008;102411;21762;1;2025243192219144260;S
20241008;102412;21758;25;2025243192219144261;B
20241008;102414;21755;1;2025243192219144262;S
20241008;102417;21759;5;2025243192219144263;B
20241008;102417;21760;195;2025243192219144264;B
20241008;102419;21755;4;2025243192219144265;S
20241008;102419;21755;1;2025243192219144266;S
20241008;102419;21745;1;2025243192219144267;S
20241008;102424;21745;1;2025243192219144268;S
20241008;102428;21745;18;2025243192219144269;S
20241008;102428;21745;29;2025243192219144270;S
20241008;102428;21745;1;2025243192219144271;S
20241008;102428;21744;952;2025243192219144272;S
20241008;102429;21744;1;2025243192219144273;S
20241008;102434;21744;1;2025243192219144274;S
20241008;102439;21744;1;2025243192219144275;S
20241008;102444;21744;1;2025243192219144276;S
20241008;102444;21744;28;2025243192219144277;S
20241008;102446;21739;24;2025243192219144278;B
20241008;102449;21736;1;2025243192219144279;S
20241008;102450;21736;22;2025243192219144280;S
20241008;102450;21736;20;2025243192219144281;B
20241008;102451;21736;5;2025243192219144282;B
20241008;102452;21735;100;2025243192219144283;S
20241008;102454;21734;17;2025243192219144284;S
20241008;102454;21734;20;2025243192219144285;S
20241008;102454;21733;54;2025243192219144286;S
20241008;102454;21730;1;2025243192219144287;S
20241008;102457;21730;5;2025243192219144288;S
20241008;102457;21729;20;2025243192219144289;S
20241008;102458;21729;1;2025243192219144290;S
20241008;102458;21728;7;2025243192219144291;S
20241008;102459;21727;10;2025243192219144292;S
20241008;102459;21724;1;2025243192219144293;S
20241008;102500;21730;20;2025243192219144294;S
20241008;102501;21727;69;2025243192219144295;B
20241008;102504;21724;1;2025243192219144296;S
20241008;102508;21726;3;2025243192219144297;B
20241008;102509;21724;1;2025243192219144298;S
20241008;102510;21724;5;2025243192219144299;S
20241008;102510;21725;20;2025243192219144301;B
20241008;102510;21725;80;2025243192219144302;B
20241008;102510;21725;150;2025243192219144303;B
20241008;102510;21725;10;2025243192219144304;B
20241008;102510;21724;2;2025243192219144305;S
20241008;102510;21724;10;2025243192219144306;S
20241008;102510;21723;30;2025243192219144307;S
20241008;102510;21723;14;2025243192219144308;S
20241008;102510;21720;5;2025243192219144309;S
20241008;102510;21719;1;2025243192219144310;S
20241008;102510;21717;2;2025243192219144311;S
20241008;102510;21717;10;2025243192219144312;S
20241008;102510;21715;1;2025243192219144313;S
20241008;102510;21715;25;2025243192219144314;S
20241008;102511;21715;20;2025243192219144315;S
20241008;102514;21715;1;2025243192219144316;S
20241008;102519;21715;1;2025243192219144317;S
20241008;102524;21715;1;2025243192219144318;S
20241008;102526;21715;2;2025243192219144319;S
20241008;102526;21712;3;2025243192219144320;S
20241008;102527;21712;27;2025243192219144321;S
20241008;102527;21710;9;2025243192219144322;S
20241008;102529;21712;5;2025243192219144323;S
20241008;102529;21710;16;2025243192219144324;S
20241008;102529;21710;1;2025243192219144325;S
20241008;102529;21710;2;2025243192219144326;S
20241008;102529;21710;36;2025243192219144327;S
20241008;102529;21710;1;2025243192219144328;S
20241008;102534;21710;1;2025243192219144329;S
20241008;102539;21710;2;2025243192219144330;S
20241008;102539;21710;5;2025243192219144331;S
20241008;102539;21702;2;2025243192219144332;S
20241008;102539;21702;3;2025243192219144333;S
20241008;102539;21700;1;2025243192219144334;S
20241008;102539;21700;10;2025243192219144335;S
20241008;102539;21700;10;2025243192219144336;S
20241008;102539;21700;5;2025243192219144337;S
20241008;102539;21700;10;2025243192219144338;S
20241008;102539;21700;7;2025243192219144339;S
20241008;102539;21700;5;2025243192219144340;S
20241008;102539;21700;2;2025243192219144341;S
20241008;102539;21700;5;2025243192219144342;S
20241008;102539;21700;8;2025243192219144343;S
20241008;102539;21700;1;2025243192219144344;S
20241008;102539;21695;20;2025243192219144345;S
20241008;102539;21694;71;2025243192219144346;S
20241008;102539;21725;4;2025243192219144347;B
20241008;102539;21694;1;2025243192219144348;S
20241008;102539;21694;28;2025243192219144349;S
20241008;102539;21694;6;2025243192219144350;S
20241008;102539;21694;5;2025243192219144351;S
20241008;102539;21694;10;2025243192219144352;S
20241008;102539;21691;1;2025243192219144353;S
20241008;102539;21691;15;2025243192219144354;S
20241008;102539;21691;30;2025243192219144355;S
20241008;102539;21687;20;2025243192219144356;S
20241008;102539;21680;1;2025243192219144357;S
20241008;102539;21680;5;2025243192219144358;S
20241008;102539;21678;5;2025243192219144359;S
20241008;102539;21677;2;2025243192219144360;S
20241008;102539;21677;1;2025243192219144361;S
20241008;102539;21677;1;2025243192219144362;S
20241008;102539;21676;5;2025243192219144363;S
20241008;102539;21676;1;2025243192219144364;S
20241008;102539;21675;50;2025243192219144369;S
20241008;102539;21675;4;2025243192219144370;S
20241008;102539;21674;10;2025243192219144375;S
20241008;102539;21698;5;2025243192219144376;B
20241008;102539;21698;5;2025243192219144377;B
20241008;102540;21698;1;2025243192219144378;B
20241008;102544;21690;1;2025243192219144379;S
20241008;102544;21696;20;2025243192219144380;B
20241008;102544;21697;2;2025243192219144381;B
20241008;102544;21699;30;2025243192219144382;B
20241008;102544;21700;48;2025243192219144383;B
20241008;102548;21699;20;2025243192219144384;B
20241008;102548;21699;1;2025243192219144385;B
20241008;102548;21700;326;2025243192219144386;B
20241008;102548;21726;1;2025243192219144387;B
20241008;102548;21742;5;2025243192219144388;B
20241008;102548;21777;1;2025243192219144389;B
20241008;102548;21777;5;2025243192219144390;B
20241008;102548;21783;14;2025243192219144391;B
20241008;102548;21783;2;2025243192219144392;B
20241008;102548;21784;1;2025243192219144393;B
20241008;102548;21785;4;2025243192219144398;B
20241008;102548;21786;11;2025243192219144403;B
20241008;102548;21790;5;2025243192219144408;B
20241008;102548;21828;5;2025243192219144409;B
20241008;102548;21830;5;2025243192219144410;B
20241008;102548;21831;1;2025243192219144411;B
20241008;102548;21847;17;2025243192219144412;B
20241008;102548;21849;17;2025243192219144413;B
20241008;102548;21849;48;2025243192219144414;B
20241008;102549;21845;20;2025243192219144415;B
20241008;102549;21846;7;2025243192219144416;B
20241008;102549;21848;6;2025243192219144417;B
20241008;102549;21849;52;2025243192219144418;B
20241008;102549;21850;10;2025243192219144419;B
20241008;102549;21870;51;2025243192219144420;B
20241008;102549;21721;1;2025243192219144421;S
20241008;102550;21865;20;2025243192219144422;B
20241008;102550;21866;3;2025243192219144423;B
20241008;102550;21870;27;2025243192219144424;B
20241008;102554;21748;10;2025243192219144425;S
20241008;102554;21748;1;2025243192219144426;S
20241008;102558;21772;5;2025243192219144427;S
20241008;102559;21776;1;2025243192219144428;S
20241008;102601;21788;3;2025243192219144429;S
20241008;102603;21803;3;2025243192219144430;S
20241008;102603;21802;12;2025243192219144431;S
20241008;102604;21803;5;2025243192219144432;S
20241008;102604;21803;1;2025243192219144433;S
20241008;102608;21803;1;2025243192219144434;S
20241008;102608;21802;4;2025243192219144435;S
20241008;102609;21802;1;2025243192219144436;S
20241008;102614;21801;1;2025243192219144437;S
20241008;102618;21803;1;2025243192219144438;B
20241008;102618;21809;5;2025243192219144439;B
20241008;102619;21802;1;2025243192219144440;S
20241008;102619;21833;20;2025243192219144441;B
20241008;102619;21834;17;2025243192219144442;B
20241008;102619;21835;60;2025243192219144443;B
20241008;102619;21847;5;2025243192219144444;B
20241008;102619;21880;1;2025243192219144445;B
20241008;102619;21881;14;2025243192219144446;B
20241008;102619;21887;70;2025243192219144451;B
20241008;102619;21889;10;2025243192219144452;B
20241008;102619;21890;21;2025243192219144453;B
20241008;102620;21889;1;2025243192219144457;B
20241008;102620;21889;11;2025243192219144462;B
20241008;102620;21889;8;2025243192219144467;B
20241008;102620;21890;2;2025243192219144472;B
20241008;102620;21890;2;2025243192219144477;B
20241008;102620;21890;5;2025243192219144482;B
20241008;102620;21890;2;2025243192219144487;B
20241008;102620;21890;1;2025243192219144492;B
20241008;102620;21890;22;2025243192219144497;B
20241008;102624;21811;1;2025243192219144501;S
20241008;102626;21821;20;2025243192219144502;S
20241008;102626;21820;17;2025243192219144503;S
20241008;102626;21819;10;2025243192219144504;S
20241008;102626;21816;7;2025243192219144505;S
20241008;102626;21808;10;2025243192219144506;S
20241008;102626;21807;1;2025243192219144507;S
20241008;102626;21802;1;2025243192219144508;S
20241008;102628;21802;35;2025243192219144509;S
20241008;102628;21802;10;2025243192219144510;S
20241008;102628;21802;10;2025243192219144511;S
20241008;102628;21801;45;2025243192219144512;S
20241008;102629;21802;1;2025243192219144513;S
20241008;102634;21806;1;2025243192219144514;S
20241008;102639;21817;1;2025243192219144515;S
20241008;102643;21862;2;2025243192219144516;B
20241008;102644;21817;1;2025243192219144517;S
20241008;102645;21817;18;2025243192219144518;S
20241008;102645;21808;5;2025243192219144519;S
20241008;102645;21807;70;2025243192219144520;S
20241008;102645;21807;30;2025243192219144521;S
20241008;102645;21806;645;2025243192219144522;S
20241008;102647;21806;100;2025243192219144523;S
20241008;102649;21806;1;2025243192219144524;S
20241008;102653;21807;1;2025243192219144525;S
20241008;102654;21807;1;2025243192219144526;S
20241008;102657;21848;3;2025243192219144527;B
20241008;102658;21807;5;2025243192219144528;S
20241008;102659;21807;1;2025243192219144529;S
20241008;102700;21807;41;2025243192219144530;S
20241008;102700;21806;254;2025243192219144531;S
20241008;102700;21801;1;2025243192219144532;S
20241008;102700;21800;66;2025243192219144533;S
20241008;102700;21800;362;2025243192219144534;S
20241008;102701;21800;72;2025243192219144535;S
20241008;102701;21798;5;2025243192219144536;S
20241008;102701;21786;5;2025243192219144537;S
20241008;102701;21786;20;2025243192219144538;S
20241008;102701;21778;4;2025243192219144539;S
20241008;102701;21765;3;2025243192219144540;S
20241008;102701;21745;20;2025243192219144545;S
20241008;102701;21740;71;2025243192219144546;S
20241008;102701;21744;20;2025243192219144547;S
20241008;102704;21801;1;2025243192219144548;S
20241008;102709;21837;7;2025243192219144549;B
20241008;102709;21777;1;2025243192219144550;S
20241008;102714;21776;1;2025243192219144551;S
20241008;102719;21776;1;2025243192219144552;S
20241008;102724;21794;20;2025243192219144553;B
20241008;102724;21795;20;2025243192219144554;B
20241008;102724;21799;9;2025243192219144555;B
20241008;102724;21777;1;2025243192219144556;S
20241008;102725;21798;3;2025243192219144557;B
20241008;102729;21777;1;2025243192219144558;S
20241008;102729;21777;1;2025243192219144559;S
20241008;102734;21778;1;2025243192219144560;S
20241008;102735;21798;10;2025243192219144561;B
20241008;102739;21778;1;2025243192219144562;S
20241008;102741;21797;1;2025243192219144563;B
20241008;102741;21798;1;2025243192219144564;B
20241008;102741;21798;1;2025243192219144565;B
20241008;102744;21780;1;2025243192219144566;S
20241008;102749;21781;1;2025243192219144567;S
20241008;102753;21782;1;2025243192219144568;S
20241008;102753;21780;3;2025243192219144569;S
20241008;102753;21780;1;2025243192219144570;B
20241008;102753;21780;2;2025243192219144571;B
20241008;102754;21778;1;2025243192219144572;S
20241008;102756;21780;25;2025243192219144573;B
20241008;102757;21780;3;2025243192219144574;B
20241008;102759;21778;1;2025243192219144575;S
20241008;102801;21778;1;2025243192219144576;S
20241008;102802;21778;48;2025243192219144577;S
20241008;102804;21777;1;2025243192219144578;S
20241008;102807;21777;5;2025243192219144579;S
20241008;102807;21777;4;2025243192219144580;S
20241008;102807;21778;2;2025243192219144581;B
20241008;102807;21779;22;2025243192219144582;B
20241008;102807;21780;9;2025243192219144583;B
20241008;102809;21778;1;2025243192219144584;S
20241008;102814;21779;1;2025243192219144585;S
20241008;102816;21780;10;2025243192219144586;B
20241008;102818;21780;10;2025243192219144587;B
20241008;102819;21779;1;2025243192219144588;S
20241008;102824;21779;1;2025243192219144589;S
20241008;102829;21779;1;2025243192219144590;S
20241008;102834;21779;1;2025243192219144591;S
20241008;102839;21779;1;2025243192219144592;S
20241008;102844;21778;1;2025243192219144594;S
20241008;102849;21782;1;2025243192219144595;S
20241008;102853;21793;1;2025243192219144596;B
20241008;102853;21794;3;2025243192219144597;B
20241008;102854;21795;3;2025243192219144598;B
