<DATE>;<TIME>;<LAST>;<VOL>;<ID>;<OPER>
20240514;095950;3090;7;10355697705;S
20240514;095950;3090;7;10355697706;S
20240514;095950;3090;2;10355697707;S
20240514;095950;3090;1;10355697708;S
20240514;095950;3090;5;10355697709;S
20240514;095950;3090;81;10355697710;S
20240514;095950;3090;20;10355697711;S
20240514;095950;3090;1;10355697712;S
20240514;095950;3090;1;10355697713;S
20240514;095950;3090;1;10355697714;S
20240514;095950;3090;2;10355697715;S
20240514;095950;3090;10;10355697716;S
20240514;095950;3090;1;10355697717;S
20240514;095950;3090;50;10355697718;S
20240514;095950;3090;1;10355697719;S
20240514;095950;3090;910;10355697720;S
20240514;095950;3090;6;10355697721;S
20240514;095950;3090;2;10355697722;S
20240514;095950;3090;1;10355697723;S
20240514;095950;3090;3;10355697724;S
20240514;095950;3090;10;10355697725;B
20240514;095950;3090;10;10355697726;B
20240514;095950;3090;1;10355697727;B
20240514;095950;3090;20;10355697728;B
20240514;095950;3090;2;10355697729;B
20240514;095950;3090;1;10355697730;B
20240514;095950;3090;1;10355697731;B
20240514;095950;3090;10;10355697732;B
20240514;095950;3090;1;10355697733;B
20240514;095950;3090;4;10355697734;S
20240514;095950;3090;3;10355697735;B
20240514;095950;3090;6;10355697736;B
20240514;095950;3090;1;10355697737;B
20240514;095950;3090;2;10355697738;S
20240514;095950;3090;1;10355697739;S
20240514;095950;3090;88;10355697740;B
20240514;095950;3090;109;10355697741;B
20240514;095950;3090;3;10355697742;B
20240514;095950;3090;20;10355697743;S
20240514;095950;3090;200;10355697744;B
20240514;095950;3090;2;10355697745;B
20240514;095950;3090;10;10355697746;B
20240514;095950;3090;4;10355697747;B
20240514;095950;3090;40;10355697748;B
20240514;095950;3090;1;10355697749;B
20240514;095950;3090;1;10355697750;B
20240514;095950;3090;5;10355697751;B
20240514;095950;3090;100;10355697752;B
20240514;095950;3090;234;10355697753;B
20240514;095950;3090;800;10355697754;B
20240514;095950;3090;50;10355697755;B
20240514;095950;3090;1;10355697756;B
20240514;095950;3090;35;10355697757;B
20240514;095950;3090;302;10355697758;B
20240514;095950;3090;89;10355697759;B
20240514;095950;3090;1;10355697760;B
20240514;095950;3090;8;10355697761;B
20240514;095950;3090;59;10355697762;B
20240514;095950;3090;124;10355697763;S
20240514;100000;3090.5;2;10355700456;B
20240514;100001;3090;101;10355700811;S
20240514;100002;3090.5;1;10355701621;B
20240514;100002;3090.5;80;10355701632;B
20240514;100002;3090;11;10355701637;S
20240514;100002;3090;35;10355701879;S
20240514;100002;3090;4;10355702193;S
20240514;100002;3090;9;10355702199;S
20240514;100002;3090.5;1;10355702200;B
20240514;100003;3090.5;260;10355702378;B
20240514;100003;3090.5;21;10355702379;B
20240514;100003;3090.5;72;10355702380;B
20240514;100003;3091;202;10355702381;B
20240514;100003;3091;55;10355702390;B
20240514;100003;3091;55;10355702579;B
20240514;100003;3091.5;55;10355702647;B
20240514;100004;3091.5;7;10355703459;B
20240514;100005;3091.5;5;10355705569;B
20240514;100005;3091.5;3;10355705574;B
20240514;100005;3091.5;1;10355705644;B
20240514;100006;3091;10;10355705987;S
20240514;100006;3091.5;10;10355706486;B
20240514;100007;3091.5;1;10355707945;B
20240514;100007;3091;10;10355708018;S
20240514;100007;3091.5;1;10355708238;B
20240514;100008;3091.5;30;10355708417;B
20240514;100008;3091;5;10355708571;S
20240514;100008;3091.5;427;10355708580;B
20240514;100008;3091.5;15;10355708581;B
20240514;100008;3091.5;15;10355708582;B
20240514;100008;3091.5;15;10355708583;B
20240514;100008;3092;1022;10355708584;B
20240514;100008;3092;16;10355708767;B
20240514;100009;3092;200;10355708920;B
20240514;100009;3092;1;10355708936;B
20240514;100009;3092;49;10355709000;B
20240514;100009;3093.5;15;10355709050;B
20240514;100009;3094;15;10355709051;B
20240514;100009;3094;92;10355709052;B
20240514;100009;3094;43;10355709053;B
20240514;100010;3093;4;10355709321;S
20240514;100010;3093;18;10355709349;S
20240514;100010;3093;1;10355709445;S
20240514;100010;3094;58;10355709454;S
20240514;100010;3094;14;10355709464;B
20240514;100010;3094;2;10355709491;B
20240514;100010;3094;21;10355709569;B
20240514;100010;3093.5;1;10355709580;S
20240514;100010;3094;10;10355709636;B
20240514;100011;3094;7;10355709727;B
20240514;100012;3094;1;10355710084;B
20240514;100012;3093.5;45;10355710203;S
20240514;100012;3093.5;58;10355710204;S
20240514;100012;3092.5;95;10355710205;S
20240514;100012;3092;18;10355710206;S
20240514;100012;3092;18;10355710207;S
20240514;100013;3092.5;17;10355710529;S
20240514;100013;3093.5;1;10355710561;B
20240514;100014;3093;46;10355710613;B
20240514;100014;3093.5;140;10355710614;B
20240514;100014;3094;23;10355710615;B
20240514;100014;3094;20;10355710616;B
20240514;100014;3094;18;10355710617;B
20240514;100014;3094.5;25;10355710618;B
20240514;100014;3094.5;15;10355710619;B
20240514;100014;3094.5;16;10355710620;B
20240514;100014;3092.5;2;10355710622;S
20240514;100015;3092.5;39;10355710798;S
20240514;100015;3092;1;10355710948;S
20240514;100016;3092.5;27;10355710973;B
20240514;100016;3094.5;11;10355710974;B
20240514;100016;3094;5;10355710977;S
20240514;100016;3094;5;10355711130;S
20240514;100017;3094.5;33;10355711235;B
20240514;100019;3094;27;10355711656;S
20240514;100019;3094;40;10355711657;S
20240514;100019;3092.5;33;10355711658;S
20240514;100019;3094.5;75;10355711685;B
20240514;100019;3094.5;6;10355711686;B
20240514;100019;3094.5;104;10355711687;B
20240514;100019;3095;32;10355711688;B
20240514;100019;3095;5;10355711689;B
20240514;100019;3095;5;10355711690;B
20240514;100019;3095;73;10355711691;B
20240514;100020;3094;25;10355711929;B
20240514;100021;3094;15;10355711941;B
20240514;100021;3093.5;18;10355712102;S
20240514;100021;3092.5;2;10355712103;S
20240514;100022;3093;33;10355712191;B
20240514;100022;3093.5;30;10355712192;B
20240514;100022;3093.5;2;10355712193;B
20240514;100022;3093.5;32;10355712194;B
20240514;100023;3093;46;10355712444;B
20240514;100023;3093.5;72;10355712445;B
20240514;100023;3093.5;70;10355712446;B
20240514;100023;3093.5;30;10355712447;B
20240514;100023;3093.5;58;10355712448;B
20240514;100023;3094;10;10355712449;B
20240514;100023;3094;64;10355712450;B
20240514;100024;3093;5;10355712802;B
20240514;100025;3093;7;10355712944;B
20240514;100025;3093;15;10355712984;B
20240514;100026;3092;6;10355713248;S
20240514;100027;3092;24;10355713362;S
20240514;100027;3092;116;10355713363;S
20240514;100027;3092;4;10355713365;S
20240514;100027;3092.5;3;10355713514;B
20240514;100027;3091;30;10355713573;S
20240514;100027;3091;10;10355713574;S
20240514;100027;3091;1;10355713604;S
20240514;100028;3092.5;15;10355713645;B
20240514;100028;3092.5;18;10355713646;B
20240514;100028;3093;46;10355713647;B
20240514;100028;3093;70;10355713648;B
20240514;100028;3093;464;10355713649;B
20240514;100028;3093.5;58;10355713650;B
20240514;100028;3094;286;10355713651;B
20240514;100028;3094;161;10355713652;B
20240514;100028;3094;15;10355713653;B
20240514;100029;3094;70;10355713922;S
20240514;100030;3094;50;10355714070;S
20240514;100030;3094;386;10355714222;S
20240514;100031;3094.5;199;10355714462;B
20240514;100031;3094.5;85;10355714463;B
20240514;100031;3094.5;116;10355714464;B
20240514;100032;3094.5;384;10355714664;B
20240514;100032;3094.5;1;10355714665;B
20240514;100032;3094.5;50;10355714666;B
20240514;100032;3094.5;65;10355714667;B
20240514;100033;3094.5;10;10355714893;B
20240514;100034;3094.5;20;10355715221;B
20240514;100034;3094;161;10355715260;S
20240514;100034;3094.5;1;10355715266;B
20240514;100035;3094.5;2;10355715281;B
20240514;100035;3094.5;10;10355715315;B
20240514;100037;3094.5;167;10355715695;B
20240514;100037;3094.5;13;10355715724;B
20240514;100038;3094;20;10355715755;S
20240514;100039;3094;260;10355716194;S
20240514;100039;3094;4;10355716195;S
20240514;100039;3094;100;10355716196;S
20240514;100039;3094;150;10355716197;S
20240514;100042;3093;5;10355716816;S
20240514;100042;3093.5;4;10355716875;B
20240514;100043;3093.5;9;10355717068;B
20240514;100044;3093.5;10;10355717151;B
20240514;100044;3093;27;10355717228;S
20240514;100046;3093.5;23;10355717434;B
20240514;100046;3093.5;72;10355717435;B
20240514;100046;3094;10;10355717436;B
20240514;100046;3094;55;10355717437;B
20240514;100046;3093.5;46;10355717552;B
20240514;100046;3094;57;10355717553;B
20240514;100046;3094;72;10355717554;B
20240514;100047;3093.5;13;10355717754;B
20240514;100049;3093;50;10355718099;S
20240514;100049;3093;8;10355718146;S
20240514;100050;3093.5;57;10355718158;B
20240514;100050;3093.5;46;10355718159;B
20240514;100050;3094;1157;10355718160;B
20240514;100050;3094;7;10355718161;B
20240514;100050;3094;72;10355718162;B
20240514;100050;3094.5;112;10355718163;B
20240514;100050;3094.5;17;10355718164;B
20240514;100050;3094.5;50;10355718165;B
20240514;100050;3095;102;10355718166;B
20240514;100050;3093.5;22;10355718183;S
20240514;100050;3093.5;10;10355718201;S
20240514;100050;3093.5;26;10355718290;S
20240514;100050;3093;10;10355718291;S
20240514;100050;3093;50;10355718292;S
20240514;100050;3093;21;10355718293;S
20240514;100051;3094;18;10355718402;S
20240514;100051;3093;5;10355718403;S
20240514;100051;3093;77;10355718404;S
20240514;100053;3093.5;46;10355718964;B
20240514;100053;3093.5;72;10355718965;B
20240514;100053;3093.5;200;10355718966;B
20240514;100053;3094;400;10355718967;B
20240514;100053;3095;315;10355718968;B
20240514;100053;3095;500;10355718969;B
20240514;100053;3095;4;10355718970;B
20240514;100053;3095;53;10355718971;B
20240514;100053;3095;100;10355718972;B
20240514;100053;3095;20;10355718973;B
20240514;100053;3095;45;10355718974;B
20240514;100053;3095;300;10355718975;B
20240514;100053;3095.5;32;10355718976;B
20240514;100053;3095.5;50;10355718977;B
20240514;100053;3095.5;16;10355718978;B
20240514;100053;3095.5;1;10355718979;B
20240514;100053;3096;32;10355718980;B
20240514;100053;3096;50;10355718981;B
20240514;100053;3096;109;10355718982;B
20240514;100053;3096;40;10355718983;B
20240514;100053;3096;80;10355718984;B
20240514;100053;3096.5;32;10355718985;B
20240514;100053;3096.5;175;10355718986;B
20240514;100053;3096.5;50;10355718987;B
20240514;100053;3096.5;58;10355718988;B
20240514;100053;3097;32;10355718989;B
20240514;100053;3097;99;10355718990;B
20240514;100053;3097;10;10355718991;B
20240514;100053;3097;5;10355718992;B
20240514;100053;3097;50;10355718993;B
20240514;100053;3097;5;10355718994;B
20240514;100053;3097;2;10355718995;B
20240514;100053;3097;17;10355718996;B
20240514;100053;3094.5;50;10355719071;S
20240514;100054;3094.5;8;10355719148;S
20240514;100054;3094;18;10355719149;S
20240514;100054;3094;139;10355719150;S
20240514;100054;3094.5;15;10355719188;S
20240514;100054;3095.5;2;10355719197;B
20240514;100054;3095.5;8;10355719198;B
20240514;100054;3094.5;12;10355719360;S
20240514;100059;3094;50;10355720377;S
20240514;100059;3095.5;36;10355720469;B
20240514;100059;3095.5;20;10355720470;B
20240514;100059;3094;1;10355720475;S
20240514;100100;3095;16;10355720598;B
20240514;100105;3095;25;10355721825;B
20240514;100106;3094.5;4;10355722181;B
20240514;100107;3094.5;1;10355722355;B
20240514;100109;3094;37;10355722548;S
20240514;100109;3094;27;10355722549;S
20240514;100109;3094;1;10355722550;S
20240514;100109;3094;14;10355722551;S
20240514;100109;3093.5;18;10355722552;S
20240514;100109;3093.5;360;10355722553;S
20240514;100109;3093.5;2;10355722554;S
20240514;100109;3093.5;5;10355722555;S
20240514;100110;3093.5;1;10355722857;B
20240514;100111;3093.5;8;10355723008;B
20240514;100114;3093;15;10355723428;S
20240514;100114;3093;3;10355723429;S
20240514;100114;3093;11;10355723430;S
20240514;100114;3093.5;1;10355723447;B
20240514;100114;3093.5;1;10355723490;B
20240514;100116;3093.5;30;10355723841;B
20240514;100116;3093.5;95;10355723854;B
20240514;100116;3093.5;5;10355723855;B
20240514;100117;3094;4;10355723916;B
20240514;100123;3093;59;10355724918;S
20240514;100125;3094;20;10355725236;B
20240514;100125;3094;10;10355725237;B
20240514;100125;3094;50;10355725238;B
20240514;100125;3094;111;10355725239;B
20240514;100125;3094.5;18;10355725240;B
20240514;100125;3094.5;72;10355725241;B
20240514;100125;3095;1;10355725242;B
20240514;100125;3095;10;10355725243;B
20240514;100125;3095;16;10355725244;B
20240514;100125;3095;5;10355725245;B
20240514;100125;3095;170;10355725246;B
20240514;100125;3095;30;10355725247;B
20240514;100125;3095;1;10355725248;B
20240514;100125;3095;100;10355725249;B
20240514;100125;3095;20;10355725250;B
20240514;100125;3095;6;10355725269;S
20240514;100128;3095;557;10355726125;S
20240514;100128;3095;72;10355726126;S
20240514;100128;3095;46;10355726127;S
20240514;100130;3094.5;58;10355726321;B
20240514;100130;3094.5;17;10355726322;B
20240514;100132;3094;18;10355726674;S
20240514;100135;3094.5;2;10355727525;B
20240514;100135;3094.5;2;10355727530;B
20240514;100137;3094;4;10355727825;S
20240514;100141;3094;9;10355728693;S
20240514;100142;3094;1;10355728768;S
20240514;100145;3094.5;1;10355729395;B
20240514;100148;3094;168;10355729954;S
20240514;100148;3094;200;10355729955;S
20240514;100148;3094;25;10355729956;S
20240514;100149;3093.5;1;10355730126;S
20240514;100152;3093.5;15;10355730781;B
20240514;100152;3093.5;2;10355730853;B
20240514;100153;3093.5;30;10355730906;B
20240514;100159;3093.5;11;10355732255;B
20240514;100159;3093.5;15;10355732256;B
20240514;100159;3093.5;1;10355732257;B
20240514;100159;3093.5;1;10355732258;B
20240514;100159;3093.5;15;10355732259;B
20240514;100159;3094;46;10355732260;B
20240514;100159;3094;72;10355732261;B
20240514;100159;3094;1;10355732262;B
20240514;100159;3094;1;10355732263;B
20240514;100159;3094;20;10355732264;B
20240514;100159;3094.5;57;10355732265;B
20240514;100159;3094.5;1;10355732266;B
20240514;100159;3094.5;109;10355732267;B
20240514;100159;3094.5;1;10355732268;B
20240514;100159;3094.5;13;10355732269;B
20240514;100159;3094.5;110;10355732270;B
20240514;100159;3094.5;3;10355732271;B
20240514;100159;3094.5;1;10355732272;B
20240514;100159;3094.5;50;10355732273;B
20240514;100159;3094.5;300;10355732274;B
20240514;100159;3094.5;2;10355732275;B
20240514;100159;3095;2170;10355732276;B
20240514;100159;3094;1;10355732279;S
20240514;100202;3094;4;10355733065;S
20240514;100203;3094;26;10355733175;S
20240514;100203;3094;6;10355733258;S
20240514;100203;3094;27;10355733259;S
20240514;100203;3094;10;10355733260;S
20240514;100205;3094;8;10355733547;S
20240514;100205;3094;1;10355733548;S
20240514;100205;3094;1;10355733549;S
20240514;100206;3093.5;1;10355733634;B
20240514;100206;3093.5;8;10355733718;B
20240514;100206;3093;1;10355733859;S
20240514;100207;3093.5;37;10355733874;B
20240514;100210;3093.5;25;10355734564;S
20240514;100210;3093.5;9;10355734565;S
20240514;100210;3093.5;24;10355734566;S
20240514;100213;3093.5;13;10355735207;B
20240514;100214;3093.5;8;10355735369;B
20240514;100218;3093.5;3;10355736069;B
20240514;100218;3093.5;2;10355736248;B
20240514;100224;3093.5;3;10355737151;B
20240514;100224;3093;2;10355737168;S
20240514;100224;3093;133;10355737201;S
20240514;100224;3093;75;10355737202;S
20240514;100224;3093;50;10355737203;S
20240514;100224;3093;15;10355737204;S
20240514;100224;3093;3;10355737205;S
20240514;100224;3093;10;10355737206;S
20240514;100224;3093;150;10355737207;S
20240514;100224;3093;50;10355737208;S
20240514;100224;3093;14;10355737209;S
20240514;100224;3093;24;10355737210;S
20240514;100224;3093;25;10355737211;S
20240514;100224;3093;9;10355737212;S
20240514;100224;3093;1;10355737213;S
20240514;100224;3093;8;10355737214;S
20240514;100231;3093;4;10355738760;B
20240514;100233;3093;1;10355739179;B
20240514;100234;3093;2;10355739334;B
20240514;100235;3092.5;50;10355739544;S
20240514;100235;3092.5;5;10355739545;S
20240514;100235;3092.5;39;10355739546;S
20240514;100235;3092.5;80;10355739547;S
20240514;100243;3092.5;25;10355740937;B
20240514;100245;3092;1;10355741303;S
20240514;100248;3092.5;21;10355741858;B
20240514;100248;3092.5;1;10355741859;B
20240514;100248;3092.5;50;10355741860;B
20240514;100248;3092.5;20;10355741861;B
20240514;100248;3092.5;7;10355741862;B
20240514;100248;3093;14;10355741863;B
20240514;100250;3092.5;46;10355742052;S
20240514;100250;3092.5;38;10355742053;S
20240514;100250;3092.5;72;10355742054;S
20240514;100250;3092.5;2;10355742055;S
20240514;100251;3092.5;1;10355742328;B
20240514;100252;3092;1;10355742361;S
20240514;100258;3092.5;100;10355743674;B
20240514;100258;3093;560;10355743675;B
20240514;100303;3092.5;2;10355745346;S
20240514;100305;3093;2;10355745675;B
20240514;100308;3092.5;44;10355746112;S
20240514;100308;3092.5;13;10355746113;S
20240514;100309;3093;2;10355746259;B
20240514;100311;3093;100;10355746545;B
20240514;100311;3092.5;1;10355746563;S
20240514;100311;3092.5;4;10355746564;S
20240514;100311;3092.5;3;10355746565;S
20240514;100311;3092.5;24;10355746566;S
20240514;100312;3093;127;10355746735;B
20240514;100312;3093;1;10355746736;B
20240514;100312;3093;25;10355746737;B
20240514;100312;3093;52;10355746738;B
20240514;100312;3093;88;10355746739;B
20240514;100312;3093;1;10355746770;B
20240514;100314;3093;1;10355747322;B
20240514;100316;3092.5;6;10355747643;S
20240514;100316;3092.5;1;10355747644;S
20240514;100316;3092.5;1;10355747645;S
20240514;100316;3092.5;46;10355747646;S
20240514;100316;3092.5;25;10355747647;S
20240514;100316;3092.5;38;10355747648;S
20240514;100316;3092;1;10355747649;S
20240514;100316;3092;1;10355747650;S
20240514;100316;3092;11;10355747651;S
20240514;100316;3092;1;10355747652;S
20240514;100316;3092;19;10355747653;S
20240514;100317;3093;10;10355747942;B
20240514;100317;3093;1;10355747943;B
20240514;100317;3093;100;10355747944;B
20240514;100317;3093;17;10355747945;B
20240514;100318;3093;32;10355748061;S
20240514;100318;3093;72;10355748062;S
20240514;100318;3093;1;10355748118;B
20240514;100319;3093;2;10355748210;B
20240514;100321;3093;3;10355748575;B
20240514;100329;3093;1;10355749741;B
20240514;100329;3093;3;10355749742;B
20240514;100329;3093;1;10355749743;B
20240514;100329;3093;5;10355749744;B
20240514;100329;3093.5;3;10355749745;B
20240514;100330;3093.5;2;10355749873;B
20240514;100330;3093.5;5;10355749874;B
20240514;100330;3092.5;15;10355749969;S
20240514;100332;3092.5;1;10355750251;S
20240514;100340;3093;2;10355752227;B
20240514;100342;3093;1;10355752414;S
20240514;100343;3093;5;10355752767;S
20240514;100346;3093;5;10355753288;S
20240514;100348;3093;1;10355753727;S
20240514;100348;3093;1;10355753728;S
20240514;100348;3093;38;10355753729;S
20240514;100348;3092.5;30;10355753730;S
20240514;100348;3092.5;72;10355753731;S
20240514;100348;3092.5;1;10355753732;S
20240514;100348;3092.5;5;10355753733;S
20240514;100348;3092.5;67;10355753734;S
20240514;100348;3092.5;360;10355753735;S
20240514;100348;3092;3;10355753736;S
20240514;100348;3092;100;10355753737;S
20240514;100348;3092;50;10355753738;S
20240514;100348;3092;1;10355753739;S
20240514;100348;3092;9;10355753740;S
20240514;100348;3092;11;10355753741;S
20240514;100348;3092;3;10355753742;S
20240514;100348;3092;10;10355753743;S
20240514;100348;3092;10;10355753744;S
20240514;100348;3092;10;10355753745;S
20240514;100348;3092;1;10355753746;S
20240514;100348;3092;50;10355753747;S
20240514;100348;3092;58;10355753748;S
20240514;100348;3091.5;1;10355753749;S
20240514;100348;3091.5;5;10355753750;S
20240514;100348;3091.5;1;10355753751;S
20240514;100348;3091.5;50;10355753752;S
20240514;100348;3091;2;10355753753;S
20240514;100348;3091;185;10355753754;S
20240514;100349;3093;16;10355753856;B
20240514;100353;3092;16;10355754471;B
20240514;100355;3092;1;10355754948;B
20240514;100400;3091.5;6;10355755654;S
20240514;100400;3091.5;1;10355755655;S
20240514;100400;3091;493;10355755656;S
20240514;100400;3091.5;1;10355755661;B
20240514;100402;3091;22;10355755933;S
20240514;100403;3091;4;10355756158;S
20240514;100405;3091;100;10355756752;S
20240514;100405;3091;196;10355756763;S
20240514;100405;3091;1;10355756764;S
20240514;100405;3091;1;10355756765;S
20240514;100405;3091;15;10355756766;S
20240514;100405;3091;20;10355756767;S
20240514;100405;3091;8;10355756768;S
20240514;100405;3090.5;40;10355756769;S
20240514;100405;3090.5;5;10355756770;S
20240514;100405;3090.5;100;10355756771;S
20240514;100405;3090.5;10;10355756772;S
20240514;100405;3090.5;38;10355756773;S
20240514;100405;3090;87;10355756774;S
20240514;100405;3090;1;10355756775;S
20240514;100405;3090;200;10355756776;S
20240514;100405;3090;270;10355756777;S
20240514;100405;3090;17;10355756778;S
20240514;100405;3090;5;10355756779;S
20240514;100405;3090;1;10355756780;S
20240514;100405;3090;39;10355756781;S
20240514;100405;3090;1;10355756782;S
20240514;100405;3090;1;10355756783;S
20240514;100405;3090;1;10355756784;S
20240514;100405;3090;5;10355756785;S
20240514;100405;3090;7;10355756786;S
20240514;100405;3090;100;10355756787;S
20240514;100405;3090;15;10355756788;S
20240514;100405;3090;30;10355756789;S
20240514;100405;3090;16;10355756790;S
20240514;100405;3090;10;10355756791;S
20240514;100405;3090;3;10355756792;S
20240514;100405;3090;2;10355756793;S
20240514;100405;3090;1;10355756794;S
20240514;100405;3090;200;10355756795;S
20240514;100405;3090;80;10355756796;S
20240514;100405;3090;1;10355756797;S
20240514;100405;3090;5;10355756798;S
20240514;100405;3090;5;10355756799;S
20240514;100405;3090;2;10355756806;B
20240514;100408;3090;2;10355757168;B
20240514;100410;3090;30;10355757522;B
20240514;100411;3090;29;10355757672;B
20240514;100411;3090;38;10355757673;B
20240514;100411;3090;58;10355757674;B
20240514;100411;3090;46;10355757675;B
20240514;100411;3090;131;10355757676;B
20240514;100411;3090;313;10355757693;S
20240514;100411;3089.5;10;10355757694;S
20240514;100411;3089.5;18;10355757695;S
20240514;100411;3089.5;38;10355757696;S
20240514;100411;3089;17;10355757697;S
20240514;100411;3089;3;10355757712;S
20240514;100411;3089;7;10355757713;S
20240514;100412;3089.5;2;10355757996;B
20240514;100412;3090;15;10355757997;B
20240514;100412;3089;3;10355758072;S
20240514;100413;3089;1;10355758381;S
20240514;100418;3089.5;1;10355759045;B
20240514;100422;3089;16;10355759672;S
20240514;100423;3089;41;10355759952;S
20240514;100423;3089;37;10355759953;S
20240514;100423;3089;1;10355759954;S
20240514;100423;3089;10;10355759955;S
20240514;100423;3088.5;1;10355759956;S
20240514;100423;3088.5;1;10355759957;S
20240514;100423;3088.5;10;10355759958;S
20240514;100423;3088.5;104;10355759959;S
20240514;100423;3088.5;60;10355759960;S
20240514;100423;3088;20;10355759961;S
20240514;100423;3088;5;10355759962;S
20240514;100423;3088;1;10355759963;S
20240514;100423;3088;22;10355759964;S
20240514;100423;3088;1;10355759965;S
20240514;100423;3088;1;10355759966;S
20240514;100423;3088;5;10355759967;S
20240514;100423;3088;3;10355759968;S
20240514;100423;3088;5;10355759969;S
20240514;100423;3088;17;10355759970;S
20240514;100423;3088;10;10355759971;S
20240514;100423;3088;5;10355759972;S
20240514;100423;3088;54;10355759973;S
20240514;100423;3087.5;1;10355759974;S
20240514;100423;3087.5;3;10355759975;S
20240514;100423;3087.5;1;10355759976;S
20240514;100423;3087.5;3;10355759977;S
20240514;100423;3087.5;3;10355759978;S
20240514;100423;3087.5;3;10355759979;S
20240514;100423;3087.5;1;10355759980;S
20240514;100423;3087.5;1;10355759981;S
20240514;100423;3087.5;100;10355759982;S
20240514;100423;3087.5;35;10355759983;S
20240514;100423;3087.5;150;10355759984;S
20240514;100423;3087.5;1;10355759985;S
20240514;100423;3087.5;1;10355759986;S
20240514;100423;3087.5;1;10355759987;S
20240514;100423;3087.5;2;10355759988;S
20240514;100423;3087.5;1;10355759989;S
20240514;100423;3087.5;1;10355759990;S
20240514;100423;3087.5;2;10355759991;S
20240514;100423;3087.5;6;10355759992;S
20240514;100423;3087.5;11;10355759993;S
20240514;100423;3087.5;74;10355759994;S
20240514;100423;3087.5;1;10355759995;S
20240514;100423;3087.5;1;10355759996;S
20240514;100423;3087.5;50;10355759997;S
20240514;100423;3087.5;50;10355759998;S
20240514;100423;3087.5;80;10355759999;S
20240514;100423;3087.5;18;10355760000;S
20240514;100425;3087;3;10355760375;S
20240514;100425;3087;4;10355760376;S
20240514;100426;3087;1;10355760612;S
20240514;100426;3087;2;10355760695;S
20240514;100428;3087;8;10355760917;S
20240514;100428;3087;1;10355760918;S
20240514;100428;3087;1;10355760919;S
20240514;100428;3087;2;10355760920;S
20240514;100428;3087;1;10355760921;S
20240514;100428;3087;1;10355760922;S
20240514;100428;3087;11;10355760923;S
20240514;100430;3087;89;10355761324;S
20240514;100430;3087;10;10355761325;S
20240514;100430;3087;98;10355761326;S
20240514;100430;3087;1;10355761327;S
20240514;100430;3087;2;10355761328;S
20240514;100430;3087;15;10355761336;S
20240514;100431;3086.5;3;10355761557;S
20240514;100431;3086.5;1;10355761558;S
20240514;100431;3086;32;10355761628;S
20240514;100431;3086;1;10355761629;S
20240514;100431;3086;240;10355761630;S
20240514;100431;3086;1;10355761631;S
20240514;100431;3086;20;10355761632;S
20240514;100431;3086;432;10355761633;S
20240514;100431;3086;10;10355761634;S
20240514;100431;3086;1;10355761635;S
20240514;100431;3086;1;10355761636;S
20240514;100431;3085.5;2;10355761637;S
20240514;100431;3085.5;10;10355761638;S
20240514;100431;3085.5;500;10355761639;S
20240514;100431;3085;250;10355761640;S
20240514;100431;3085;21;10355761641;S
20240514;100431;3085;79;10355761642;S
20240514;100431;3085;7;10355761643;S
20240514;100431;3085;5;10355761644;S
20240514;100431;3085;1;10355761645;S
20240514;100431;3085;55;10355761646;S
20240514;100431;3085;8;10355761647;S
20240514;100431;3085;2;10355761648;S
20240514;100431;3085;1;10355761649;S
20240514;100431;3085;1;10355761650;S
20240514;100431;3085;1;10355761651;S
20240514;100431;3085;5;10355761652;S
20240514;100431;3085;95;10355761653;S
20240514;100431;3085;5;10355761654;S
20240514;100431;3085;5;10355761655;S
20240514;100431;3085;20;10355761656;S
20240514;100431;3085;3;10355761657;S
20240514;100431;3085;1;10355761658;S
20240514;100431;3085;2;10355761659;S
20240514;100431;3085;1;10355761660;S
20240514;100431;3085;2;10355761661;S
20240514;100431;3084.5;4;10355761662;S
20240514;100431;3084.5;50;10355761663;S
20240514;100431;3084.5;4;10355761664;S
20240514;100431;3084;30;10355761665;S
20240514;100433;3083.5;10;10355761875;B
20240514;100433;3083.5;1;10355761984;B
20240514;100434;3083.5;1;10355762089;B
20240514;100434;3083.5;1;10355762093;B
20240514;100434;3083.5;1;10355762147;B
20240514;100436;3083.5;42;10355762464;B
20240514;100436;3083.5;28;10355762465;B
20240514;100438;3084;39;10355762966;B
20240514;100440;3084;1;10355763315;B
20240514;100445;3084;1;10355764246;S
20240514;100448;3085.5;10;10355764701;B
20240514;100451;3085;1;10355765214;B
20240514;100457;3084.5;33;10355766828;S
20240514;100458;3085;8;10355767039;B
20240514;100500;3085.5;8;10355767314;B
20240514;100500;3086;42;10355767315;B
20240514;100500;3086;50;10355767316;B
20240514;100505;3086.5;1;10355768075;B
20240514;100506;3086;1;10355768142;B
20240514;100506;3086.5;9;10355768143;B
20240514;100509;3086.5;15;10355768980;B
20240514;100510;3086.5;3;10355769130;B
20240514;100511;3086.5;2;10355769281;B
20240514;100513;3086.5;5;10355769612;B
20240514;100514;3086.5;15;10355769668;B
20240514;100514;3086;10;10355769772;S
20240514;100515;3086;10;10355769824;B
20240514;100521;3086;13;10355770956;B
20240514;100521;3086;41;10355770957;B
20240514;100521;3086;142;10355770958;B
20240514;100532;3086.5;2;10355772754;B
20240514;100536;3086;1;10355773553;S
20240514;100538;3086.5;29;10355773955;B
20240514;100540;3086.5;1;10355774366;B
20240514;100543;3087;100;10355774751;B
20240514;100543;3087;2;10355774752;B
20240514;100543;3087;4;10355774753;B
20240514;100543;3087.5;18;10355774754;B
20240514;100543;3087.5;40;10355774755;B
20240514;100544;3089;10;10355774858;B
20240514;100544;3089;5;10355774859;B
20240514;100547;3089;13;10355775393;B
20240514;100547;3089;137;10355775394;B
20240514;100547;3089;40;10355775395;B
20240514;100548;3089;2;10355775617;S
20240514;100559;3089;1;10355777482;S
20240514;100602;3089;45;10355778228;S
20240514;100602;3089;12;10355778229;S
20240514;100602;3089;72;10355778230;S
20240514;100602;3089;3;10355778231;S
20240514;100602;3089;19;10355778232;S
20240514;100602;3089;2;10355778233;S
20240514;100603;3088.5;4;10355778438;S
20240514;100603;3088.5;42;10355778499;S
20240514;100603;3088.5;72;10355778500;S
20240514;100603;3088;1;10355778501;S
20240514;100603;3088;58;10355778502;S
20240514;100603;3088;180;10355778503;S
20240514;100603;3088;39;10355778504;S
20240514;100603;3087.5;18;10355778505;S
20240514;100603;3087.5;1;10355778506;S
20240514;100603;3087;25;10355778507;S
20240514;100603;3087;8;10355778508;S
20240514;100603;3087;56;10355778509;S
20240514;100606;3087.5;46;10355778965;S
20240514;100606;3087.5;35;10355778966;S
20240514;100606;3087;14;10355778967;S
20240514;100606;3087;3;10355778968;S
20240514;100607;3088;20;10355779096;B
20240514;100607;3088;39;10355779097;B
20240514;100607;3088;7;10355779098;B
20240514;100611;3087.5;46;10355779771;S
20240514;100611;3087.5;58;10355779772;S
20240514;100611;3087.5;39;10355779773;S
20240514;100612;3087.5;1;10355779909;B
20240514;100615;3087.5;1;10355780664;B
20240514;100622;3087;1;10355781704;S
20240514;100624;3087.5;47;10355782048;B
20240514;100624;3088;20;10355782049;B
20240514;100624;3088;33;10355782050;B
20240514;100628;3087;28;10355782663;S
20240514;100628;3087;58;10355782664;S
20240514;100628;3087;39;10355782665;S
20240514;100628;3087;5;10355782666;S
20240514;100628;3087;9;10355782667;S
20240514;100628;3087;46;10355782668;S
20240514;100630;3087;1;10355783030;B
20240514;100633;3087;14;10355783492;B
20240514;100633;3088;5;10355783536;B
20240514;100633;3088;1;10355783537;B
20240514;100633;3088;19;10355783538;B
20240514;100634;3088;1;10355783591;B
20240514;100638;3088;10;10355784111;B
20240514;100638;3088;1;10355784127;B
20240514;100638;3088;30;10355784133;B
20240514;100640;3087.5;38;10355784347;S
20240514;100640;3087.5;46;10355784348;S
20240514;100640;3087.5;58;10355784349;S
20240514;100640;3087;58;10355784350;S
20240514;100646;3087.5;40;10355785292;S
20240514;100648;3088;15;10355785607;B
20240514;100705;3087.5;50;10355789007;B
20240514;100707;3087;15;10355789276;S
20240514;100710;3088;2;10355789668;B
20240514;100710;3088;1;10355789669;B
20240514;100714;3087.5;30;10355790274;B
20240514;100714;3087;13;10355790300;S
20240514;100714;3087;2;10355790301;S
20240514;100714;3087;10;10355790302;S
20240514;100714;3087;37;10355790303;S
20240514;100714;3086.5;1;10355790304;S
20240514;100714;3086.5;2;10355790305;S
20240514;100714;3086.5;180;10355790306;S
20240514;100714;3086.5;1;10355790307;S
20240514;100714;3086.5;10;10355790308;S
20240514;100714;3086.5;58;10355790309;S
20240514;100714;3086.5;5;10355790310;S
20240514;100714;3086;3;10355790311;S
20240514;100714;3086;2;10355790312;S
20240514;100714;3086;17;10355790313;S
20240514;100714;3086;5;10355790314;S
20240514;100714;3086;50;10355790315;S
20240514;100714;3086;1;10355790316;S
20240514;100714;3086;1;10355790317;S
20240514;100714;3086;2;10355790318;S
20240514;100714;3086;1000;10355790319;S
20240514;100714;3086;5;10355790320;S
20240514;100714;3086;1;10355790321;S
20240514;100714;3086;1;10355790322;S
20240514;100714;3085.5;1;10355790323;S
20240514;100714;3085.5;5;10355790324;S
20240514;100714;3085.5;50;10355790325;S
20240514;100714;3085.5;537;10355790326;S
20240514;100715;3086.5;1;10355790480;B
20240514;100716;3086.5;1;10355790567;B
20240514;100720;3086;1;10355791169;S
20240514;100720;3085.5;199;10355791170;S
20240514;100723;3086;20;10355791613;S
20240514;100723;3085.5;30;10355791614;S
20240514;100724;3085.5;1;10355791756;S
20240514;100735;3086;16;10355793320;B
20240514;100735;3086;4;10355793321;B
20240514;100735;3086;126;10355793322;B
20240514;100735;3086;37;10355793323;B
20240514;100735;3086;7;10355793324;B
20240514;100735;3085.5;1;10355793336;S
20240514;100739;3086;1;10355793848;B
20240514;100740;3085.5;1;10355793914;S
20240514;100740;3085.5;7;10355794020;S
20240514;100742;3086;1;10355794278;B
20240514;100753;3086;1;10355795827;S
20240514;100754;3086.5;1;10355795995;B
20240514;100754;3086.5;29;10355795996;B
20240514;100755;3086.5;46;10355796165;S
20240514;100755;3086.5;50;10355796166;S
20240514;100755;3086;19;10355796167;S
20240514;100755;3086;37;10355796168;S
20240514;100755;3086;18;10355796169;S
20240514;100755;3086;15;10355796170;S
20240514;100755;3086;1;10355796171;S
20240514;100755;3086;60;10355796172;S
20240514;100755;3086;1;10355796173;S
20240514;100755;3086;10;10355796174;B
20240514;100756;3086;23;10355796304;B
20240514;100800;3086;1;10355797142;B
20240514;100801;3085.5;100;10355797303;S
20240514;100802;3086;1;10355797438;B
20240514;100803;3085.5;4;10355797663;S
20240514;100804;3086;1;10355798226;B
20240514;100809;3085.5;2;10355798899;S
20240514;100811;3086;48;10355799170;B
20240514;100812;3086;50;10355799372;B
20240514;100814;3086;1;10355799800;B
20240514;100815;3086;7;10355799953;B
20240514;100815;3086;5;10355799954;B
20240514;100816;3086.5;6;10355800037;B
20240514;100820;3087;18;10355800675;B
20240514;100821;3087;7;10355800813;S
20240514;100830;3087;30;10355802478;S
20240514;100832;3087;70;10355802733;S
20240514;100832;3087;4;10355802734;S
20240514;100832;3086.5;1;10355802735;S
20240514;100832;3086.5;45;10355802736;S
20240514;100834;3087;10;10355802910;S
20240514;100837;3087;1;10355803490;S
20240514;100840;3087;30;10355803862;S
20240514;100844;3087;2;10355804518;S
20240514;100844;3087;46;10355804519;S
20240514;100844;3087;2;10355804520;S
20240514;100850;3087.5;70;10355805500;B
20240514;100850;3087.5;1;10355805501;B
20240514;100850;3087.5;4;10355805502;B
20240514;100852;3087.5;10;10355805782;B
20240514;100852;3087.5;10;10355805788;B
20240514;100853;3087.5;1;10355806043;B
20240514;100858;3087;3;10355806668;S
20240514;100858;3087;49;10355806669;S
20240514;100858;3087;2;10355806670;S
20240514;100858;3087;100;10355806671;S
20240514;100858;3087;36;10355806672;S
20240514;100858;3087;46;10355806673;S
20240514;100858;3087;10;10355806677;B
20240514;100858;3087;10;10355806683;B
20240514;100858;3087;10;10355806697;B
20240514;100858;3087;10;10355806733;B
20240514;100858;3087;10;10355806754;B
20240514;100858;3087;10;10355806759;B
20240514;100858;3087;10;10355806786;B
20240514;100904;3087;2;10355807778;B
20240514;100906;3087;1;10355808086;B
20240514;100909;3087;2;10355808479;B
20240514;100913;3087;20;10355809240;B
20240514;100917;3086.5;2;10355809654;S
20240514;100917;3086.5;1;10355809655;S
20240514;100917;3086.5;2;10355809656;S
20240514;100920;3087;100;10355809962;B
20240514;100924;3086.5;2;10355810526;S
20240514;100927;3087;1;10355810903;B
20240514;100928;3087;1;10355811051;B
20240514;100930;3087;1;10355811307;B
20240514;100930;3087;16;10355811308;B
20240514;100930;3087;10;10355811309;B
20240514;100930;3087;87;10355811310;B
20240514;100936;3087;47;10355812113;S
20240514;100936;3087;15;10355812167;S
20240514;100941;3087;324;10355812815;S
20240514;100941;3087;37;10355812816;S
20240514;100941;3087;72;10355812817;S
20240514;100941;3087;46;10355812818;S
20240514;100941;3087;1;10355812819;S
20240514;100941;3086.5;3;10355812820;S
20240514;100941;3086.5;50;10355812821;S
20240514;100941;3086.5;167;10355812822;S
20240514;100949;3087.5;3;10355813917;B
20240514;100949;3087.5;5;10355813933;B
20240514;100951;3087.5;16;10355814101;B
20240514;100952;3087;50;10355814351;S
20240514;100952;3087;1;10355814352;S
20240514;100952;3087;1;10355814353;S
20240514;100952;3087;1;10355814354;S
20240514;100952;3086.5;1;10355814355;S
20240514;100952;3086.5;2;10355814356;S
20240514;100952;3086.5;72;10355814357;S
20240514;100952;3086.5;46;10355814358;S
20240514;100952;3086.5;36;10355814359;S
20240514;100952;3086.5;60;10355814360;S
20240514;100952;3086.5;100;10355814361;S
20240514;100952;3086;13;10355814362;S
20240514;100952;3086;100;10355814363;S
20240514;100952;3086;20;10355814364;S
20240514;100952;3086;2;10355814365;S
20240514;100952;3086;10;10355814366;S
20240514;100952;3086;2;10355814367;S
20240514;100952;3086;50;10355814368;S
20240514;100952;3086;1;10355814369;S
20240514;100952;3086;10;10355814370;S
20240514;100952;3085.5;118;10355814371;S
20240514;100952;3085.5;1;10355814372;S
20240514;100952;3085.5;5;10355814373;S
20240514;100952;3085.5;100;10355814374;S
20240514;100952;3085.5;1;10355814375;S
20240514;100952;3085.5;15;10355814376;S
20240514;100952;3085.5;1;10355814377;S
20240514;100952;3085.5;50;10355814378;S
20240514;100952;3085.5;55;10355814379;S
20240514;100952;3085.5;50;10355814380;S
20240514;100952;3085.5;2;10355814381;S
20240514;100952;3085.5;1;10355814382;S
20240514;100952;3085;22;10355814383;S
20240514;100952;3085;3;10355814384;S
20240514;100952;3085;38;10355814385;S
20240514;100952;3085;1;10355814386;S
20240514;100952;3085;5;10355814387;S
20240514;100952;3085;2;10355814388;S
20240514;100952;3085;32;10355814389;S
20240514;100952;3085;20;10355814390;S
20240514;100952;3085;50;10355814391;S
20240514;100952;3085;20;10355814392;S
20240514;100952;3085;1;10355814393;S
20240514;100952;3085;18;10355814394;S
20240514;100952;3085;1;10355814395;S
20240514;100952;3085;50;10355814396;S
20240514;100952;3085;21;10355814397;S
20240514;100952;3085;50;10355814398;S
20240514;100952;3085;1;10355814399;S
20240514;100952;3085;50;10355814400;S
20240514;100952;3085;5;10355814401;S
20240514;100952;3085;1;10355814402;S
20240514;100952;3085;2;10355814403;S
20240514;100952;3085;3;10355814404;S
20240514;100952;3085;2;10355814405;S
20240514;100952;3085;3;10355814406;S
20240514;100952;3085;20;10355814407;S
20240514;100952;3085;1;10355814408;S
20240514;100952;3085;2;10355814409;S
20240514;100952;3085;5;10355814410;S
20240514;100952;3085;1;10355814411;S
20240514;100952;3085;50;10355814412;B
20240514;100954;3085;1;10355815108;B
20240514;100956;3085;52;10355815412;B
20240514;100956;3085.5;36;10355815413;B
20240514;100956;3085.5;12;10355815414;B
20240514;100958;3085;22;10355815874;S
20240514;101002;3085;4;10355816547;S
20240514;101010;3085;1;10355817684;S
20240514;101010;3085;1;10355817685;S
20240514;101010;3085;5;10355817686;S
20240514;101010;3085;1;10355817687;S
20240514;101012;3085.5;36;10355817930;B
20240514;101012;3085.5;46;10355817931;B
20240514;101012;3085.5;120;10355817932;B
20240514;101014;3086;1;10355818104;B
20240514;101017;3085.5;168;10355818691;S
20240514;101025;3085.5;4;10355819797;S
20240514;101039;3086;25;10355822728;B
20240514;101047;3086;1;10355823715;S
20240514;101053;3086.5;1;10355824569;B
20240514;101058;3086;9;10355825230;S
20240514;101058;3086;46;10355825231;S
20240514;101058;3086;35;10355825232;S
20240514;101058;3086;72;10355825233;S
20240514;101058;3086;2;10355825234;S
20240514;101058;3086;100;10355825235;S
20240514;101058;3085.5;126;10355825236;S
20240514;101058;3085.5;10;10355825237;S
20240514;101101;3086.5;16;10355825609;B
20240514;101107;3086.5;1;10355826870;B
20240514;101111;3086;46;10355827405;S
20240514;101111;3086;54;10355827406;S
20240514;101111;3086;20;10355827416;S
20240514;101111;3086;72;10355827417;S
20240514;101111;3085.5;40;10355827418;S
20240514;101111;3085.5;2;10355827419;S
20240514;101111;3085.5;1;10355827420;S
20240514;101111;3085.5;3;10355827421;S
20240514;101111;3085.5;180;10355827422;S
20240514;101111;3085.5;35;10355827423;S
20240514;101111;3085.5;46;10355827424;S
20240514;101111;3085;1;10355827425;S
20240514;101111;3085;1;10355827426;S
20240514;101111;3085;10;10355827427;S
20240514;101111;3085;4;10355827428;S
20240514;101111;3085;1;10355827429;S
20240514;101111;3085;5;10355827430;S
20240514;101111;3085;100;10355827431;S
20240514;101111;3085;6;10355827432;S
20240514;101111;3084.5;5;10355827433;S
20240514;101111;3084.5;1;10355827434;S
20240514;101111;3084.5;21;10355827435;S
20240514;101111;3084.5;1;10355827436;S
20240514;101111;3084.5;32;10355827437;S
20240514;101111;3084.5;5;10355827438;S
20240514;101111;3084.5;5;10355827439;S
20240514;101111;3084.5;3;10355827440;S
20240514;101111;3084.5;2;10355827441;S
20240514;101111;3084.5;6;10355827442;S
20240514;101111;3084.5;20;10355827443;S
20240514;101111;3084.5;1;10355827444;S
20240514;101111;3084.5;2;10355827445;S
20240514;101112;3085;6;10355827515;S
20240514;101112;3084;57;10355827516;S
20240514;101113;3084;443;10355827598;S
20240514;101113;3084;10;10355827599;S
20240514;101113;3084;3;10355827600;S
20240514;101113;3084;2;10355827601;S
20240514;101113;3084;5;10355827602;S
20240514;101113;3084;1;10355827603;S
20240514;101113;3084;122;10355827604;S
20240514;101113;3084;1;10355827605;S
20240514;101113;3084;6;10355827606;S
20240514;101113;3084;8;10355827607;S
20240514;101114;3084;20;10355827699;S
20240514;101114;3085;1;10355827722;B
20240514;101115;3085;1;10355827905;B
20240514;101116;3085;6;10355828007;B
20240514;101117;3084.5;1;10355828178;S
20240514;101117;3084;12;10355828179;S
20240514;101117;3084;1;10355828180;S
20240514;101117;3084;10;10355828181;S
20240514;101117;3084;1;10355828182;S
20240514;101117;3084;1;10355828183;S
20240514;101117;3084;44;10355828184;S
20240514;101118;3084;56;10355828342;S
20240514;101118;3084;2;10355828343;S
20240514;101118;3084;1;10355828344;S
20240514;101118;3084;35;10355828345;S
20240514;101118;3084;80;10355828346;S
20240514;101118;3084;58;10355828347;S
20240514;101118;3083.5;268;10355828348;S
20240514;101118;3083.5;732;10355828411;S
20240514;101118;3083.5;3;10355828412;S
20240514;101118;3083.5;10;10355828413;S
20240514;101118;3083.5;1000;10355828414;S
20240514;101118;3083.5;1;10355828415;S
20240514;101118;3083.5;25;10355828416;S
20240514;101118;3083.5;18;10355828417;S
20240514;101118;3083.5;1;10355828418;S
20240514;101118;3083.5;50;10355828419;S
20240514;101118;3083.5;58;10355828420;S
20240514;101118;3083;197;10355828421;S
20240514;101118;3083;1;10355828422;S
20240514;101118;3083;2;10355828423;S
20240514;101118;3083;1;10355828424;S
20240514;101118;3083;3;10355828425;S
20240514;101118;3083;20;10355828426;S
20240514;101118;3083;10;10355828427;S
20240514;101118;3083;1;10355828428;S
20240514;101118;3083;1;10355828429;S
20240514;101118;3083;2;10355828430;S
20240514;101118;3083;1;10355828431;S
20240514;101118;3083;100;10355828432;S
20240514;101118;3083;35;10355828433;S
20240514;101118;3082.5;1;10355828434;S
20240514;101118;3082.5;1;10355828435;S
20240514;101118;3082.5;15;10355828436;S
20240514;101118;3082.5;19;10355828437;S
20240514;101118;3082;1;10355828439;S
20240514;101118;3082;2;10355828440;S
20240514;101118;3082;10;10355828441;S
20240514;101118;3082;5;10355828442;S
20240514;101118;3082;6;10355828443;S
20240514;101118;3082;60;10355828444;S
20240514;101118;3082;2;10355828445;S
20240514;101118;3082;10;10355828446;S
20240514;101118;3082;50;10355828447;S
20240514;101118;3082;40;10355828448;S
20240514;101119;3081.5;5;10355828468;S
20240514;101119;3081.5;2;10355828469;S
20240514;101119;3081.5;1;10355828470;S
20240514;101119;3081.5;1;10355828471;S
20240514;101119;3081.5;14;10355828472;S
20240514;101119;3081.5;2;10355828473;S
20240514;101119;3081.5;2;10355828474;S
20240514;101119;3081;5;10355828475;S
20240514;101119;3081;5;10355828476;S
20240514;101119;3081;63;10355828477;S
20240514;101119;3081.5;10;10355828478;B
20240514;101119;3081.5;10;10355828486;B
20240514;101119;3081.5;25;10355828488;B
20240514;101119;3081.5;10;10355828491;B
20240514;101119;3081;1;10355828493;S
20240514;101119;3081;1;10355828512;S
20240514;101119;3081;1;10355828513;S
20240514;101119;3081.5;1;10355828574;B
20240514;101121;3081;1;10355828859;S
20240514;101126;3081;29;10355829560;S
20240514;101127;3081;4;10355829741;S
20240514;101127;3081;3;10355829742;S
20240514;101127;3081;8;10355829743;S
20240514;101127;3081;40;10355829744;S
20240514;101127;3081;1;10355829745;S
20240514;101127;3081;1;10355829746;S
20240514;101127;3081;50;10355829747;S
20240514;101127;3081;1;10355829748;S
20240514;101127;3081;53;10355829749;S
20240514;101127;3081;1;10355829750;S
20240514;101127;3081;1;10355829751;S
20240514;101127;3081;2;10355829752;S
20240514;101127;3081;1;10355829753;S
20240514;101127;3081;35;10355829754;S
20240514;101127;3081;10;10355829755;S
20240514;101127;3081;58;10355829756;S
20240514;101127;3080.5;5;10355829757;S
20240514;101127;3080.5;1;10355829758;S
20240514;101127;3080.5;3;10355829759;S
20240514;101127;3080.5;33;10355829760;S
20240514;101127;3080.5;1;10355829761;S
20240514;101127;3080.5;20;10355829762;S
20240514;101127;3080.5;3;10355829763;S
20240514;101127;3080.5;23;10355829764;S
20240514;101127;3080.5;1;10355829765;S
20240514;101127;3080.5;1;10355829766;S
20240514;101127;3080.5;2;10355829767;S
20240514;101127;3080.5;18;10355829768;S
20240514;101127;3080.5;30;10355829769;S
20240514;101127;3080.5;500;10355829770;S
20240514;101127;3080.5;100;10355829771;S
20240514;101127;3080.5;1;10355829772;S
20240514;101127;3080.5;40;10355829773;S
20240514;101127;3080.5;2;10355829774;S
20240514;101127;3080.5;7;10355829775;S
20240514;101127;3080.5;1;10355829776;S
20240514;101128;3080.5;1;10355829831;B
20240514;101128;3080;1;10355829853;S
20240514;101128;3080;5;10355829854;S
20240514;101128;3080;1;10355829855;S
20240514;101128;3080;1;10355829856;S
20240514;101128;3080;1;10355829857;S
20240514;101128;3080;3;10355829858;S
20240514;101128;3080;1;10355829859;S
20240514;101128;3080;1;10355829860;S
20240514;101128;3080;5;10355829861;S
20240514;101128;3080;1;10355829862;S
20240514;101128;3080;2;10355829863;S
20240514;101128;3080;48;10355829864;S
20240514;101128;3080;1;10355829865;S
20240514;101128;3080;29;10355829866;S
20240514;101128;3080.5;1;10355829895;B
20240514;101128;3080;11;10355829896;S
20240514;101128;3080;7;10355829897;S
20240514;101128;3080;1;10355829906;S
20240514;101128;3080;19;10355829913;S
20240514;101129;3080;10;10355829964;S
20240514;101129;3080;44;10355829975;S
20240514;101129;3080;20;10355829976;S
20240514;101129;3080;1;10355829977;S
20240514;101129;3080;2;10355829978;S
20240514;101129;3080;10;10355829979;S
20240514;101129;3080;1;10355829980;S
20240514;101129;3080;2;10355829981;S
20240514;101129;3080;20;10355829982;S
20240514;101129;3080;10;10355829990;S
20240514;101129;3080;5;10355829997;S
20240514;101129;3080.5;1;10355830005;B
20240514;101129;3080;19;10355830025;S
20240514;101129;3080;3;10355830029;S
20240514;101129;3080;10;10355830053;S
20240514;101129;3080;10;10355830066;S
20240514;101129;3080;10;10355830074;S
20240514;101129;3080;25;10355830077;S
20240514;101129;3080;10;10355830081;S
20240514;101129;3080;6;10355830083;S
20240514;101129;3080;10;10355830084;S
20240514;101129;3080;10;10355830107;S
20240514;101130;3080;50;10355830130;S
20240514;101130;3080;2;10355830193;S
20240514;101130;3080;8;10355830194;S
20240514;101131;3080;10;10355830260;S
20240514;101132;3080;65;10355830471;S
20240514;101132;3080;1;10355830472;S
20240514;101132;3080;1;10355830473;S
20240514;101132;3080;1;10355830474;S
20240514;101132;3080;1;10355830475;S
20240514;101132;3080;1;10355830476;S
20240514;101132;3080;10;10355830477;S
20240514;101132;3080;10;10355830478;S
20240514;101132;3080;2;10355830479;S
20240514;101132;3080;5;10355830480;S
20240514;101132;3080;5;10355830481;S
20240514;101132;3080;1;10355830482;S
20240514;101132;3080;5;10355830483;S
20240514;101132;3080;6;10355830484;S
20240514;101132;3080;2;10355830485;S
20240514;101132;3080;3;10355830486;S
20240514;101132;3080;20;10355830487;S
20240514;101132;3080;1;10355830488;S
20240514;101132;3080;1;10355830489;S
20240514;101132;3080;18;10355830490;S
20240514;101132;3080;1;10355830491;S
20240514;101134;3080;1;10355830861;S
20240514;101134;3080;1;10355830862;S
20240514;101134;3080;1;10355830863;S
20240514;101134;3080;1;10355830864;S
20240514;101134;3080;1;10355830865;S
20240514;101134;3080;40;10355830866;S
20240514;101134;3080;55;10355830867;S
20240514;101136;3080;50;10355831068;S
20240514;101136;3080;1;10355831069;S
20240514;101136;3080;2;10355831070;S
20240514;101136;3080;2;10355831071;S
20240514;101136;3080;5;10355831072;S
20240514;101136;3080;1;10355831073;S
20240514;101136;3080;3;10355831074;S
20240514;101136;3080;11;10355831075;S
20240514;101136;3080;10;10355831076;S
20240514;101136;3080;5;10355831077;S
20240514;101136;3080;1;10355831078;S
20240514;101136;3080;1;10355831079;S
20240514;101136;3080;69;10355831080;S
20240514;101136;3080;10;10355831081;S
20240514;101136;3080;5;10355831082;S
20240514;101136;3080;1;10355831083;S
20240514;101136;3080;1;10355831084;S
20240514;101136;3080;5;10355831085;S
20240514;101136;3080;2;10355831086;S
20240514;101136;3080;50;10355831087;S
20240514;101136;3080;1;10355831088;S
20240514;101136;3080;1;10355831089;S
20240514;101136;3080;1;10355831090;S
20240514;101136;3080;1;10355831091;S
20240514;101136;3080;5;10355831092;S
20240514;101136;3080;3;10355831093;S
20240514;101136;3080;1;10355831094;S
20240514;101136;3080;1;10355831095;S
20240514;101136;3080;5;10355831096;S
20240514;101136;3080;1;10355831097;S
20240514;101136;3080;1;10355831098;S
20240514;101136;3080;4;10355831099;S
20240514;101136;3080;1;10355831100;S
20240514;101136;3080;1;10355831101;S
20240514;101136;3080;10;10355831102;S
20240514;101136;3080;2;10355831103;S
20240514;101136;3080;1;10355831104;S
20240514;101136;3080;3;10355831105;S
20240514;101136;3080;1;10355831106;S
20240514;101136;3080;1;10355831107;S
20240514;101136;3079.5;1;10355831109;S
20240514;101136;3079.5;2;10355831110;S
20240514;101137;3079;2;10355831315;S
20240514;101137;3079;1;10355831316;S
20240514;101137;3079;1;10355831317;S
20240514;101137;3079;1;10355831318;S
20240514;101137;3079;1;10355831319;S
20240514;101137;3079;1;10355831320;S
20240514;101137;3079;1;10355831321;S
20240514;101137;3079;1;10355831322;S
20240514;101137;3079;2;10355831323;S
20240514;101137;3079;10;10355831324;S
20240514;101137;3079;29;10355831325;S
20240514;101138;3079;1;10355831487;B
20240514;101138;3078.5;1;10355831502;S
20240514;101138;3078.5;1;10355831503;S
20240514;101140;3079;1;10355831800;B
20240514;101148;3079;39;10355832866;B
20240514;101148;3079;36;10355832867;B
20240514;101148;3079;25;10355832868;S
20240514;101151;3079;3;10355833134;B
20240514;101152;3078.5;1;10355833188;S
20240514;101152;3078.5;2;10355833189;S
20240514;101152;3078.5;7;10355833190;S
20240514;101152;3078.5;1;10355833191;S
20240514;101152;3078.5;1;10355833192;S
20240514;101152;3078.5;20;10355833193;S
20240514;101152;3078.5;1;10355833194;S
20240514;101152;3078.5;5;10355833195;S
20240514;101152;3078;5;10355833214;S
20240514;101152;3078;1;10355833215;S
20240514;101152;3078;11;10355833216;S
20240514;101152;3078;7;10355833217;S
20240514;101152;3078;54;10355833218;S
20240514;101152;3078;1;10355833219;S
20240514;101152;3078;2;10355833220;S
20240514;101152;3078;2;10355833221;S
20240514;101152;3078;1;10355833222;S
20240514;101152;3077.5;5;10355833223;S
20240514;101152;3077.5;2;10355833224;S
20240514;101152;3077.5;2;10355833225;S
20240514;101152;3077.5;1;10355833226;S
20240514;101152;3077.5;6;10355833227;S
20240514;101155;3078;15;10355833736;B
20240514;101156;3078;31;10355833909;B
20240514;101156;3078;14;10355833910;B
20240514;101159;3078;1;10355834324;B
20240514;101202;3077.5;4;10355834805;S
20240514;101205;3078;2;10355835382;B
20240514;101206;3078;5;10355835807;B
20240514;101207;3077.5;45;10355836005;S
20240514;101207;3078;3;10355836105;B
20240514;101209;3077.5;1;10355836714;S
20240514;101209;3077.5;1;10355836715;S
20240514;101209;3077.5;1;10355836716;S
20240514;101209;3077.5;1;10355836717;S
20240514;101209;3077.5;1;10355836718;S
20240514;101210;3078;2;10355836904;B
20240514;101213;3078;10;10355837257;B
20240514;101215;3077.5;1;10355837628;S
20240514;101215;3077.5;39;10355837629;S
20240514;101217;3077.5;8;10355837863;S
20240514;101219;3078;4;10355838099;B
20240514;101221;3078;14;10355838499;B
20240514;101221;3078;20;10355838500;B
20240514;101222;3078.5;10;10355838764;B
20240514;101223;3078.5;10;10355838967;B
20240514;101223;3078.5;10;10355839000;B
20240514;101224;3078.5;38;10355839140;B
20240514;101224;3078.5;22;10355839141;B
20240514;101227;3078.5;46;10355839473;S
20240514;101227;3078.5;35;10355839474;S
20240514;101227;3078.5;5;10355839475;S
20240514;101227;3078;14;10355839476;S
20240514;101230;3078.5;46;10355840007;S
20240514;101230;3078.5;2;10355840008;S
20240514;101230;3078.5;35;10355840009;S
20240514;101230;3078;2;10355840010;S
20240514;101230;3078;72;10355840011;S
20240514;101230;3078;5;10355840012;S
20240514;101230;3078;1;10355840013;S
20240514;101230;3078;109;10355840014;S
20240514;101232;3079;5;10355840177;B
20240514;101234;3079;10;10355840529;B
20240514;101236;3078;15;10355840705;S
20240514;101236;3078;1;10355840706;S
20240514;101236;3078;1;10355840707;S
20240514;101236;3078;72;10355840708;S
20240514;101236;3078;46;10355840709;S
20240514;101236;3078;58;10355840710;S
20240514;101236;3078;35;10355840711;S
20240514;101236;3078;50;10355840712;S
20240514;101240;3078;2;10355841477;B
20240514;101241;3078;1;10355841629;B
20240514;101242;3078;1;10355841844;B
20240514;101244;3077.5;2;10355842170;S
20240514;101247;3077.5;4;10355842489;S
20240514;101248;3078;4;10355842671;B
20240514;101249;3078;5;10355842737;B
20240514;101252;3077.5;4;10355843190;S
20240514;101252;3077.5;6;10355843191;S
20240514;101257;3078;3;10355843947;B
20240514;101258;3077.5;4;10355844041;S
20240514;101258;3077.5;1;10355844042;S
20240514;101258;3077.5;2;10355844043;S
20240514;101258;3077.5;11;10355844044;S
20240514;101300;3077.5;3;10355844471;S
20240514;101300;3077.5;3;10355844472;S
20240514;101300;3077.5;2;10355844473;S
20240514;101302;3077.5;10;10355844941;S
20240514;101302;3077.5;90;10355844942;S
20240514;101303;3077.5;10;10355845000;S
20240514;101303;3077.5;4;10355845001;S
20240514;101303;3077.5;1;10355845002;S
20240514;101303;3077.5;74;10355845003;S
20240514;101304;3078;100;10355845290;B
20240514;101307;3078;1;10355845677;B
20240514;101310;3078;48;10355846320;B
20240514;101312;3078;11;10355846716;B
20240514;101313;3077.5;1;10355846769;S
20240514;101313;3077.5;20;10355846796;S
20240514;101318;3077.5;2;10355847556;S
20240514;101319;3077.5;3;10355847677;S
20240514;101319;3077.5;2;10355847678;S
20240514;101321;3078;5;10355847921;B
20240514;101322;3078;7;10355848114;B
20240514;101323;3078;20;10355848168;B
20240514;101324;3077.5;8;10355848238;S
20240514;101324;3077.5;1;10355848239;S
20240514;101324;3077.5;11;10355848240;S
20240514;101324;3077.5;5;10355848262;S
20240514;101324;3077.5;11;10355848263;S
20240514;101328;3078;3;10355848818;B
20240514;101330;3078;5;10355849106;B
20240514;101331;3078;155;10355849218;B
20240514;101331;3078;30;10355849219;B
20240514;101331;3078;150;10355849220;B
20240514;101331;3078;9;10355849221;B
20240514;101331;3078;7;10355849222;B
20240514;101332;3078.5;1;10355849398;B
20240514;101337;3078;5;10355850212;S
20240514;101342;3078;1;10355850777;S
20240514;101349;3078;10;10355851613;S
20240514;101350;3078.5;1;10355851788;B
20240514;101350;3078.5;1;10355851789;B
20240514;101350;3078.5;3;10355851790;B
20240514;101351;3078.5;1;10355851878;B
20240514;101351;3078.5;1;10355851883;B
20240514;101351;3078;133;10355851890;S
20240514;101351;3078;46;10355851891;S
20240514;101351;3078;10;10355851892;S
20240514;101351;3078;1;10355851893;S
20240514;101351;3078;5;10355851894;S
20240514;101351;3078;3;10355851895;S
20240514;101351;3078;1;10355851896;S
20240514;101351;3078;1;10355851897;S
20240514;101351;3077.5;19;10355851898;S
20240514;101351;3077.5;72;10355851899;S
20240514;101351;3077.5;2;10355851900;S
20240514;101351;3077.5;1;10355851901;S
20240514;101351;3077.5;1;10355851902;S
20240514;101351;3077.5;1;10355851903;S
20240514;101351;3077.5;50;10355851904;S
20240514;101351;3077.5;10;10355851905;S
20240514;101351;3077.5;5;10355851906;S
20240514;101351;3077.5;1;10355851907;S
20240514;101351;3077.5;180;10355851908;S
20240514;101351;3077.5;3;10355851909;S
20240514;101351;3077.5;35;10355851910;S
20240514;101351;3077;1;10355851911;S
20240514;101351;3077;1;10355851912;S
20240514;101351;3077;64;10355851913;S
20240514;101351;3077;3;10355851914;S
20240514;101351;3077;8;10355851915;S
20240514;101351;3077;51;10355851916;S
20240514;101351;3077;1;10355851917;S
20240514;101351;3077;2;10355851918;S
20240514;101351;3077;5;10355851919;S
20240514;101351;3077;1;10355851920;S
20240514;101351;3077;2;10355851921;S
20240514;101351;3077;80;10355851922;S
20240514;101351;3077;100;10355851923;S
20240514;101351;3077;3;10355851924;S
20240514;101351;3077;1;10355851925;S
20240514;101351;3077;1;10355851926;S
20240514;101351;3077;20;10355851927;S
20240514;101351;3077;1;10355851928;S
20240514;101351;3077;75;10355851929;S
20240514;101351;3077.5;72;10355851951;S
20240514;101351;3077.5;46;10355851952;S
20240514;101351;3077;48;10355851953;S
20240514;101351;3077;1;10355851954;S
20240514;101351;3077;5;10355851955;S
20240514;101351;3077;16;10355851956;S
20240514;101351;3077;50;10355851957;S
20240514;101351;3077;10;10355851958;S
20240514;101351;3077;1;10355851959;S
20240514;101351;3077;1;10355851960;S
20240514;101351;3077;10;10355851961;S
20240514;101352;3078.5;1;10355852033;B
20240514;101353;3078.5;1;10355852122;B
20240514;101353;3077.5;30;10355852123;S
20240514;101354;3078;1;10355852197;B
20240514;101354;3078.5;4;10355852198;B
20240514;101354;3078.5;1;10355852246;B
20240514;101354;3077.5;20;10355852248;S
20240514;101357;3078;1;10355852616;B
20240514;101357;3078.5;4;10355852617;B
20240514;101359;3077.5;72;10355853155;S
20240514;101359;3077.5;103;10355853156;S
20240514;101403;3078;4;10355853662;S
20240514;101404;3078.5;1;10355853789;B
20240514;101408;3079;1;10355854285;B
20240514;101410;3078.5;1;10355854623;S
20240514;101412;3079;19;10355854772;B
20240514;101412;3079;1;10355854773;B
20240514;101414;3078.5;3;10355855001;S
20240514;101414;3079;7;10355855077;B
20240514;101417;3079;20;10355855315;B
20240514;101418;3079;3;10355855479;B
20240514;101419;3078.5;150;10355855522;S
20240514;101422;3079;100;10355855911;B
20240514;101426;3079;10;10355856619;B
20240514;101427;3078.5;2;10355856728;S
20240514;101429;3079;8;10355856988;B
20240514;101432;3079;351;10355857422;B
20240514;101432;3079;2;10355857423;B
20240514;101432;3079;37;10355857424;B
20240514;101432;3079;124;10355857425;B
20240514;101437;3079.5;18;10355858543;B
20240514;101437;3079.5;3;10355858544;B
20240514;101437;3079.5;1;10355858545;B
20240514;101437;3079.5;118;10355858546;B
20240514;101437;3079.5;37;10355858547;B
20240514;101438;3080;650;10355858673;B
20240514;101438;3080;350;10355858674;B
20240514;101439;3080;150;10355858789;B
20240514;101439;3080;1;10355858790;B
20240514;101439;3080;3;10355858791;B
20240514;101439;3080;5;10355858792;B
20240514;101439;3080;4;10355858793;B
20240514;101439;3080.5;50;10355858794;B
20240514;101440;3080.5;10;10355858916;B
20240514;101444;3081;1;10355859502;B
20240514;101447;3081;16;10355859841;B
20240514;101447;3081;58;10355859842;B
20240514;101447;3081.5;22;10355859843;B
20240514;101448;3081;1;10355859949;S
20240514;101452;3081.5;58;10355860542;B
20240514;101452;3082;2;10355860543;B
20240514;101452;3081.5;1;10355860561;B
20240514;101452;3081.5;4;10355860617;B
20240514;101452;3081.5;1;10355860670;B
20240514;101453;3081.5;1;10355860753;B
20240514;101453;3081.5;1;10355860785;B
20240514;101454;3081.5;1;10355860883;B
20240514;101454;3081.5;1;10355860986;B
20240514;101454;3081.5;1;10355861083;B
20240514;101454;3081.5;47;10355861095;B
20240514;101454;3082;114;10355861096;B
20240514;101455;3081.5;1;10355861165;S
20240514;101456;3082;30;10355861269;B
20240514;101456;3082;25;10355861326;B
20240514;101458;3082;8;10355861665;B
20240514;101458;3082;60;10355861666;B
20240514;101458;3082;32;10355861667;B
20240514;101458;3082;58;10355861716;B
20240514;101458;3082.5;6;10355861717;B
20240514;101501;3082;1;10355862328;B
20240514;101502;3082;3;10355862495;B
20240514;101503;3082;10;10355862868;B
20240514;101504;3082;5;10355862983;B
20240514;101504;3082;39;10355862987;B
20240514;101509;3082.5;3;10355864435;B
20240514;101511;3082;1;10355864866;S
20240514;101512;3082.5;1;10355865098;B
20240514;101512;3082.5;1;10355865099;B
20240514;101512;3082.5;7;10355865100;B
20240514;101512;3082.5;36;10355865101;B
20240514;101513;3082;60;10355865452;S
20240514;101513;3082;200;10355865453;S
20240514;101513;3082;1;10355865454;S
20240514;101513;3082;1;10355865455;S
20240514;101513;3082;2;10355865456;S
20240514;101513;3082;6;10355865457;S
20240514;101513;3082;72;10355865458;S
20240514;101513;3082;2;10355865459;S
20240514;101513;3082;3;10355865460;S
20240514;101515;3082;100;10355865900;B
20240514;101516;3082;1;10355866050;B
20240514;101519;3081.5;5;10355866811;S
20240514;101519;3081.5;8;10355866812;S
20240514;101519;3081.5;7;10355866813;S
20240514;101519;3082;1;10355866830;B
20240514;101524;3081.5;43;10355867867;S
20240514;101524;3081.5;1;10355867868;S
20240514;101524;3081.5;1;10355867949;B
20240514;101526;3081.5;1;10355868285;B
20240514;101530;3081.5;21;10355869087;B
20240514;101530;3081.5;36;10355869088;B
20240514;101530;3081.5;58;10355869089;B
20240514;101530;3082;85;10355869090;B
20240514;101531;3082;2;10355869312;B
20240514;101536;3081.5;1;10355870213;B
20240514;101539;3081.5;15;10355870703;B
20240514;101540;3081.5;4;10355870840;B
20240514;101540;3081.5;35;10355870841;B
20240514;101540;3082;44;10355870842;B
20240514;101540;3082;17;10355870843;B
20240514;101551;3081.5;32;10355873011;B
20240514;101551;3081.5;35;10355873012;B
20240514;101551;3081.5;33;10355873013;B
20240514;101551;3082;118;10355873014;B
20240514;101551;3082;58;10355873015;B
20240514;101551;3082.5;1;10355873050;B
20240514;101558;3082.5;3;10355874385;B
20240514;101602;3082.5;17;10355875040;B
20240514;101602;3082.5;33;10355875041;B
20240514;101602;3083;1;10355875142;B
20240514;101603;3082.5;5;10355875282;S
20240514;101605;3083;100;10355875617;B
20240514;101606;3083;13;10355875783;B
20240514;101613;3083;15;10355876899;B
20240514;101617;3083;30;10355877725;B
20240514;101619;3082.5;41;10355878033;S
20240514;101619;3082.5;53;10355878034;S
20240514;101619;3082.5;1;10355878035;S
20240514;101619;3082.5;1;10355878036;S
20240514;101619;3082.5;1;10355878037;S
20240514;101619;3082.5;1;10355878038;S
20240514;101619;3082.5;2;10355878039;S
20240514;101619;3083;10;10355878167;B
20240514;101620;3082.5;6;10355878318;S
20240514;101620;3082.5;3;10355878319;S
20240514;101620;3082;1;10355878320;S
20240514;101622;3083;48;10355878590;B
20240514;101622;3083;35;10355878591;B
20240514;101622;3083;32;10355878592;B
20240514;101622;3083;35;10355878593;B
20240514;101624;3083.5;1;10355879044;B
20240514;101624;3083.5;50;10355879154;B
20240514;101626;3083;4;10355879384;S
20240514;101627;3083.5;1;10355879527;B
20240514;101627;3083.5;3;10355879565;B
20240514;101628;3083;1;10355879815;S
20240514;101628;3083.5;34;10355879846;B
20240514;101628;3083.5;19;10355879847;B
20240514;101628;3083.5;19;10355879848;B
20240514;101629;3084;6;10355879951;B
20240514;101631;3084;11;10355880423;B
20240514;101637;3084;2;10355881718;B
20240514;101644;3084;1;10355883100;B
20240514;101645;3084;19;10355883342;B
20240514;101646;3083.5;13;10355883350;S
20240514;101646;3083.5;38;10355883351;S
20240514;101646;3083.5;84;10355883352;S
20240514;101646;3083.5;100;10355883353;S
20240514;101646;3083.5;1;10355883354;S
20240514;101646;3083.5;1;10355883355;S
20240514;101646;3083.5;50;10355883460;B
20240514;101648;3083.5;8;10355883754;B
20240514;101649;3083.5;20;10355883952;B
20240514;101649;3083.5;50;10355883974;B
20240514;101649;3083.5;19;10355884022;B
20240514;101651;3083.5;5;10355884286;B
20240514;101651;3083.5;19;10355884316;B
20240514;101655;3083.5;241;10355884819;B
20240514;101655;3084;1;10355884820;B
20240514;101655;3084;38;10355884821;B
20240514;101655;3084;93;10355884822;B
20240514;101655;3084;8;10355884823;B
20240514;101655;3084;1;10355884824;B
20240514;101655;3084;10;10355884825;B
20240514;101655;3084.5;50;10355884826;B
20240514;101655;3084.5;1;10355884827;B
20240514;101655;3084.5;35;10355884828;B
20240514;101659;3084;30;10355885444;S
20240514;101659;3084;20;10355885445;S
20240514;101701;3084.5;19;10355885778;B
20240514;101702;3084.5;33;10355885882;B
20240514;101702;3084.5;76;10355885940;B
20240514;101702;3084.5;85;10355885941;B
20240514;101702;3085;330;10355885942;B
20240514;101702;3085;1;10355885943;B
20240514;101702;3085;2;10355885944;B
20240514;101702;3085;41;10355885945;B
20240514;101702;3085.5;1;10355885946;B
20240514;101702;3085.5;464;10355885947;B
20240514;101704;3084.5;7;10355886410;B
20240514;101707;3084.5;4;10355886832;B
20240514;101708;3084.5;5;10355887053;B
20240514;101710;3084.5;50;10355887502;B
20240514;101715;3084.5;15;10355888316;B
20240514;101716;3084.5;19;10355888632;B
20240514;101716;3084.5;1;10355888633;B
20240514;101716;3085;4;10355888634;B
20240514;101716;3085;41;10355888635;B
20240514;101716;3085;1;10355888636;B
20240514;101716;3085.5;31;10355888637;B
20240514;101719;3085.5;1;10355889124;B
20240514;101721;3085;1;10355889557;B
20240514;101734;3085.5;22;10355892155;B
20240514;101736;3085;10;10355892573;S
20240514;101736;3085;42;10355892574;S
20240514;101736;3085;1;10355892575;S
20240514;101736;3084.5;10;10355892576;S
20240514;101736;3084.5;13;10355892577;S
20240514;101736;3084.5;480;10355892578;S
20240514;101736;3084.5;10;10355892579;S
20240514;101736;3084;3;10355892580;S
20240514;101736;3084;76;10355892581;S
20240514;101738;3085;10;10355892754;B
20240514;101740;3085;1;10355893215;B
20240514;101741;3085;10;10355893336;B
20240514;101747;3084.5;10;10355894348;S
20240514;101748;3085;58;10355894501;B
20240514;101749;3085;1;10355894588;S
20240514;101750;3085.5;1;10355894851;B
20240514;101753;3085;20;10355895662;S
20240514;101754;3085;3;10355895847;S
20240514;101756;3085.5;386;10355896214;B
20240514;101800;3085.5;1;10355896868;B
20240514;101803;3085;4;10355897503;S
20240514;101812;3085.5;6;10355899023;B
20240514;101814;3085.5;1000;10355899462;B
20240514;101814;3085.5;15;10355899494;B
20240514;101815;3085.5;30;10355899552;B
20240514;101815;3085.5;162;10355899604;B
20240514;101818;3085.5;5;10355900023;B
20240514;101819;3085.5;623;10355900128;B
20240514;101820;3086;1;10355900256;B
20240514;101820;3086;2;10355900316;B
20240514;101820;3086;1;10355900317;B
20240514;101821;3086;60;10355900473;B
20240514;101825;3086;39;10355900945;B
20240514;101825;3086.5;1;10355900991;B
20240514;101825;3087;6;10355900992;B
20240514;101825;3087;23;10355900993;B
20240514;101826;3087;77;10355901107;B
20240514;101826;3087;1;10355901108;B
20240514;101826;3087;1;10355901109;B
20240514;101826;3087;58;10355901110;B
20240514;101826;3087.5;100;10355901111;B
20240514;101826;3087.5;5;10355901112;B
20240514;101826;3087.5;100;10355901113;B
20240514;101826;3087.5;1;10355901114;B
20240514;101826;3087.5;87;10355901115;B
20240514;101831;3087;2;10355901947;B
20240514;101835;3087;17;10355902594;B
20240514;101835;3087;14;10355902595;B
20240514;101836;3087;1;10355902716;B
20240514;101837;3087;4;10355902753;B
20240514;101837;3087.5;4;10355902754;B
20240514;101838;3086.5;2;10355902873;S
20240514;101842;3087.5;9;10355903515;B
20240514;101842;3087.5;4;10355903516;B
20240514;101842;3087.5;20;10355903517;B
20240514;101842;3088;100;10355903518;B
20240514;101842;3088;1;10355903519;B
20240514;101842;3088;1;10355903520;B
20240514;101842;3088;49;10355903521;B
20240514;101842;3088;13;10355903522;B
20240514;101842;3088;5;10355903523;B
20240514;101842;3088;98;10355903524;B
20240514;101845;3088;2;10355903846;B
20240514;101845;3088;58;10355903847;B
20240514;101846;3088;2;10355903943;B
20240514;101847;3087;2;10355904096;S
20240514;101847;3087;7;10355904097;S
20240514;101848;3087.5;4;10355904316;B
20240514;101848;3087.5;1;10355904317;B
20240514;101849;3087.5;3;10355904535;B
20240514;101849;3087.5;54;10355904561;B
20240514;101849;3087.5;80;10355904562;B
20240514;101849;3087.5;16;10355904563;B
20240514;101855;3087.5;34;10355905697;B
20240514;101855;3087.5;56;10355905698;B
20240514;101856;3087;100;10355905844;B
20240514;101858;3087;71;10355906279;B
20240514;101858;3087;29;10355906280;B
20240514;101859;3087;1;10355906439;B
20240514;101901;3087;70;10355906951;B
20240514;101901;3087;58;10355906952;B
20240514;101902;3087.5;20;10355907074;B
20240514;101909;3087.5;1;10355908169;B
20240514;101909;3087.5;1;10355908351;B
20240514;101915;3087.5;30;10355908988;B
20240514;101915;3087;2;10355909048;S
20240514;101920;3087.5;5;10355909468;B
20240514;101931;3087.5;18;10355911170;B
20240514;101932;3087.5;3;10355911494;B
20240514;101943;3087.5;5;10355913027;B
20240514;101946;3087.5;10;10355913349;B
20240514;101957;3087.5;50;10355914826;B
20240514;102001;3087;5;10355915395;S
20240514;102003;3087;4;10355915664;S
20240514;102007;3087.5;1;10355916248;B
20240514;102014;3087.5;1;10355917326;B
20240514;102015;3087.5;1;10355917383;B
20240514;102018;3087;861;10355918686;S
20240514;102018;3087;9;10355918687;S
20240514;102018;3087;10;10355918688;S
20240514;102018;3087;1;10355918689;S
20240514;102018;3087;1;10355918690;S
20240514;102018;3087;1;10355918691;S
20240514;102018;3087;2;10355918692;S
20240514;102018;3087;5;10355918693;S
20240514;102018;3087;3;10355918694;S
20240514;102018;3087;8;10355918695;S
20240514;102018;3087;15;10355918696;S
20240514;102018;3087;5;10355918697;S
20240514;102018;3087;100;10355918698;S
20240514;102018;3086.5;1;10355918699;S
20240514;102018;3086.5;52;10355918700;S
20240514;102018;3086.5;360;10355918701;S
20240514;102018;3086;161;10355918702;S
20240514;102018;3086;18;10355918703;S
20240514;102018;3086;1;10355918704;S
20240514;102018;3086;30;10355918705;S
20240514;102018;3086;7;10355918706;S
20240514;102018;3085.5;377;10355918707;S
20240514;102018;3085.5;30;10355918708;S
20240514;102018;3085.5;924;10355918709;S
20240514;102018;3085.5;5;10355918710;S
20240514;102018;3085.5;10;10355918711;S
20240514;102018;3085;3;10355918712;S
20240514;102018;3085.5;52;10355918714;S
20240514;102018;3085.5;26;10355918715;S
20240514;102018;3086;15;10355918719;B
20240514;102018;3086;15;10355918726;B
20240514;102018;3086;15;10355918755;B
20240514;102018;3086;5;10355918767;B
20240514;102018;3086;10;10355918768;B
20240514;102018;3086;15;10355918780;B
20240514;102018;3086;15;10355918784;B
20240514;102018;3086;15;10355918796;B
20240514;102019;3086;3;10355918807;B
20240514;102019;3086;12;10355918808;B
20240514;102019;3086;11;10355918811;B
20240514;102020;3085.5;26;10355918961;S
20240514;102020;3085;47;10355918962;S
20240514;102020;3085;8;10355918963;S
20240514;102020;3085;1;10355918964;S
20240514;102020;3085;10;10355918965;S
20240514;102020;3085;20;10355918966;S
20240514;102020;3085;1;10355918967;S
20240514;102020;3085;15;10355918968;S
20240514;102020;3085;2;10355918969;S
20240514;102020;3085;1;10355918970;S
20240514;102020;3085;10;10355918971;S
20240514;102020;3085;1;10355918972;S
20240514;102020;3085;1;10355918973;S
20240514;102020;3085;1;10355918974;S
20240514;102020;3085;3;10355918975;S
20240514;102020;3085;47;10355918976;S
20240514;102020;3085;106;10355918977;S
20240514;102020;3085;49;10355918978;S
20240514;102020;3085;1;10355918979;S
20240514;102020;3085;28;10355918980;S
20240514;102020;3084.5;15;10355918981;S
20240514;102020;3084.5;10;10355918982;S
20240514;102020;3084.5;10;10355918983;S
20240514;102020;3084.5;53;10355918984;S
20240514;102023;3084;1;10355919535;S
20240514;102023;3084;2;10355919536;S
20240514;102023;3084;4;10355919537;S
20240514;102026;3084.5;1;10355920120;B
20240514;102034;3084;1;10355924090;S
20240514;102034;3084;1;10355924091;S
20240514;102039;3084.5;1;10355924827;B
20240514;102045;3084.5;1;10355925481;B
20240514;102048;3084.5;5;10355928430;B
20240514;102050;3084;3;10355928555;S
20240514;102050;3084;1;10355928556;S
20240514;102050;3084;1;10355928557;S
20240514;102050;3084;2;10355928558;S
20240514;102054;3084;2;10355929096;S
20240514;102057;3084;10;10355929684;S
20240514;102102;3084;38;10355931974;S
20240514;102102;3084;5;10355931975;S
20240514;102102;3084;1;10355931976;S
20240514;102102;3084;40;10355931977;S
20240514;102102;3084;1;10355931978;S
20240514;102102;3084;73;10355931979;S
20240514;102102;3084;1;10355931980;S
20240514;102103;3084;1;10355932092;B
20240514;102109;3084;40;10355934294;B
20240514;102114;3084;5;10355935658;B
20240514;102125;3083.5;4;10355937864;S
20240514;102126;3083.5;46;10355938034;S
20240514;102126;3083.5;1;10355938035;S
20240514;102126;3083.5;2;10355938036;S
20240514;102126;3083.5;2;10355938037;S
20240514;102126;3083.5;12;10355938038;S
20240514;102140;3083;1;10355942589;S
20240514;102140;3083;30;10355942590;S
20240514;102140;3083;8;10355942591;S
20240514;102140;3083;1;10355942592;S
20240514;102140;3083;4;10355942597;S
20240514;102140;3083;2;10355942598;S
20240514;102140;3083;5;10355942599;S
20240514;102140;3083;14;10355942600;S
20240514;102144;3083;16;10355944136;S
20240514;102144;3083;2;10355944137;S
20240514;102144;3083;2;10355944138;S
20240514;102146;3083.5;6;10355944694;B
20240514;102148;3083.5;101;10355944826;B
20240514;102148;3083.5;53;10355944827;B
20240514;102148;3083.5;72;10355944828;B
20240514;102148;3083.5;46;10355944829;B
20240514;102148;3083.5;177;10355944830;B
20240514;102148;3083.5;1;10355944831;B
20240514;102148;3083;10;10355944874;S
20240514;102153;3083.5;20;10355945451;B
20240514;102155;3083.5;1;10355946832;B
20240514;102201;3083.5;5;10355948644;B
20240514;102202;3083.5;1;10355948655;B
20240514;102202;3083.5;12;10355949000;B
20240514;102202;3083.5;28;10355949001;B
20240514;102202;3083.5;4;10355949019;S
20240514;102206;3084;20;10355949608;B
20240514;102221;3084;2;10355953763;B
20240514;102224;3083.5;10;10355954276;S
20240514;102227;3084;1;10355955749;B
20240514;102227;3084;1;10355955756;B
20240514;102230;3083.5;1;10355956339;S
20240514;102235;3083.5;10;10355958250;S
20240514;102245;3084;1;10355961187;B
20240514;102245;3083.5;21;10355961195;S
20240514;102245;3083.5;5;10355961196;S
20240514;102245;3083.5;72;10355961197;S
20240514;102245;3083.5;539;10355961198;S
20240514;102245;3083.5;54;10355961199;S
20240514;102245;3083.5;8;10355961200;S
20240514;102245;3083.5;50;10355961201;S
20240514;102254;3083.5;1;10355963012;B
20240514;102254;3083.5;1;10355963013;B
20240514;102254;3083.5;58;10355963014;B
20240514;102254;3083.5;40;10355963015;B
20240514;102254;3083.5;1;10355963017;B
20240514;102304;3083.5;10;10355967893;B
20240514;102307;3083.5;16;10355968491;B
20240514;102307;3083.5;84;10355968492;B
20240514;102311;3083;2;10355968935;S
20240514;102313;3083;15;10355969167;S
20240514;102314;3083.5;1;10355969898;B
20240514;102320;3083;10;10355972392;S
20240514;102324;3083.5;1;10355973163;B
20240514;102324;3083.5;5;10355973164;B
20240514;102338;3083.5;20;10355977091;B
20240514;102338;3083.5;1;10355977092;B
20240514;102338;3083.5;1;10355977093;B
20240514;102338;3083.5;6;10355977094;B
20240514;102338;3083.5;46;10355977095;B
20240514;102338;3083.5;1;10355977101;S
20240514;102338;3083.5;1;10355977103;S
20240514;102338;3083.5;1;10355977106;S
20240514;102338;3083.5;1;10355977107;S
20240514;102338;3083.5;1;10355977114;S
20240514;102339;3083.5;1;10355977123;S
20240514;102339;3083.5;1;10355977128;S
20240514;102339;3083.5;1;10355977157;S
20240514;102339;3083.5;1;10355977167;S
20240514;102339;3083.5;1;10355977177;S
20240514;102343;3083.5;1;10355979696;S
20240514;102343;3083.5;1;10355979697;S
20240514;102343;3083.5;1;10355979698;S
20240514;102343;3083.5;1;10355979703;S
20240514;102343;3083.5;1;10355979704;S
20240514;102343;3083.5;1;10355979714;S
20240514;102344;3083.5;1;10355979947;S
20240514;102344;3083.5;1;10355979953;S
20240514;102344;3083.5;1;10355979963;S
20240514;102402;3083.5;50;10355984646;S
20240514;102402;3083.5;4;10355984790;S
20240514;102414;3083.5;10;10355987564;S
20240514;102417;3083.5;2;10355987914;S
20240514;102417;3083.5;1;10355987921;S
20240514;102417;3083.5;1;10355987922;S
20240514;102417;3083.5;3;10355987923;S
20240514;102417;3083.5;1;10355987924;S
20240514;102417;3083.5;1;10355987935;S
20240514;102417;3083.5;1;10355987936;S
20240514;102417;3083.5;4;10355987937;S
20240514;102417;3083.5;1;10355987938;S
20240514;102417;3083.5;2;10355987946;S
20240514;102417;3083.5;1;10355987948;S
20240514;102417;3083.5;3;10355987949;S
20240514;102417;3083.5;1;10355987950;S
20240514;102417;3083.5;1;10355987952;S
20240514;102417;3083.5;2;10355988282;S
20240514;102417;3083.5;4;10355988302;S
20240514;102417;3083.5;1;10355988309;S
20240514;102417;3083.5;1;10355988325;S
20240514;102417;3083.5;2;10355988326;S
20240514;102417;3083.5;1;10355988331;S
20240514;102417;3083.5;1;10355988462;S
20240514;102417;3083.5;2;10355988647;S
20240514;102417;3083.5;4;10355988673;S
20240514;102417;3083.5;1;10355988674;S
20240514;102417;3083.5;1;10355988676;S
20240514;102417;3083.5;2;10355988683;S
20240514;102417;3083.5;1;10355988691;S
20240514;102417;3083.5;1;10355988741;S
20240514;102417;3083.5;1;10355988747;S
20240514;102417;3083.5;2;10355988752;S
20240514;102417;3083.5;4;10355988754;S
20240514;102417;3083.5;1;10355988755;S
20240514;102417;3083.5;1;10355988756;S
20240514;102417;3083.5;2;10355988757;S
20240514;102417;3083.5;1;10355988758;S
20240514;102417;3083.5;1;10355988759;S
20240514;102417;3083.5;1;10355988761;S
20240514;102417;3083.5;2;10355988866;S
20240514;102417;3083.5;4;10355988868;S
20240514;102417;3083.5;1;10355988869;S
20240514;102417;3083.5;1;10355988870;S
20240514;102417;3083.5;2;10355988872;S
20240514;102417;3083.5;1;10355988873;S
20240514;102417;3083.5;2;10355988874;S
20240514;102417;3083.5;1;10355988875;S
20240514;102417;3083.5;1;10355988877;S
20240514;102418;3083.5;2;10355988880;S
20240514;102418;3083.5;1;10355988881;S
20240514;102418;3083.5;4;10355988884;S
20240514;102418;3083.5;1;10355988888;S
20240514;102418;3083.5;2;10355988889;S
20240514;102418;3083.5;1;10355988890;S
20240514;102418;3083.5;2;10355988891;S
20240514;102418;3083.5;1;10355988892;S
20240514;102418;3083.5;1;10355988893;S
20240514;102418;3083.5;2;10355988907;S
20240514;102418;3083.5;1;10355988908;S
20240514;102418;3083.5;3;10355988909;S
20240514;102418;3083.5;1;10355988910;S
20240514;102418;3083.5;2;10355988911;S
20240514;102418;3083.5;1;10355988912;S
20240514;102418;3083.5;2;10355988913;S
20240514;102418;3083.5;1;10355988914;S
20240514;102418;3083.5;1;10355988915;S
20240514;102418;3083.5;1;10355988916;S
20240514;102418;3083.5;2;10355988926;S
20240514;102418;3083.5;1;10355988927;S
20240514;102418;3083.5;1;10355988928;S
20240514;102418;3083.5;2;10355988929;S
20240514;102418;3083.5;1;10355988930;S
20240514;102418;3083.5;1;10355988931;S
20240514;102418;3083.5;1;10355988932;S
20240514;102418;3083.5;1;10355988933;S
20240514;102418;3083.5;1;10355988944;B
20240514;102418;3083.5;1;10355988945;B
20240514;102418;3083.5;1;10355988960;B
20240514;102418;3083.5;1;10355988961;B
20240514;102418;3083.5;2;10355988997;B
20240514;102418;3083.5;2;10355989005;B
20240514;102418;3083.5;2;10355989054;B
20240514;102418;3083.5;2;10355989355;B
20240514;102418;3083.5;2;10355989585;B
20240514;102418;3083.5;2;10355989598;B
20240514;102418;3083.5;2;10355989608;B
20240514;102419;3083.5;8;10355989694;B
20240514;102423;3083.5;2;10355991035;B
20240514;102423;3083.5;1;10355991036;B
20240514;102423;3083.5;1;10355991037;B
20240514;102423;3083.5;1;10355991038;B
20240514;102423;3083.5;2;10355991039;B
20240514;102423;3083.5;1;10355991040;B
20240514;102423;3083.5;2;10355991041;B
20240514;102424;3083.5;1;10355991053;B
20240514;102424;3083.5;1;10355991054;B
20240514;102424;3083.5;5;10355991055;B
20240514;102425;3083;30;10355991230;S
20240514;102430;3083.5;14;10355993237;B
20240514;102430;3083.5;39;10355993238;B
20240514;102430;3083.5;1;10355993239;B
20240514;102430;3083.5;2;10355993240;B
20240514;102430;3083.5;2;10355993241;B
20240514;102430;3083.5;3;10355993242;B
20240514;102430;3083.5;22;10355993243;B
20240514;102430;3083.5;2;10355993244;B
20240514;102430;3083.5;2;10355993245;B
20240514;102430;3083.5;2;10355993246;B
20240514;102430;3083.5;2;10355993247;B
20240514;102430;3083.5;3;10355993248;B
20240514;102430;3083.5;3;10355993249;B
20240514;102430;3083.5;1;10355993250;B
20240514;102430;3083.5;2;10355993251;B
20240514;102430;3083.5;8;10355993252;B
20240514;102430;3083.5;1;10355993253;B
20240514;102430;3083.5;4;10355993254;B
20240514;102430;3083.5;2;10355993255;B
20240514;102430;3083.5;1;10355993256;B
20240514;102430;3083.5;1;10355993257;B
20240514;102430;3083.5;1;10355993258;B
20240514;102430;3083.5;1;10355993259;B
20240514;102430;3083.5;1;10355993260;B
20240514;102430;3083.5;1;10355993261;B
20240514;102430;3083.5;1;10355993262;B
20240514;102430;3083.5;3;10355993263;B
20240514;102430;3083.5;2;10355993264;B
20240514;102430;3083.5;3;10355993265;B
20240514;102430;3083.5;5;10355993266;B
20240514;102430;3083.5;10;10355993267;B
20240514;102430;3083.5;1;10355993268;B
20240514;102430;3083.5;3;10355993269;B
20240514;102430;3083.5;3;10355993270;B
20240514;102430;3083.5;1;10355993271;B
20240514;102430;3083.5;3;10355993272;B
20240514;102430;3083.5;23;10355993273;B
20240514;102430;3083.5;1;10355993274;B
20240514;102430;3083.5;3;10355993275;B
20240514;102430;3083.5;3;10355993276;B
20240514;102430;3083.5;20;10355993277;B
20240514;102435;3083.5;1;10355994435;B
20240514;102438;3083.5;24;10355995500;B
20240514;102445;3083;1;10355996791;S
20240514;102445;3083.5;1;10355997208;B
20240514;102447;3083.5;2;10355997561;B
20240514;102447;3083.5;3;10355997562;B
20240514;102447;3083.5;5;10355997563;B
20240514;102447;3083.5;3;10355997603;B
20240514;102447;3083.5;1;10355997604;B
20240514;102447;3083.5;2;10355997605;B
20240514;102450;3083.5;3;10355998150;B
20240514;102450;3083.5;2;10355998151;B
20240514;102450;3083.5;4;10355998152;B
20240514;102450;3083.5;2;10355998153;B
20240514;102450;3083.5;1;10355998154;B
20240514;102454;3083;10;10355998827;S
20240514;102454;3083;10;10355998828;S
20240514;102456;3083.5;120;10355999616;B
20240514;102456;3083.5;3;10355999617;B
20240514;102456;3083.5;4;10355999618;B
20240514;102456;3083.5;7;10355999619;B
20240514;102456;3083.5;2;10355999620;B
20240514;102456;3083.5;2;10355999621;B
20240514;102456;3083.5;3;10355999622;B
20240514;102456;3083.5;2;10355999623;B
20240514;102456;3083.5;1;10355999624;B
20240514;102456;3083.5;1;10355999625;B
20240514;102456;3083.5;1;10355999626;B
20240514;102456;3083.5;1;10355999627;B
20240514;102456;3083.5;1;10355999628;B
20240514;102456;3083.5;2;10355999629;B
20240514;102456;3083.5;1;10355999630;B
20240514;102456;3083.5;2;10355999631;B
20240514;102456;3083.5;1;10355999632;B
20240514;102456;3083.5;1;10355999633;B
20240514;102456;3083.5;19;10355999634;B
20240514;102456;3083.5;39;10355999635;B
20240514;102456;3083.5;1;10355999636;B
20240514;102456;3083.5;1;10355999637;B
20240514;102456;3083.5;4;10355999638;B
20240514;102456;3083.5;1;10355999639;B
20240514;102456;3083.5;1;10355999640;B
20240514;102456;3083.5;1;10355999641;B
20240514;102456;3083.5;3;10355999642;B
20240514;102456;3083.5;2;10355999643;B
20240514;102456;3083.5;1;10355999644;B
20240514;102500;3083.5;4;10356000872;B
20240514;102500;3083.5;2;10356000873;B
20240514;102500;3083.5;9;10356000874;B
20240514;102500;3083.5;14;10356000948;B
20240514;102500;3083.5;6;10356000949;B
20240514;102508;3083.5;4;10356002339;B
20240514;102508;3083.5;3;10356002342;B
20240514;102510;3083;10;10356002894;S
20240514;102510;3083;2;10356002895;S
20240514;102510;3083;22;10356002896;S
20240514;102510;3083;10;10356002897;S
20240514;102510;3083;10;10356002898;S
20240514;102510;3083;1;10356002899;S
20240514;102510;3083;1;10356002900;S
20240514;102510;3083;34;10356002901;S
20240514;102510;3083;1;10356002902;S
20240514;102510;3083;20;10356002903;S
20240514;102510;3083;1000;10356002904;S
20240514;102510;3083;64;10356002905;S
20240514;102510;3083;1;10356002906;S
20240514;102510;3083;1;10356002907;S
20240514;102510;3083;18;10356002908;S
20240514;102510;3083;21;10356002909;S
20240514;102510;3083;1;10356002910;S
20240514;102510;3083;46;10356002911;S
20240514;102510;3083;16;10356002912;S
20240514;102513;3083;15;10356004935;B
20240514;102515;3082.5;2;10356005243;S
20240514;102515;3082.5;3;10356005244;S
20240514;102515;3082.5;16;10356005245;S
20240514;102515;3082.5;2;10356005246;S
20240514;102515;3082.5;1;10356005247;S
20240514;102515;3082.5;46;10356005248;S
20240514;102515;3082.5;66;10356005249;S
20240514;102515;3082;723;10356005250;S
20240514;102515;3082;1;10356005251;S
20240514;102515;3082;73;10356005252;S
20240514;102515;3082;1;10356005253;S
20240514;102515;3082;1;10356005254;S
20240514;102515;3082;1;10356005255;S
20240514;102515;3082;1;10356005256;S
20240514;102515;3082;2;10356005257;S
20240514;102515;3082;11;10356005258;S
20240514;102518;3082.5;66;10356005938;B
20240514;102520;3082.5;84;10356006430;S
20240514;102520;3082.5;1200;10356006431;S
20240514;102520;3082;151;10356006432;S
20240514;102520;3082;16;10356006433;S
20240514;102520;3082;1;10356006434;S
20240514;102520;3082;48;10356006435;S
20240514;102528;3082.5;33;10356008700;S
20240514;102530;3082.5;1;10356009084;S
20240514;102535;3082.5;25;10356010792;B
20240514;102541;3082;190;10356012074;S
20240514;102546;3082.5;1;10356014077;B
20240514;102546;3082.5;5;10356014161;B
20240514;102546;3082;5;10356014176;S
20240514;102546;3082;62;10356014215;S
20240514;102553;3082.5;10;10356017320;S
20240514;102553;3082.5;12;10356017572;S
20240514;102553;3082.5;338;10356017573;S
20240514;102554;3082.5;11;10356017689;B
20240514;102603;3082;4;10356020373;S
20240514;102606;3082;89;10356020949;S
20240514;102606;3082;8;10356020950;S
20240514;102606;3082;9;10356020951;S
20240514;102606;3082;28;10356020952;S
20240514;102606;3082;3;10356020953;S
20240514;102606;3082;2;10356020954;S
20240514;102606;3082;69;10356020955;S
20240514;102606;3081.5;2;10356020956;S
20240514;102606;3081.5;28;10356020957;S
20240514;102606;3081.5;3;10356020958;S
20240514;102606;3081.5;1;10356020959;S
20240514;102606;3081.5;258;10356020960;S
20240514;102609;3082;3;10356021562;S
20240514;102611;3082;4;10356021781;S
20240514;102611;3082;69;10356021782;S
20240514;102617;3082;1;10356024598;B
20240514;102626;3082;5;10356027710;B
20240514;102630;3081.5;7;10356028348;S
20240514;102630;3081.5;4;10356028349;S
20240514;102633;3082;7;10356029817;B
20240514;102637;3081.5;1;10356030998;S
20240514;102637;3081.5;2;10356030999;S
20240514;102647;3081.5;1;10356033106;B
20240514;102650;3081.5;1;10356034011;B
20240514;102650;3081.5;1;10356034022;B
20240514;102651;3081;8;10356034962;S
20240514;102651;3081;1;10356034963;S
20240514;102651;3081;5;10356034964;S
20240514;102651;3081;5;10356034965;S
20240514;102651;3081;2;10356034966;S
20240514;102651;3081;10;10356034967;S
20240514;102651;3081;30;10356034968;S
20240514;102651;3081;1;10356034969;S
20240514;102651;3081;3;10356034970;S
20240514;102651;3081;1;10356034971;S
20240514;102651;3081;1;10356034972;S
20240514;102651;3081;1;10356034973;S
20240514;102651;3081;4;10356034974;S
20240514;102651;3081;49;10356034975;S
20240514;102651;3081;18;10356034976;S
20240514;102651;3081;3;10356034977;S
20240514;102651;3081;1;10356034978;S
20240514;102653;3080.5;2;10356035236;S
20240514;102655;3080.5;1;10356035494;S
20240514;102700;3081;24;10356037590;B
20240514;102702;3080.5;55;10356038260;S
20240514;102705;3080.5;42;10356038808;S
20240514;102705;3080.5;2;10356038809;S
20240514;102705;3080.5;10;10356038810;S
20240514;102705;3080.5;1;10356038811;S
20240514;102705;3080.5;1;10356038812;S
20240514;102705;3080.5;100;10356038813;S
20240514;102705;3080.5;41;10356038814;S
20240514;102705;3080.5;26;10356038815;S
20240514;102705;3080.5;1;10356038816;S
20240514;102705;3080.5;1;10356038817;S
20240514;102705;3080.5;3;10356038818;S
20240514;102705;3080.5;1;10356038819;S
20240514;102705;3080.5;1;10356038820;S
20240514;102705;3080.5;5;10356038821;S
20240514;102705;3080.5;5;10356038822;S
20240514;102705;3080.5;2;10356038823;S
20240514;102705;3080;10;10356038824;S
20240514;102705;3080;50;10356038825;S
20240514;102705;3080;1;10356038826;S
20240514;102705;3080;9;10356038827;S
20240514;102705;3080;98;10356038828;S
20240514;102705;3080;2;10356038829;S
20240514;102705;3080;1;10356038830;S
20240514;102705;3080;2;10356038831;S
20240514;102705;3080;50;10356038832;S
20240514;102705;3080;1;10356038833;S
20240514;102705;3080;5;10356038834;S
20240514;102705;3080;100;10356038835;S
20240514;102705;3080;2;10356038836;S
20240514;102705;3080;3;10356038837;S
20240514;102705;3080;100;10356038838;S
20240514;102705;3080;1;10356038839;S
20240514;102705;3080;1;10356038840;S
20240514;102705;3080;6;10356038841;S
20240514;102705;3080;1;10356038842;S
20240514;102705;3080;10;10356038843;S
20240514;102705;3080;2;10356038844;S
20240514;102705;3080;2;10356038845;S
20240514;102705;3080;2;10356038846;S
20240514;102705;3080;5;10356038847;S
20240514;102705;3080;1;10356038848;S
20240514;102705;3080;1;10356038849;S
20240514;102705;3080;52;10356038850;S
20240514;102706;3080.5;20;10356039110;B
20240514;102709;3080.5;1;10356039449;B
20240514;102710;3080.5;4;10356039874;B
20240514;102710;3081;6;10356039875;B
20240514;102710;3080;48;10356039882;S
20240514;102710;3080;70;10356039883;S
20240514;102710;3080;1;10356039884;S
20240514;102710;3080;2;10356039885;S
20240514;102710;3080;1;10356039886;S
20240514;102710;3080;1;10356039887;S
20240514;102710;3080;5;10356039888;S
20240514;102710;3080;1;10356039889;S
20240514;102710;3080;5;10356039890;S
20240514;102710;3080;26;10356039891;S
20240514;102712;3080;10;10356041265;S
20240514;102720;3080;64;10356043031;S
20240514;102720;3080;1;10356043032;S
20240514;102720;3080;1;10356043033;S
20240514;102720;3080;3;10356043034;S
20240514;102720;3080;30;10356043035;S
20240514;102720;3080;6;10356043036;S
20240514;102720;3080;1;10356043037;S
20240514;102720;3080;1;10356043038;S
20240514;102720;3080;1;10356043039;S
20240514;102720;3080;1;10356043040;S
20240514;102720;3080;5;10356043041;S
20240514;102720;3080;36;10356043042;S
20240514;102721;3080;1;10356044360;S
20240514;102721;3080;70;10356044623;S
20240514;102721;3080;150;10356044624;S
20240514;102721;3080;1;10356044625;S
20240514;102721;3080;150;10356044626;S
20240514;102721;3080;10;10356044627;S
20240514;102721;3080;1;10356044628;S
20240514;102721;3080;51;10356044629;S
20240514;102721;3080;1000;10356044630;S
20240514;102721;3080;10;10356044631;S
20240514;102721;3080;10;10356044632;S
20240514;102721;3080;38;10356044633;S
20240514;102721;3080;5;10356044634;S
20240514;102721;3080;1;10356044635;S
20240514;102721;3080;1;10356044636;S
20240514;102721;3080;5;10356044637;S
20240514;102721;3080;5;10356044638;S
20240514;102721;3080;3;10356044639;S
20240514;102721;3079.5;1;10356044640;S
20240514;102721;3079.5;2;10356044641;S
20240514;102721;3079.5;50;10356044642;S
20240514;102721;3079.5;5;10356044643;S
20240514;102721;3079;1;10356044645;S
20240514;102721;3079;1;10356044646;S
20240514;102721;3079;12;10356044647;S
20240514;102721;3079;18;10356044648;S
20240514;102721;3079;70;10356044649;S
20240514;102721;3079;1;10356044650;S
20240514;102721;3079;10;10356044651;S
20240514;102721;3079;30;10356044652;S
20240514;102721;3079;220;10356044653;S
20240514;102721;3079;100;10356044654;S
20240514;102721;3079;10;10356044655;S
20240514;102721;3079;27;10356044656;S
20240514;102721;3079;2;10356044657;S
20240514;102721;3079;10;10356044658;S
20240514;102721;3079;100;10356044659;S
20240514;102721;3079;1;10356044660;S
20240514;102722;3079;2;10356044969;B
20240514;102722;3079;20;10356045141;B
20240514;102725;3079;1;10356045701;B
20240514;102733;3079;1;10356048379;B
20240514;102736;3079;1;10356048913;B
20240514;102739;3079;14;10356050128;B
20240514;102740;3079;1;10356050253;B
20240514;102743;3078.5;15;10356051882;S
20240514;102743;3078.5;1;10356051883;S
20240514;102743;3078.5;1;10356051884;S
20240514;102743;3078.5;1;10356051885;S
20240514;102743;3078.5;1;10356051886;S
20240514;102743;3078.5;1;10356051887;S
20240514;102743;3078.5;3;10356051888;S
20240514;102743;3078.5;5;10356051889;S
20240514;102743;3078.5;1;10356051890;S
20240514;102743;3078.5;10;10356051891;S
20240514;102747;3078.5;2;10356052394;S
20240514;102747;3078.5;2;10356052395;S
20240514;102747;3079;29;10356053117;B
20240514;102747;3079;1;10356053118;B
20240514;102748;3079;1;10356053149;B
20240514;102755;3079;70;10356055639;B
20240514;102755;3079;20;10356055640;B
20240514;102755;3079;10;10356055641;B
20240514;102803;3078.5;4;10356058168;S
20240514;102807;3079;3;10356058557;B
20240514;102808;3078.5;4;10356058623;S
20240514;102808;3078.5;2;10356058624;S
20240514;102808;3078.5;1;10356058625;S
20240514;102808;3078.5;6;10356058626;S
20240514;102809;3078.5;94;10356058894;S
20240514;102809;3078.5;1;10356058895;S
20240514;102809;3078.5;2;10356058896;S
20240514;102809;3078.5;1;10356058897;S
20240514;102809;3078.5;1;10356058898;S
20240514;102809;3078;9;10356058899;S
20240514;102809;3078;16;10356058900;S
20240514;102809;3078;7;10356058901;S
20240514;102809;3078;1;10356058902;S
20240514;102809;3078;1;10356058903;S
20240514;102809;3078;2;10356058904;S
20240514;102809;3078;10;10356058905;S
20240514;102809;3078;1;10356058906;S
20240514;102809;3078;2;10356058907;S
20240514;102809;3078;10;10356058908;S
20240514;102809;3078;2;10356058909;S
20240514;102809;3078;1;10356058910;S
20240514;102809;3078;5;10356058911;S
20240514;102809;3078;190;10356058912;S
20240514;102809;3078;99;10356058913;S
20240514;102809;3078;2;10356058914;S
20240514;102809;3078;2;10356058915;S
20240514;102809;3078;10;10356058916;S
20240514;102809;3078;1;10356058917;S
20240514;102809;3078;1;10356058918;S
20240514;102809;3078;341;10356058919;S
20240514;102817;3078.5;1;10356060867;B
20240514;102820;3078.5;10;10356062100;B
20240514;102822;3078.5;7;10356062785;B
20240514;102823;3078;2;10356062830;S
20240514;102823;3078;1;10356062831;S
20240514;102823;3078;15;10356062832;S
20240514;102823;3078;1;10356062833;S
20240514;102823;3078;100;10356062834;S
20240514;102823;3078;20;10356062835;S
20240514;102823;3078;186;10356062836;S
20240514;102825;3078.5;19;10356063448;B
20240514;102825;3078.5;72;10356063449;B
20240514;102825;3078.5;33;10356063450;B
20240514;102827;3079;100;10356063552;B
20240514;102827;3079;237;10356063553;B
20240514;102827;3079.5;18;10356063554;B
20240514;102827;3079.5;72;10356063555;B
20240514;102827;3080;190;10356063556;B
20240514;102827;3080;104;10356063557;B
20240514;102827;3080;20;10356063558;B
20240514;102827;3080;110;10356063559;B
20240514;102827;3080.5;2650;10356063560;B
20240514;102827;3080.5;21;10356063561;B
20240514;102827;3080.5;58;10356063562;B
20240514;102827;3081;152;10356063563;B
20240514;102827;3081;20;10356063564;B
20240514;102827;3081;50;10356063565;B
20240514;102827;3081;80;10356063566;B
20240514;102827;3081.5;50;10356063567;B
20240514;102827;3081.5;80;10356063568;B
20240514;102827;3082;5;10356063569;B
20240514;102827;3082;3;10356063570;B
20240514;102827;3082;103;10356063571;B
20240514;102827;3082;50;10356063572;B
20240514;102827;3082;30;10356063573;B
20240514;102827;3082.5;3;10356063574;B
20240514;102827;3083;1;10356063577;B
20240514;102827;3083;2;10356063578;B
20240514;102827;3083;1;10356063579;B
20240514;102827;3083;2;10356063580;B
20240514;102827;3083;1;10356063581;B
20240514;102827;3083;1;10356063582;B
20240514;102827;3083;1;10356063583;B
20240514;102827;3083;2;10356063584;B
20240514;102827;3083;3;10356063585;B
20240514;102827;3083;39;10356063586;B
20240514;102827;3083;19;10356063587;B
20240514;102827;3083;2;10356063588;B
20240514;102827;3083;2;10356063589;B
20240514;102827;3083;22;10356063590;B
20240514;102827;3083;2;10356063591;B
20240514;102827;3082.5;4;10356063599;S
20240514;102830;3083;2;10356064383;B
20240514;102830;3083;1;10356064384;B
20240514;102830;3083;2;10356064385;B
20240514;102830;3083;3;10356064386;B
20240514;102830;3083;2;10356064387;B
20240514;102830;3083;2;10356064388;B
20240514;102830;3083;8;10356064389;B
20240514;102833;3083;4;10356064663;B
20240514;102833;3083;3;10356064664;B
20240514;102833;3083;1;10356064665;B
20240514;102833;3083;1;10356064666;B
20240514;102833;3083;2;10356064667;B
20240514;102833;3083;3;10356064668;B
20240514;102833;3083;2;10356064669;B
20240514;102833;3083;2;10356064670;B
20240514;102833;3083;4;10356064671;B
20240514;102833;3083;7;10356064672;B
20240514;102833;3083;2;10356064673;B
20240514;102833;3083;69;10356064674;B
20240514;102833;3083;52;10356064689;B
20240514;102833;3083;4;10356064690;B
20240514;102833;3083;3;10356064691;B
20240514;102833;3083;2;10356064692;B
20240514;102833;3083;3;10356064693;B
20240514;102833;3083;1;10356064694;B
20240514;102833;3083;2;10356064695;B
20240514;102833;3083;1;10356064696;B
20240514;102833;3083;1;10356064697;B
20240514;102833;3083;1;10356064698;B
20240514;102833;3083;1;10356064699;B
20240514;102833;3083;3;10356064700;B
20240514;102833;3083;1;10356064701;B
20240514;102833;3083;3;10356064702;B
20240514;102833;3083;5;10356064703;B
20240514;102833;3083;1;10356064704;B
20240514;102833;3083;1;10356064705;B
20240514;102833;3083;3;10356064706;B
20240514;102833;3083;3;10356064707;B
20240514;102833;3083;1;10356064708;B
20240514;102833;3083;1;10356064709;B
20240514;102833;3083;1;10356064710;B
20240514;102833;3083;2;10356064711;B
20240514;102833;3083;4;10356064712;B
20240514;102833;3083;19;10356064745;B
20240514;102833;3083;8;10356064746;B
20240514;102833;3083;3;10356064747;B
20240514;102833;3083;1;10356064748;B
20240514;102833;3083;3;10356064749;B
20240514;102833;3083;2;10356064750;B
20240514;102833;3083;3;10356064751;B
20240514;102833;3083;3;10356064752;B
20240514;102833;3083;10;10356064753;B
20240514;102833;3083;5;10356064754;B
20240514;102833;3083;1;10356064755;B
20240514;102833;3083;1;10356064756;B
20240514;102833;3083;1;10356064757;B
20240514;102833;3083;1;10356064758;B
20240514;102833;3083;1;10356064759;B
20240514;102833;3083;6;10356064760;B
20240514;102833;3083;1;10356064761;B
20240514;102833;3083;2;10356064762;B
20240514;102833;3083;2;10356064763;B
20240514;102833;3083;1;10356064764;B
20240514;102833;3083;19;10356064765;B
20240514;102833;3083;1;10356064766;B
20240514;102833;3083;1;10356064767;B
20240514;102833;3083;2;10356064768;B
20240514;102833;3083;1;10356064769;B
20240514;102833;3083;2;10356064770;B
20240514;102836;3082.5;1;10356066442;S
20240514;102849;3083;1;10356068972;B
20240514;102849;3083;39;10356068973;B
20240514;102849;3083;2;10356068974;B
20240514;102849;3083;2;10356068975;B
20240514;102849;3083;22;10356068976;B
20240514;102849;3083;2;10356068977;B
20240514;102849;3083;2;10356068978;B
20240514;102849;3083;1;10356068979;B
20240514;102849;3083;2;10356068980;B
20240514;102849;3083;3;10356068981;B
20240514;102849;3083;2;10356068982;B
20240514;102849;3083;2;10356068983;B
20240514;102849;3083;8;10356068984;B
20240514;102849;3083;4;10356068985;B
20240514;102849;3083;3;10356068986;B
20240514;102849;3083;1;10356068987;B
20240514;102849;3083;1;10356068988;B
20240514;102849;3083;2;10356068989;B
20240514;102849;3083;2;10356068990;B
