<DATE>;<TIME>;<LAST>;<VOL>;<ID>;<OPER>
20241011;095934;111.68;10;11286720607;B
20241011;095934;111.68;20;11286720608;S
20241011;095934;111.68;40;11286720609;S
20241011;095934;111.68;10;11286720610;B
20241011;095934;111.68;10;11286720611;B
20241011;100001;111.36;10;11286728240;S
20241011;100001;111.34;10;11286728269;B
20241011;100002;111.32;10;11286728952;S
20241011;100002;111.32;20;11286728953;S
20241011;100002;111.32;100;11286728954;S
20241011;100002;111.32;300;11286728955;S
20241011;100002;111.28;200;11286728956;S
20241011;100002;111.26;220;11286728957;S
20241011;100002;111.02;50;11286728958;S
20241011;100004;111.1;30;11286730803;S
20241011;100004;111.08;640;11286730804;S
20241011;100004;111.06;280;11286730805;S
20241011;100004;111.08;20;11286731004;S
20241011;100004;111.06;20;11286731005;S
20241011;100004;111.04;210;11286731006;S
20241011;100004;111.3;10;11286732189;S
20241011;100004;111.3;10;11286732193;S
20241011;100005;111.22;10;11286732793;S
20241011;100005;111.22;10;11286732856;S
20241011;100005;111.48;100;11286733389;B
20241011;100005;111.44;10;11286733674;B
20241011;100005;111.36;10;11286734475;B
20241011;100006;111.22;10;11286735040;S
20241011;100006;111.42;10;11286736388;B
20241011;100006;111.22;10;11286736785;S
20241011;100006;111.22;10;11286736863;S
20241011;100007;111.44;10;11286737509;B
20241011;100007;111.44;90;11286737510;B
20241011;100008;111.22;10;11286740202;S
20241011;100008;111.22;10;11286740206;S
20241011;100008;111.44;10;11286740211;B
20241011;100008;111.44;10;11286740698;B
20241011;100008;111.24;10;11286740699;S
20241011;100009;111.42;10;11286741043;B
20241011;100010;111.22;40;11286741678;S
20241011;100010;111.22;50;11286741739;S
20241011;100015;111.3;50;11286743118;S
20241011;100015;111.3;60;11286743121;B
20241011;100026;111.32;10;11286746725;B
20241011;100037;111.3;20;11286750011;S
20241011;100038;111.26;30;11286750394;S
20241011;100038;111.24;1720;11286750395;S
20241011;100039;111.22;100;11286750491;S
20241011;100044;111.22;240;11286751879;S
20241011;100045;111.2;20;11286752162;S
20241011;100046;111.12;10;11286752258;S
20241011;100048;111.2;10;11286752804;B
20241011;100048;111.2;390;11286752805;B
20241011;100056;111.12;10;11286754929;B
20241011;100059;111.14;20;11286755778;B
20241011;100059;111.16;10;11286755915;B
20241011;100100;111.18;30;11286755925;B
20241011;100101;111.28;10;11286756387;B
20241011;100105;111.28;30;11286757290;S
20241011;100106;111.28;60;11286757492;S
20241011;100106;111.26;30;11286757493;S
20241011;100106;111.24;30;11286757494;S
20241011;100106;111.18;10;11286757495;S
20241011;100106;111.18;100;11286757496;S
20241011;100107;111.18;20;11286757711;S
20241011;100148;111.34;10;11286765203;S
20241011;100153;111.36;10;11286766282;B
20241011;100201;111.36;190;11286768388;B
20241011;100216;111.42;10;11286771784;B
20241011;100216;111.44;10;11286771860;B
20241011;100216;111.46;10;11286771861;B
20241011;100224;111.46;10;11286773660;B
20241011;100227;111.46;3430;11286774400;B
20241011;100227;111.48;80;11286774401;B
20241011;100227;111.5;80;11286774402;B
20241011;100227;111.56;500;11286774403;B
20241011;100227;111.56;210;11286774404;B
20241011;100233;111.48;90;11286775769;B
20241011;100243;111.52;200;11286777749;B
20241011;100243;111.54;3450;11286777750;B
20241011;100243;111.54;300;11286777798;S
20241011;100253;111.48;160;11286779646;S
20241011;100253;111.48;400;11286779647;S
20241011;100302;111.4;10;11286781215;S
20241011;100302;111.38;10;11286781216;S
20241011;100309;111.46;10;11286782490;B
20241011;100309;111.5;10;11286782491;B
20241011;100309;111.5;50;11286782492;B
20241011;100316;111.38;240;11286784100;S
20241011;100316;111.38;20;11286784101;S
20241011;100316;111.38;190;11286784145;S
20241011;100316;111.38;10;11286784146;S
20241011;100317;111.36;60;11286784163;S
20241011;100317;111.36;10;11286784164;S
20241011;100317;111.36;190;11286784165;S
20241011;100340;111.32;10;11286789435;S
20241011;100340;111.3;10;11286789436;S
20241011;100344;111.28;50;11286790234;S
20241011;100359;111.38;10;11286792941;B
20241011;100403;111.28;230;11286793680;S
20241011;100403;111.26;10;11286793681;S
20241011;100403;111.26;110;11286793682;S
20241011;100428;111.28;10;11286797285;S
20241011;100428;111.26;140;11286797286;S
20241011;100428;111.24;330;11286797287;S
20241011;100428;111.22;250;11286797288;S
20241011;100428;111.22;330;11286797289;S
20241011;100428;111.2;10;11286797290;S
20241011;100428;111.2;880;11286797291;S
20241011;100428;111.2;100;11286797292;S
20241011;100428;111.2;300;11286797293;S
20241011;100428;111.18;250;11286797294;S
20241011;100428;111.18;10;11286797295;S
20241011;100456;111.28;10;11286803182;B
20241011;100457;111.2;770;11286803415;S
20241011;100506;111.2;230;11286805017;S
20241011;100506;111.2;10;11286805018;S
20241011;100506;111.2;110;11286805019;S
20241011;100507;111.2;50;11286805202;B
20241011;100508;111.2;10;11286805414;B
20241011;100510;111.18;1990;11286805837;S
20241011;100510;111.16;250;11286805838;S
20241011;100510;111.14;500;11286805839;S
20241011;100510;111.14;220;11286805840;S
20241011;100510;111.12;250;11286805841;S
20241011;100510;111.12;50;11286805842;S
20241011;100510;111.12;140;11286805843;S
20241011;100510;111.12;220;11286805844;S
20241011;100510;111.1;4000;11286806026;S
20241011;100510;111.1;1000;11286806028;S
20241011;100511;111.1;10;11286806122;S
20241011;100511;111.1;40;11286806123;S
20241011;100512;111.1;50;11286806315;S
20241011;100514;111.1;10;11286806770;S
20241011;100514;111.1;1000;11286806771;S
20241011;100514;111.1;20;11286806772;S
20241011;100514;111.08;700;11286806773;S
20241011;100514;111.06;260;11286806774;S
20241011;100514;111.04;50;11286806775;S
20241011;100514;111.04;260;11286806776;S
20241011;100514;111.02;20;11286806777;S
20241011;100514;111.02;1180;11286806778;S
20241011;100514;111.08;250;11286806779;S
20241011;100524;111.1;20;11286808712;B
20241011;100529;111.02;1300;11286810172;S
20241011;100529;111.02;2520;11286810173;S
20241011;100529;111;30;11286810174;S
20241011;100529;111;10;11286810175;S
20241011;100529;111;10;11286810176;S
20241011;100529;111;10;11286810177;S
20241011;100529;111;1040;11286810178;S
20241011;100529;111;200;11286810179;S
20241011;100529;111;20;11286810180;S
20241011;100529;111;30;11286810181;S
20241011;100529;111;10;11286810182;S
20241011;100529;111;50;11286810183;S
20241011;100529;111;500;11286810184;S
20241011;100529;111;100;11286810185;S
20241011;100529;111;240;11286810186;S
20241011;100529;111;760;11286810187;S
20241011;100529;111;10;11286810188;S
20241011;100529;111;300;11286810189;S
20241011;100529;111;300;11286810190;S
20241011;100529;111.02;10;11286810209;B
20241011;100529;111;30;11286810335;S
20241011;100530;111;70;11286810383;S
20241011;100530;111;20;11286810385;S
20241011;100530;111;10;11286810511;B
20241011;100530;111;10;11286810532;S
20241011;100531;111;10;11286810759;S
20241011;100531;111;40;11286810760;S
20241011;100536;110.88;10;11286812132;S
20241011;100536;110.86;10;11286812133;S
20241011;100536;110.86;40;11286812137;S
20241011;100536;110.86;80;11286812138;S
20241011;100537;110.86;1100;11286812497;S
20241011;100537;110.86;300;11286812608;S
20241011;100537;110.86;300;11286812612;S
20241011;100537;110.86;80;11286812617;S
20241011;100538;110.86;80;11286812932;S
20241011;100539;110.98;40;11286812988;B
20241011;100544;110.86;10;11286814340;S
20241011;100544;110.86;1990;11286814341;S
20241011;100549;110.86;1960;11286815176;S
20241011;100549;110.84;20;11286815177;S
20241011;100549;110.84;390;11286815178;S
20241011;100554;110.88;400;11286816312;B
20241011;100556;110.84;2320;11286816994;S
20241011;100601;110.86;300;11286818348;B
20241011;100603;110.86;3170;11286818702;B
20241011;100603;110.86;350;11286818703;B
20241011;100603;110.9;10;11286818711;B
20241011;100604;110.9;10;11286819056;B
20241011;100605;110.86;90;11286819228;S
20241011;100605;110.86;10;11286819247;S
20241011;100605;110.9;500;11286819280;B
20241011;100607;110.9;10;11286819654;B
20241011;100609;110.9;2940;11286819939;B
20241011;100609;110.9;330;11286819940;B
20241011;100609;110.9;80;11286819941;S
20241011;100609;110.9;30;11286819967;S
20241011;100612;110.9;110;11286821017;S
20241011;100614;110.92;900;11286821476;B
20241011;100616;110.92;440;11286821891;B
20241011;100616;110.9;90;11286821892;S
20241011;100619;110.92;2130;11286822783;B
20241011;100619;110.92;370;11286822784;B
20241011;100619;110.92;150;11286822785;S
20241011;100621;110.94;10;11286823348;B
20241011;100624;110.92;810;11286823960;S
20241011;100626;110.92;490;11286824504;S
20241011;100626;110.92;350;11286824505;S
20241011;100626;110.9;370;11286824506;S
20241011;100626;110.9;290;11286824507;S
20241011;100628;110.9;700;11286824910;B
20241011;100628;110.9;580;11286825137;B
20241011;100630;110.9;10;11286825434;B
20241011;100630;110.9;1000;11286825557;B
20241011;100632;110.86;330;11286825824;S
20241011;100632;110.86;1170;11286825825;S
20241011;100632;110.86;400;11286825842;S
20241011;100632;110.84;100;11286825843;S
20241011;100637;110.86;40;11286827005;S
20241011;100637;110.84;760;11286827006;S
20241011;100641;110.92;50;11286827927;B
20241011;100649;110.86;10;11286829549;S
20241011;100649;110.84;30;11286829550;S
20241011;100650;110.88;500;11286829608;B
20241011;100655;110.88;10;11286830825;B
20241011;100707;110.88;1000;11286832795;B
20241011;100707;110.88;1280;11286832885;B
20241011;100707;110.88;1000;11286832886;B
20241011;100707;110.9;14600;11286832887;B
20241011;100707;110.9;480;11286832888;B
20241011;100709;110.9;100;11286833182;S
20241011;100710;110.92;80;11286833352;B
20241011;100716;110.9;20;11286834042;S
20241011;100733;110.92;20;11286837583;B
20241011;100735;110.92;200;11286837783;B
20241011;100735;110.92;60;11286837784;B
20241011;100738;110.92;240;11286838335;B
20241011;100738;110.92;1000;11286838336;B
20241011;100738;110.94;10;11286838337;B
20241011;100738;110.94;450;11286838338;B
20241011;100738;110.94;620;11286838339;B
20241011;100738;110.94;30;11286838340;B
20241011;100739;110.98;10;11286838617;B
20241011;100742;111.04;10;11286839623;B
20241011;100746;111.02;30;11286840308;S
20241011;100746;111.02;50;11286840309;S
20241011;100746;110.98;20;11286840310;S
20241011;100755;110.98;20;11286841859;S
20241011;100804;111.04;100;11286843818;B
20241011;100804;111.04;10;11286843872;B
20241011;100809;111.04;10;11286844550;B
20241011;100812;111.04;10;11286845107;B
20241011;100813;111.04;200;11286845398;B
20241011;100815;111.04;10;11286845718;B
20241011;100828;111.02;30;11286847747;S
20241011;100828;111.02;130;11286847748;S
20241011;100828;111;110;11286847749;S
20241011;100833;111.02;130;11286849483;B
20241011;100835;110.94;130;11286849807;S
20241011;100835;110.92;210;11286849808;S
20241011;100836;111.02;10;11286849840;B
20241011;100838;111.02;10;11286850230;B
20241011;100851;110.9;920;11286852429;S
20241011;100851;110.9;10;11286852430;S
20241011;100851;110.9;1000;11286852431;S
20241011;100851;110.9;1000;11286852432;S
20241011;100851;110.9;3460;11286852433;S
20241011;100902;111;30;11286854317;B
20241011;100902;111;70;11286854318;B
20241011;100916;111;70;11286856463;B
20241011;100917;110.92;10;11286856557;S
20241011;100918;110.92;120;11286856607;S
20241011;100918;110.9;380;11286856608;S
20241011;100921;110.9;10;11286857259;S
20241011;100925;110.98;10;11286857886;B
20241011;100930;110.9;310;11286858739;S
20241011;100930;110.9;300;11286858741;S
20241011;100934;110.9;10;11286859425;S
20241011;100936;110.9;150;11286859822;S
20241011;100939;110.9;960;11286860139;S
20241011;100939;110.9;440;11286860143;S
20241011;100949;110.9;120;11286861992;S
20241011;100949;110.84;10;11286861993;S
20241011;100949;110.84;10;11286861994;S
20241011;100949;110.84;50;11286861995;S
20241011;100949;110.84;10;11286861996;S
20241011;100949;110.82;1200;11286861997;S
20241011;100956;110.88;30;11286863048;B
20241011;100956;110.88;10;11286863049;B
20241011;100956;110.9;160;11286863050;B
20241011;100956;110.8;40;11286863101;S
20241011;100956;110.8;100;11286863102;S
20241011;100956;110.8;2000;11286863103;S
20241011;100956;110.8;1000;11286863104;S
20241011;100956;110.8;1000;11286863105;S
20241011;100956;110.8;1000;11286863106;S
20241011;100956;110.8;40;11286863107;S
20241011;100956;110.8;150;11286863108;S
20241011;100956;110.78;50;11286863109;S
20241011;100956;110.78;420;11286863110;S
20241011;101003;110.82;10;11286864524;S
20241011;101006;110.8;10;11286864858;S
20241011;101008;110.82;50;11286865287;B
20241011;101011;110.78;1580;11286865612;S
20241011;101019;110.82;880;11286867059;B
20241011;101019;110.82;770;11286867060;B
20241011;101019;110.82;500;11286867061;B
20241011;101019;110.82;1200;11286867109;B
20241011;101020;110.82;1590;11286867231;B
20241011;101020;110.82;60;11286867232;B
20241011;101020;110.84;650;11286867233;B
20241011;101020;110.84;30;11286867358;B
20241011;101029;110.84;20;11286868745;B
20241011;101029;110.92;80;11286868746;B
20241011;101029;110.92;900;11286868747;B
20241011;101057;110.92;30;11286872754;S
20241011;101116;110.92;100;11286875125;B
20241011;101118;110.92;1300;11286875361;B
20241011;101123;110.92;50;11286875967;B
20241011;101125;110.92;10;11286876204;B
20241011;101130;110.92;20;11286876799;B
20241011;101139;110.9;90;11286877753;S
20241011;101139;110.9;10;11286877754;S
20241011;101139;110.9;20;11286877755;S
20241011;101139;110.88;20;11286877756;S
20241011;101142;110.9;20;11286878193;B
20241011;101202;110.9;20;11286880976;B
20241011;101209;110.9;80;11286881739;S
20241011;101209;110.9;20;11286881740;S
20241011;101230;110.9;10;11286884520;S
20241011;101230;110.92;50;11286884611;B
20241011;101239;110.92;20;11286885780;B
20241011;101244;110.92;400;11286886546;B
20241011;101244;110.92;520;11286886547;B
20241011;101258;110.96;10;11286887853;B
20241011;101301;110.96;100;11286888118;B
20241011;101303;110.96;240;11286888342;B
20241011;101307;110.98;10;11286888693;B
20241011;101307;110.98;80;11286888694;B
20241011;101311;110.98;10;11286889268;B
20241011;101326;110.98;160;11286890882;B
20241011;101329;110.96;760;11286891679;S
20241011;101329;110.92;20;11286891710;S
20241011;101329;110.92;10;11286891711;S
20241011;101329;110.92;10;11286891712;S
20241011;101330;110.9;630;11286891766;S
20241011;101333;110.9;450;11286892117;S
20241011;101333;110.9;10;11286892118;S
20241011;101333;110.88;50;11286892148;S
20241011;101333;110.86;20;11286892149;S
20241011;101336;110.96;10;11286892537;B
20241011;101337;110.96;10;11286892680;B
20241011;101406;110.96;20;11286896133;B
20241011;101411;110.94;10;11286896643;B
20241011;101425;110.96;10;11286897890;B
20241011;101509;110.94;50;11286905050;B
20241011;101510;110.94;10;11286905233;B
20241011;101519;110.9;1360;11286908467;S
20241011;101519;110.9;640;11286908468;S
20241011;101519;110.9;200;11286908469;S
20241011;101527;110.84;10;11286910370;S
20241011;101527;110.84;30;11286910371;S
20241011;101530;110.86;10;11286910906;B
20241011;101537;110.86;10;11286912858;B
20241011;101537;110.82;20;11286912876;S
20241011;101540;110.86;100;11286913315;B
20241011;101605;110.84;10;11286917596;B
20241011;101605;110.84;10;11286917597;B
20241011;101605;110.84;50;11286917598;B
20241011;101638;110.9;470;11286922344;B
20241011;101638;110.9;10;11286922345;B
20241011;101642;110.9;10;11286922890;B
20241011;101657;110.88;3470;11286924848;S
20241011;101657;110.88;350;11286924849;S
20241011;101657;110.88;130;11286924850;S
20241011;101718;110.88;100;11286927225;B
20241011;101718;110.9;100;11286927226;B
20241011;101728;110.94;10;11286928618;B
20241011;101733;110.94;150;11286929276;B
20241011;101752;110.94;10;11286932110;B
20241011;101809;110.92;200;11286934664;B
20241011;101809;110.92;10;11286934665;B
20241011;101813;110.94;100;11286935300;B
20241011;101814;110.92;10;11286935398;S
20241011;101814;110.9;170;11286935399;S
20241011;101819;110.92;60;11286936049;B
20241011;101819;110.9;400;11286936113;S
20241011;101819;110.9;80;11286936114;S
20241011;101821;110.9;10;11286936259;B
20241011;101827;110.88;50;11286937153;S
20241011;101827;110.88;10;11286937154;S
20241011;101827;110.84;230;11286937155;S
20241011;101827;110.84;1710;11286937156;S
20241011;101833;110.9;10;11286937981;B
20241011;101834;110.9;20;11286938107;B
20241011;101845;110.9;10;11286939554;B
20241011;101900;110.88;10;11286941801;B
20241011;101905;110.88;20;11286942698;B
20241011;101924;110.9;80;11286945050;B
20241011;101949;110.9;20;11286947789;B
20241011;101950;110.88;10;11286948006;S
20241011;101953;110.86;20;11286948325;B
20241011;101955;110.86;10;11286948408;B
20241011;102000;110.84;10;11286948987;S
20241011;102000;110.84;100;11286948988;S
20241011;102001;110.84;10;11286949019;B
20241011;102002;110.82;50;11286949169;S
20241011;102004;110.84;220;11286949420;S
20241011;102012;110.86;50;11286950365;B
20241011;102018;110.86;20;11286951625;B
20241011;102027;110.86;90;11286953368;S
20241011;102027;110.84;30;11286953369;S
20241011;102031;110.82;200;11286953849;S
20241011;102035;110.86;10;11286954318;B
20241011;102102;110.86;20;11286957781;B
20241011;102108;110.86;100;11286958869;S
20241011;102112;110.84;20;11286959763;B
20241011;102120;110.82;100;11286961449;S
20241011;102120;110.8;10;11286961450;S
20241011;102120;110.8;30;11286961451;S
20241011;102120;110.8;250;11286961452;S
20241011;102120;110.8;10;11286961453;S
20241011;102120;110.8;100;11286961454;S
20241011;102120;110.8;790;11286961455;S
20241011;102120;110.78;10;11286961456;S
20241011;102120;110.78;10;11286961457;S
20241011;102120;110.78;10;11286961458;S
20241011;102120;110.78;10;11286961459;S
20241011;102120;110.78;70;11286961460;S
20241011;102120;110.78;600;11286961461;S
20241011;102129;110.82;10;11286964009;B
20241011;102133;110.8;100;11286965682;S
20241011;102134;110.76;500;11286965940;S
20241011;102134;110.76;30;11286965941;S
20241011;102134;110.76;10;11286965942;S
20241011;102134;110.74;10;11286965943;S
20241011;102134;110.74;10;11286965944;S
20241011;102134;110.74;70;11286965945;S
20241011;102134;110.74;400;11286965946;S
20241011;102134;110.72;10;11286965947;S
20241011;102134;110.72;100;11286965948;S
20241011;102134;110.72;50;11286965949;S
20241011;102134;110.72;110;11286965950;S
20241011;102134;110.72;680;11286965951;S
20241011;102134;110.72;130;11286965952;S
20241011;102134;110.7;200;11286965953;S
20241011;102134;110.7;1810;11286965954;S
20241011;102134;110.7;30;11286965955;S
20241011;102134;110.7;3470;11286965956;S
20241011;102134;110.7;110;11286965957;S
20241011;102134;110.66;30;11286965958;S
20241011;102134;110.64;30;11286965959;S
20241011;102134;110.64;240;11286965960;S
20241011;102134;110.62;100;11286965961;S
20241011;102134;110.62;70;11286965962;S
20241011;102134;110.62;50;11286965963;S
20241011;102134;110.62;120;11286965964;S
20241011;102134;110.62;2000;11286965965;S
20241011;102134;110.6;60;11286965966;S
20241011;102134;110.6;100;11286965967;S
20241011;102134;110.6;2000;11286965968;S
20241011;102134;110.6;2000;11286965969;S
20241011;102134;110.6;470;11286965970;S
20241011;102134;110.68;230;11286966040;S
20241011;102141;110.76;100;11286969149;B
20241011;102143;110.72;100;11286970233;S
20241011;102204;110.7;1000;11286976010;S
20241011;102204;110.7;100;11286976011;S
20241011;102204;110.7;50;11286976012;S
20241011;102204;110.64;100;11286976013;S
20241011;102204;110.62;200;11286976014;S
20241011;102204;110.6;1010;11286976015;S
20241011;102204;110.6;20;11286976016;S
20241011;102204;110.6;200;11286976017;S
20241011;102204;110.6;430;11286976018;S
20241011;102204;110.6;200;11286976019;S
20241011;102204;110.6;130;11286976020;S
20241011;102204;110.58;1390;11286976021;S
20241011;102204;110.56;50;11286976022;S
20241011;102204;110.56;120;11286976023;S
20241011;102219;110.62;100;11286980123;S
20241011;102219;110.62;700;11286980124;S
20241011;102219;110.6;100;11286980125;S
20241011;102219;110.6;3470;11286980126;S
20241011;102219;110.56;180;11286980127;S
20241011;102219;110.56;130;11286980128;S
20241011;102219;110.52;50;11286980129;S
20241011;102219;110.52;10;11286980130;S
20241011;102219;110.52;500;11286980131;S
20241011;102219;110.52;50;11286980132;S
20241011;102219;110.52;40;11286980133;S
20241011;102219;110.52;10;11286980134;S
20241011;102219;110.52;10;11286980135;S
20241011;102219;110.52;10;11286980136;S
20241011;102219;110.52;200;11286980137;S
20241011;102219;110.5;10;11286980138;S
20241011;102219;110.5;10;11286980139;S
20241011;102219;110.5;710;11286980140;S
20241011;102220;110.7;10;11286980161;B
20241011;102220;110.56;50;11286980259;S
20241011;102220;110.56;130;11286980260;S
20241011;102224;110.62;10;11286980963;S
20241011;102224;110.6;100;11286980964;S
20241011;102224;110.58;20;11286980965;S
20241011;102224;110.58;320;11286980966;S
20241011;102224;110.56;3470;11286980967;S
20241011;102224;110.56;400;11286981078;B
20241011;102226;110.7;50;11286981526;B
20241011;102230;110.56;10;11286982246;S
20241011;102230;110.56;320;11286982247;S
20241011;102230;110.56;50;11286982248;S
20241011;102230;110.56;320;11286982249;S
20241011;102254;110.62;130;11286988830;B
20241011;102254;110.62;260;11286988831;B
20241011;102255;110.66;10;11286989138;B
20241011;102256;110.66;100;11286989924;B
20241011;102311;110.62;150;11286996299;S
20241011;102315;110.66;50;11286998123;B
20241011;102318;110.62;20;11286999497;S
20241011;102320;110.66;10;11287000038;B
20241011;102326;110.66;10;11287003125;B
20241011;102327;110.66;10;11287003268;B
20241011;102328;110.66;10;11287003691;B
20241011;102335;110.66;100;11287006398;B
20241011;102336;110.62;20;11287007162;S
20241011;102337;110.66;10;11287007291;B
20241011;102342;110.64;100;11287009861;B
20241011;102358;110.64;50;11287015030;S
20241011;102358;110.64;80;11287015031;S
20241011;102400;110.62;120;11287015207;S
20241011;102400;110.62;50;11287015208;S
20241011;102400;110.62;100;11287015209;S
20241011;102400;110.62;50;11287015210;S
20241011;102400;110.6;280;11287015211;S
20241011;102401;110.6;50;11287015416;B
20241011;102418;110.56;80;11287017992;S
20241011;102419;110.6;20;11287018151;B
20241011;102436;110.56;40;11287020382;S
20241011;102446;110.56;100;11287021669;S
20241011;102451;110.6;10;11287022256;B
20241011;102453;110.58;250;11287022653;B
20241011;102457;110.6;400;11287023145;B
20241011;102512;110.58;60;11287026713;S
20241011;102513;110.6;20;11287026837;B
20241011;102521;110.6;50;11287027685;B
20241011;102528;110.6;5350;11287028639;B
20241011;102528;110.6;100;11287028640;B
20241011;102528;110.6;770;11287028641;B
20241011;102528;110.62;770;11287028642;B
20241011;102528;110.62;130;11287028643;B
20241011;102528;110.66;30;11287028644;B
20241011;102528;110.66;330;11287028645;B
20241011;102530;110.62;30;11287029002;S
20241011;102530;110.6;60;11287029003;S
20241011;102530;110.6;2340;11287029004;S
20241011;102541;110.62;340;11287030331;S
20241011;102541;110.62;590;11287030332;S
20241011;102541;110.62;350;11287030333;S
20241011;102542;110.62;2200;11287030438;S
20241011;102542;110.6;30;11287030439;S
20241011;102542;110.6;80;11287030440;S
20241011;102543;110.6;220;11287030458;B
20241011;102547;110.6;2000;11287030866;B
20241011;102551;110.6;100;11287031364;B
20241011;102601;110.58;170;11287032548;S
20241011;102611;110.58;500;11287034206;S
20241011;102611;110.58;250;11287034410;S
20241011;102612;110.6;50;11287034560;B
20241011;102626;110.6;5000;11287037023;B
20241011;102626;110.6;320;11287037024;B
20241011;102633;110.64;3000;11287038285;S
20241011;102633;110.64;480;11287038286;S
20241011;102634;110.66;240;11287038349;B
20241011;102634;110.7;60;11287038350;B
20241011;102636;110.68;410;11287038684;B
20241011;102636;110.7;440;11287038685;B
20241011;102636;110.7;710;11287038686;B
20241011;102642;110.72;10;11287039726;B
20241011;102642;110.7;440;11287039819;S
20241011;102642;110.7;30;11287039820;S
20241011;102642;110.7;20;11287039821;S
20241011;102642;110.7;20;11287039822;S
20241011;102642;110.7;20;11287039823;S
20241011;102642;110.7;470;11287039824;S
20241011;102704;110.68;20;11287042545;S
20241011;102726;110.72;40;11287045394;B
20241011;102733;110.7;60;11287046541;B
20241011;102739;110.7;70;11287047272;B
20241011;102743;110.68;10;11287047803;S
20241011;102743;110.7;20;11287047810;B
20241011;102747;110.68;120;11287048319;S
20241011;102751;110.68;50;11287048913;S
20241011;102804;110.7;10;11287050786;B
20241011;102807;110.7;340;11287051482;B
20241011;102807;110.72;10;11287051494;B
20241011;102808;110.76;40;11287051642;B
20241011;102819;110.8;40;11287053348;B
20241011;102827;110.84;50;11287054514;B
20241011;102827;110.88;10;11287054515;B
20241011;102827;110.88;240;11287054516;B
20241011;102827;110.88;200;11287054517;B
20241011;102834;110.86;20;11287055448;S
20241011;102839;110.92;10;11287056373;B
20241011;102847;110.94;50;11287057815;B
20241011;102853;110.96;10;11287059098;B
20241011;102854;110.96;400;11287059104;B
20241011;102855;110.96;3000;11287059403;B
20241011;102855;110.96;10;11287059404;B
20241011;102855;110.96;950;11287059408;B
20241011;102855;110.94;500;11287059440;S
20241011;102902;110.96;10;11287060490;B
20241011;102904;110.96;20;11287060744;B
20241011;102904;110.94;820;11287060918;S
20241011;102907;110.96;10;11287061577;B
20241011;102907;110.96;10;11287061588;B
20241011;102907;110.94;630;11287061630;S
20241011;102907;110.94;390;11287061631;S
20241011;102907;110.94;130;11287061632;S
20241011;102907;110.94;350;11287061633;B
20241011;102921;110.96;50;11287063463;B
20241011;102927;110.94;10;11287064366;S
20241011;103019;110.92;20;11287070555;B
20241011;103020;110.92;180;11287070653;B
20241011;103043;110.94;40;11287073822;B
20241011;103100;110.94;40;11287075821;B
20241011;103100;110.94;10;11287075854;B
20241011;103111;110.94;10;11287077074;B
20241011;103111;110.94;10;11287077075;B
20241011;103115;110.94;40;11287077392;B
20241011;103119;110.94;20;11287077894;B
20241011;103123;110.94;20;11287078289;B
20241011;103126;110.94;10;11287078494;B
20241011;103130;110.94;20;11287078963;B
20241011;103139;110.94;60;11287080036;B
20241011;103150;110.94;300;11287081552;B
20241011;103156;110.94;420;11287082198;B
20241011;103156;110.94;300;11287082199;B
20241011;103214;110.96;10;11287084272;B
20241011;103214;110.96;10;11287084273;B
20241011;103221;110.96;10;11287085301;B
20241011;103224;110.96;10;11287085595;B
20241011;103227;110.96;60;11287085998;B
20241011;103230;110.96;20;11287086259;B
20241011;103234;110.96;60;11287086805;B
20241011;103237;110.96;20;11287087219;B
20241011;103237;110.96;50;11287087220;B
20241011;103247;110.96;60;11287088040;B
20241011;103251;110.96;20;11287088509;B
20241011;103251;110.96;20;11287088510;B
20241011;103257;110.96;20;11287088952;B
20241011;103257;110.96;20;11287088953;B
20241011;103307;110.96;10;11287089963;B
20241011;103307;110.96;10;11287089964;B
20241011;103310;110.96;50;11287090375;B
20241011;103310;110.98;20;11287090376;B
20241011;103310;110.98;430;11287090377;B
20241011;103310;110.98;100;11287090378;B
20241011;103310;110.98;10;11287090379;B
20241011;103316;110.98;990;11287091092;B
20241011;103316;110.98;70;11287091093;B
20241011;103316;110.98;10;11287091094;B
20241011;103316;110.98;2330;11287091095;B
20241011;103319;110.98;10;11287091519;B
20241011;103322;110.98;3660;11287091916;B
20241011;103322;111;100;11287091917;B
20241011;103322;111;1260;11287091918;B
20241011;103322;111;5660;11287091919;B
20241011;103322;111;3080;11287091920;B
20241011;103322;111;10;11287091921;B
20241011;103322;111.02;1000;11287091922;B
20241011;103322;111.1;70;11287091923;B
20241011;103338;111.08;10;11287093907;B
20241011;103340;111.08;20;11287094081;B
20241011;103340;111.1;20;11287094082;B
20241011;103352;111.1;240;11287095803;B
20241011;103403;111.1;20;11287097151;B
20241011;103404;111.1;20;11287097238;B
20241011;103418;111.1;10;11287098804;B
20241011;103422;111.1;10;11287099374;B
20241011;103422;111.1;950;11287099392;B
20241011;103426;111.1;10;11287099828;B
20241011;103429;111.1;20;11287100240;B
20241011;103429;111.1;130;11287100252;B
20241011;103434;111.1;20;11287100891;S
20241011;103434;111.1;3440;11287101027;S
20241011;103434;111.08;200;11287101028;S
20241011;103434;111.08;130;11287101029;S
20241011;103434;111.04;200;11287101030;S
20241011;103434;111;5000;11287101031;S
20241011;103434;110.98;1000;11287101032;S
20241011;103434;110.94;30;11287101033;S
20241011;103459;111.1;10;11287104727;B
20241011;103534;110.98;10;11287109156;B
20241011;103541;110.98;40;11287109793;B
20241011;103557;110.98;70;11287111620;S
20241011;103557;110.98;10;11287111621;S
20241011;103557;110.98;200;11287111622;S
20241011;103557;110.94;110;11287111623;S
20241011;103614;111.04;20;11287113703;B
20241011;103614;111.04;10;11287113755;B
20241011;103628;110.94;1640;11287115414;S
20241011;103628;110.94;10;11287115415;S
20241011;103628;110.94;10;11287115416;S
20241011;103628;110.94;3460;11287115417;S
20241011;103640;110.92;10;11287117130;S
20241011;103650;110.88;30;11287118440;S
20241011;103650;110.88;50;11287118441;S
20241011;103651;110.9;300;11287118557;S
20241011;103652;110.86;310;11287118669;S
20241011;103653;110.88;10;11287118708;B
20241011;103653;110.88;90;11287118709;B
20241011;103659;110.9;10;11287119556;B
20241011;103706;110.9;100;11287120304;B
20241011;103749;110.84;10;11287125394;S
20241011;103749;110.84;1190;11287125395;S
20241011;103805;110.88;20;11287127516;S
20241011;103837;110.86;250;11287130362;S
20241011;103847;110.92;50;11287131264;B
20241011;103853;110.86;600;11287131770;S
20241011;103856;110.92;10;11287131994;B
20241011;103918;110.86;500;11287133943;S
20241011;103947;110.86;10;11287136431;S
20241011;104033;110.92;60;11287141321;B
20241011;104035;110.92;450;11287141510;B
20241011;104045;110.92;10;11287142514;B
20241011;104056;110.92;70;11287143587;B
20241011;104109;110.92;100;11287144958;B
20241011;104118;110.92;40;11287145790;B
20241011;104136;110.92;50;11287147730;B
20241011;104143;110.92;10;11287148851;B
20241011;104204;110.88;70;11287151905;S
20241011;104204;110.88;20;11287151906;S
20241011;104204;110.88;50;11287151907;S
20241011;104204;110.86;120;11287151908;S
20241011;104204;110.86;170;11287151909;S
20241011;104204;110.84;170;11287151910;S
20241011;104204;110.8;100;11287151911;S
20241011;104204;110.8;10;11287151912;S
20241011;104204;110.76;180;11287151913;S
20241011;104204;110.74;10;11287151914;S
20241011;104204;110.72;10;11287151915;S
20241011;104204;110.72;50;11287151916;S
20241011;104204;110.72;180;11287151917;S
20241011;104227;110.88;10;11287155124;B
20241011;104340;110.82;10;11287164963;S
20241011;104353;110.8;10;11287166396;S
20241011;104353;110.8;30;11287166397;S
20241011;104401;110.78;20;11287167178;S
20241011;104406;110.78;20;11287167732;S
20241011;104408;110.78;100;11287167879;S
20241011;104423;110.78;3330;11287169786;S
20241011;104423;110.78;70;11287169787;S
20241011;104441;110.78;30;11287171983;S
20241011;104441;110.78;1570;11287171984;S
20241011;104454;110.78;50;11287173889;S
20241011;104502;110.78;50;11287174883;S
20241011;104502;110.76;90;11287174884;S
20241011;104502;110.76;3470;11287174885;S
20241011;104525;110.8;10;11287177514;B
20241011;104525;110.8;40;11287177515;S
20241011;104525;110.74;3470;11287177516;S
20241011;104535;110.82;10;11287178713;B
20241011;104554;110.8;10;11287181204;B
20241011;104609;110.76;100;11287183980;S
20241011;104609;110.76;3330;11287183981;S
20241011;104609;110.76;140;11287183982;S
20241011;104609;110.72;10;11287184142;S
20241011;104609;110.72;10;11287184143;S
20241011;104609;110.72;90;11287184144;S
20241011;104611;110.7;140;11287184662;S
20241011;104635;110.72;10;11287188632;S
20241011;104635;110.72;1020;11287188633;S
20241011;104635;110.72;1280;11287188634;S
20241011;104635;110.72;10;11287188636;S
20241011;104636;110.72;10;11287188656;S
20241011;104642;110.74;200;11287189532;B
20241011;104705;110.74;400;11287192068;B
20241011;104705;110.74;230;11287192069;B
20241011;104705;110.76;750;11287192070;B
20241011;104717;110.76;10;11287193968;B
20241011;104718;110.76;190;11287194395;B
20241011;104721;110.76;10;11287194837;B
20241011;104721;110.76;20;11287194866;B
20241011;104722;110.76;10;11287195103;B
20241011;104726;110.76;10;11287195525;B
20241011;104726;110.76;10;11287195526;B
20241011;104726;110.76;30;11287195527;B
20241011;104735;110.76;10;11287196594;B
20241011;104735;110.76;10;11287196595;B
20241011;104738;110.76;20;11287197010;B
20241011;104738;110.76;20;11287197011;B
20241011;104738;110.76;10;11287197025;B
20241011;104739;110.76;200;11287197254;B
20241011;104742;110.76;100;11287197617;B
20241011;104800;110.74;250;11287199664;S
20241011;104800;110.74;3470;11287199665;S
20241011;104800;110.74;50;11287199666;S
20241011;104813;110.76;50;11287200891;B
20241011;104819;110.72;400;11287201508;S
20241011;104835;110.76;200;11287202690;B
20241011;104836;110.76;20;11287202822;B
20241011;104847;110.76;40;11287204024;B
20241011;104902;110.76;10;11287205513;B
20241011;104913;110.76;300;11287206663;B
20241011;104913;110.76;60;11287206731;B
20241011;104920;110.76;1000;11287207358;B
20241011;104920;110.76;480;11287207360;B
20241011;105001;110.82;30;11287211597;S
20241011;105035;110.88;10;11287216019;B
20241011;105041;110.88;90;11287216706;B
20241011;105047;110.9;10;11287217405;B
20241011;105104;110.92;10;11287219438;B
20241011;105119;110.82;50;11287221034;S
20241011;105125;110.86;100;11287221537;B
20241011;105204;110.88;10;11287225598;S
20241011;105223;110.86;100;11287227647;S
20241011;105248;110.86;20;11287230078;B
20241011;105251;110.86;60;11287230387;B
20241011;105313;110.9;10;11287232689;B
20241011;105322;110.9;990;11287234106;B
20241011;105330;110.9;10;11287234921;S
20241011;105331;110.92;10;11287235006;B
20241011;105331;110.92;60;11287235007;B
20241011;105346;110.96;200;11287236718;B
20241011;105346;111;50;11287236719;B
20241011;105346;111;750;11287236720;B
20241011;105350;111;20;11287237285;B
20241011;105410;111;20;11287239792;B
20241011;105436;110.96;10;11287242243;B
20241011;105501;110.98;10;11287244760;B
20241011;105508;110.98;10;11287245525;B
20241011;105543;110.96;20;11287248748;S
20241011;105543;110.96;100;11287248749;S
20241011;105543;110.94;80;11287248750;S
20241011;105543;110.92;70;11287248751;S
20241011;105543;110.92;80;11287248752;S
20241011;105543;110.86;40;11287248753;S
20241011;105543;110.86;90;11287248754;S
20241011;105543;110.86;1000;11287248755;S
20241011;105543;110.84;200;11287248756;S
20241011;105543;110.82;320;11287248757;S
20241011;105543;110.94;70;11287248770;S
20241011;105738;110.84;50;11287259074;S
20241011;105816;110.84;180;11287262843;S
20241011;105816;110.84;10;11287262844;S
20241011;105816;110.84;30;11287262845;S
20241011;105827;110.84;170;11287263682;S
20241011;105827;110.84;50;11287263683;S
20241011;105936;110.92;10;11287270897;S
20241011;110001;110.94;10;11287289089;B
20241011;110002;110.94;10;11287290749;B
20241011;110026;110.92;10;11287315694;S
20241011;110027;110.94;10;11287316435;B
20241011;110042;110.94;10;11287329241;B
20241011;110047;110.92;40;11287333330;S
20241011;110047;110.92;20;11287333331;S
20241011;110053;110.9;50;11287338140;B
20241011;110053;110.9;100;11287338141;S
20241011;110112;110.84;80;11287354334;S
20241011;110112;110.84;150;11287354335;S
20241011;110112;110.82;20;11287354338;S
20241011;110113;110.8;50;11287354576;S
20241011;110113;110.8;10;11287354577;S
20241011;110113;110.8;10;11287354578;S
20241011;110114;110.76;100;11287355276;S
20241011;110114;110.74;150;11287355277;S
20241011;110132;110.76;50;11287373128;B
20241011;110132;110.76;130;11287373129;B
20241011;110132;110.78;20;11287373130;B
20241011;110133;110.88;20;11287374473;B
20241011;110144;110.76;1210;11287385007;S
20241011;110153;110.76;40;11287394545;S
20241011;110159;110.76;800;11287400774;S
20241011;110159;110.76;20;11287400775;S
20241011;110203;110.76;760;11287404915;S
20241011;110203;110.74;250;11287405030;S
20241011;110203;110.74;20;11287405031;S
20241011;110204;110.74;10;11287405052;S
20241011;110204;110.72;200;11287405118;S
20241011;110204;110.72;50;11287405119;S
20241011;110204;110.72;10;11287405196;S
20241011;110204;110.7;520;11287405197;S
20241011;110211;110.7;10;11287412583;S
20241011;110214;110.7;220;11287415141;S
20241011;110214;110.7;10;11287415142;S
20241011;110214;110.7;50;11287415143;S
20241011;110214;110.7;10;11287415144;S
20241011;110218;110.7;10;11287418841;B
20241011;110228;110.68;20;11287429016;S
20241011;110228;110.68;30;11287429017;S
20241011;110240;110.68;10;11287440840;S
20241011;110240;110.68;100;11287440841;S
20241011;110240;110.68;10;11287440842;S
20241011;110246;110.68;250;11287447177;B
20241011;110247;110.68;100;11287447927;B
20241011;110250;110.68;80;11287451599;B
20241011;110253;110.68;10;11287454515;S
20241011;110254;110.68;10;11287455306;S
20241011;110254;110.66;10;11287455307;S
20241011;110254;110.66;30;11287455308;S
20241011;110257;110.66;200;11287458090;S
20241011;110306;110.68;200;11287466786;S
20241011;110312;110.7;10;11287472963;B
20241011;110320;110.68;50;11287480666;S
20241011;110320;110.66;50;11287480667;S
20241011;110327;110.66;720;11287487499;S
20241011;110327;110.66;100;11287487500;S
20241011;110327;110.66;20;11287487501;S
20241011;110328;110.64;10;11287488347;S
20241011;110328;110.64;90;11287488348;S
20241011;110336;110.68;40;11287496880;B
20241011;110338;110.68;10;11287498431;B
20241011;110343;110.68;100;11287503718;B
20241011;110358;110.66;200;11287517089;S
20241011;110359;110.68;10;11287517672;B
20241011;110406;110.66;10;11287523307;S
20241011;110411;110.68;50;11287527435;B
20241011;110414;110.68;40;11287530072;B
20241011;110425;110.7;10;11287538597;B
20241011;110450;110.7;10;11287560898;B
20241011;110456;110.7;500;11287566828;B
20241011;110517;110.68;20;11287586846;S
20241011;110517;110.68;20;11287586847;S
20241011;110531;110.7;330;11287601523;B
20241011;110538;110.68;10;11287607822;S
20241011;110602;110.7;10;11287631879;B
20241011;110621;110.72;10;11287651209;B
20241011;110630;110.68;10;11287660893;S
20241011;110640;110.68;10;11287670209;S
20241011;110640;110.68;20;11287670210;S
20241011;110650;110.68;20;11287680532;S
20241011;110655;110.7;170;11287686688;S
20241011;110655;110.68;130;11287686689;S
20241011;110702;110.68;130;11287693663;S
20241011;110702;110.68;20;11287693664;S
20241011;110702;110.68;170;11287693665;S
20241011;110702;110.66;10;11287693666;S
20241011;110708;110.68;140;11287699257;S
20241011;110708;110.66;30;11287699258;S
20241011;110708;110.66;160;11287699259;S
20241011;110708;110.66;20;11287699260;S
20241011;110711;110.66;30;11287702191;S
20241011;110711;110.66;20;11287702192;S
20241011;110714;110.7;10;11287704127;B
20241011;110715;110.7;110;11287704885;S
20241011;110715;110.68;260;11287704886;S
20241011;110725;110.76;80;11287713489;B
20241011;110729;110.76;260;11287716841;B
20241011;110729;110.76;210;11287716842;B
20241011;110729;110.76;10;11287717273;B
20241011;110729;110.76;10;11287717274;B
20241011;110731;110.76;250;11287718829;B
20241011;110807;110.86;10;11287748603;B
20241011;110808;110.88;250;11287749405;B
20241011;110808;110.88;240;11287749406;B
20241011;110808;110.9;100;11287749407;B
20241011;110808;110.92;250;11287749408;B
20241011;110808;110.92;50;11287749409;B
20241011;110808;110.94;30;11287749410;B
20241011;110821;110.9;100;11287760617;B
20241011;110826;110.9;30;11287765018;B
20241011;110846;110.9;120;11287783331;B
20241011;110848;110.94;10;11287785431;B
20241011;110851;110.94;240;11287788103;B
20241011;110851;110.96;100;11287788104;B
20241011;110851;110.96;740;11287788105;B
20241011;110851;110.98;100;11287788106;B
20241011;110851;111;1210;11287788107;B
20241011;110851;111;700;11287788108;B
20241011;110851;111;100;11287788109;B
20241011;110851;111;100;11287788110;B
20241011;110851;111;10;11287788111;B
20241011;110851;111;60;11287788131;S
20241011;110853;110.92;50;11287790113;S
20241011;110856;110.9;20;11287792558;S
20241011;110859;110.9;50;11287795678;S
20241011;110911;110.92;60;11287807162;B
20241011;110911;110.94;10;11287807163;B
20241011;110929;110.9;50;11287823592;S
20241011;110939;110.9;50;11287833200;S
20241011;110944;110.9;100;11287837765;S
20241011;111023;110.92;10;11287875900;B
20241011;111023;110.9;40;11287876032;S
20241011;111030;110.9;100;11287882749;S
20241011;111035;110.92;10;11287887643;B
20241011;111050;110.9;170;11287901899;S
20241011;111050;110.9;60;11287901900;S
20241011;111100;110.72;200;11287910207;S
20241011;111131;110.72;40;11287936718;S
20241011;111131;110.72;300;11287936719;S
20241011;111135;110.72;10;11287939700;B
20241011;111145;110.72;100;11287948383;B
20241011;111145;110.72;10;11287948597;B
20241011;111153;110.72;100;11287956601;B
20241011;111219;110.72;250;11287981738;B
20241011;111248;110.72;500;11288010234;B
20241011;111248;110.7;10;11288010417;S
20241011;111248;110.7;20;11288010418;S
20241011;111249;110.7;10;11288010834;S
20241011;111254;110.72;500;11288016628;B
20241011;111305;110.72;250;11288026749;B
20241011;111305;110.72;210;11288027159;B
20241011;111305;110.72;40;11288027160;B
20241011;111315;110.72;10;11288036727;S
20241011;111324;110.7;70;11288045470;S
20241011;111332;110.7;10;11288053658;S
20241011;111335;110.72;20;11288056506;B
20241011;111347;110.72;10;11288069194;B
20241011;111357;110.72;50;11288079548;B
20241011;111421;110.72;400;11288100456;B
20241011;111427;110.72;10;11288106769;B
20241011;111441;110.7;140;11288117770;S
20241011;111441;110.7;10;11288117771;S
20241011;111444;110.7;180;11288120531;S
20241011;111447;110.7;70;11288122513;S
20241011;111448;110.7;30;11288123776;S
20241011;111448;110.7;210;11288123777;S
20241011;111450;110.7;50;11288125008;S
20241011;111451;110.7;20;11288126654;S
20241011;111452;110.7;10;11288127230;S
20241011;111454;110.7;10;11288128802;S
20241011;111455;110.72;100;11288129833;B
20241011;111500;110.7;10;11288133389;S
20241011;111500;110.7;20;11288133390;S
20241011;111500;110.7;20;11288133391;S
20241011;111502;110.72;10;11288135564;B
20241011;111503;110.7;20;11288136555;S
20241011;111503;110.7;20;11288136556;S
20241011;111504;110.7;20;11288137316;S
20241011;111511;110.7;10;11288144087;S
20241011;111511;110.7;10;11288144088;S
20241011;111511;110.7;10;11288144089;S
20241011;111514;110.7;10;11288146252;S
20241011;111514;110.7;10;11288146253;S
20241011;111514;110.7;10;11288146254;S
20241011;111520;110.72;10;11288151241;B
20241011;111533;110.7;10;11288165476;S
20241011;111543;110.72;100;11288175505;B
20241011;111545;110.7;10;11288176621;S
20241011;111545;110.7;10;11288176622;S
20241011;111545;110.7;10;11288176623;S
20241011;111557;110.7;130;11288189386;S
20241011;111557;110.7;50;11288189387;S
20241011;111609;110.68;100;11288202666;S
20241011;111609;110.68;50;11288202667;S
20241011;111609;110.64;10;11288202668;S
20241011;111609;110.64;100;11288202669;S
20241011;111609;110.62;500;11288202670;S
20241011;111609;110.62;10;11288202671;S
20241011;111609;110.62;10;11288202672;S
20241011;111609;110.62;1430;11288202673;S
20241011;111611;110.68;100;11288204748;B
20241011;111622;110.64;10;11288215218;S
20241011;111630;110.64;40;11288222797;B
20241011;111630;110.68;20;11288222798;B
20241011;111641;110.64;10;11288234816;S
20241011;111641;110.64;30;11288234817;S
20241011;111641;110.62;2570;11288234818;S
20241011;111641;110.62;100;11288234819;S
20241011;111641;110.6;500;11288234820;S
20241011;111641;110.6;500;11288234821;S
20241011;111641;110.6;140;11288234822;S
20241011;111641;110.6;70;11288234823;S
20241011;111641;110.6;100;11288234824;S
20241011;111641;110.6;10;11288234825;S
20241011;111641;110.6;10;11288234826;S
20241011;111641;110.6;10;11288234827;S
20241011;111641;110.6;20;11288234828;S
20241011;111641;110.6;50;11288234829;S
20241011;111641;110.6;10;11288234830;S
20241011;111641;110.6;10;11288234831;S
20241011;111641;110.6;10;11288234832;S
20241011;111641;110.6;10;11288234833;S
20241011;111641;110.6;10;11288234834;S
20241011;111641;110.6;100;11288234835;S
20241011;111641;110.6;10;11288234836;S
20241011;111641;110.6;50;11288234837;S
20241011;111641;110.6;10;11288234838;S
20241011;111641;110.6;1200;11288234839;S
20241011;111641;110.6;10;11288234840;S
20241011;111641;110.6;100;11288234841;S
20241011;111641;110.6;10;11288234842;S
20241011;111641;110.6;820;11288234843;S
20241011;111641;110.6;670;11288234844;S
20241011;111641;110.6;100;11288234845;S
20241011;111641;110.58;2750;11288234846;S
20241011;111717;110.68;10;11288271585;B
20241011;111722;110.68;50;11288276343;B
20241011;111724;110.68;40;11288279058;B
20241011;111726;110.7;200;11288280549;B
20241011;111728;110.7;200;11288282382;B
20241011;111752;110.66;10;11288303169;B
20241011;111805;110.68;990;11288314509;B
20241011;111844;110.6;10;11288350941;S
20241011;111844;110.6;100;11288350942;S
20241011;111844;110.6;300;11288350943;S
20241011;111844;110.6;50;11288350944;S
20241011;111844;110.6;50;11288350945;S
20241011;111844;110.6;10;11288350946;S
20241011;111844;110.6;140;11288350947;S
20241011;111844;110.6;90;11288350948;S
20241011;111844;110.6;10;11288350949;S
20241011;111844;110.58;1940;11288350950;S
20241011;112005;110.6;10;11288433126;S
20241011;112007;110.6;10;11288435757;S
20241011;112056;110.68;10;11288446910;B
20241011;112056;110.68;10;11288446911;B
20241011;112056;110.68;50;11288446912;B
20241011;112101;110.7;10;11288447594;B
20241011;112206;110.66;150;11288454854;S
20241011;112207;110.68;600;11288454930;B
20241011;112223;110.7;10;11288457388;B
20241011;112225;110.68;450;11288457550;S
20241011;112229;110.7;100;11288457884;B
20241011;112229;110.7;60;11288457885;B
20241011;112229;110.7;100;11288457886;B
20241011;112229;110.72;280;11288457887;B
20241011;112229;110.72;1330;11288457888;B
20241011;112308;110.72;320;11288461106;S
20241011;112339;110.78;20;11288463617;B
20241011;112404;110.72;130;11288465069;S
20241011;112442;110.72;20;11288467228;S
20241011;112508;110.74;120;11288469040;S
20241011;112519;110.74;10;11288469881;S
20241011;112537;110.76;60;11288471029;B
20241011;112537;110.76;20;11288471030;B
20241011;112537;110.78;120;11288471031;B
20241011;112613;110.78;110;11288474328;B
20241011;112614;110.8;20;11288474453;B
20241011;112621;110.78;180;11288474891;S
20241011;112623;110.78;180;11288475025;S
20241011;112642;110.8;30;11288477405;B
20241011;112710;110.82;50;11288480520;B
20241011;112731;110.82;10;11288482679;B
20241011;112747;110.78;10;11288483941;S
20241011;112753;110.78;10;11288484365;S
20241011;112754;110.82;170;11288484505;B
20241011;112800;110.82;50;11288485186;B
20241011;112800;110.82;20;11288485236;B
20241011;112811;110.8;10;11288485956;S
20241011;112816;110.82;10;11288486318;B
20241011;112820;110.82;10;11288486699;B
20241011;112913;110.82;20;11288491582;B
20241011;112914;110.8;10;11288491695;S
20241011;112918;110.82;10;11288491883;B
20241011;112922;110.82;10;11288492252;B
20241011;112933;110.82;30;11288492849;B
20241011;112936;110.8;10;11288493065;S
20241011;112940;110.8;30;11288493452;S
20241011;113007;110.82;60;11288495308;B
20241011;113013;110.8;90;11288495686;S
20241011;113013;110.8;130;11288495687;S
20241011;113013;110.8;10;11288495688;S
20241011;113013;110.78;10;11288495689;S
20241011;113013;110.78;40;11288495690;S
20241011;113013;110.78;10;11288495691;S
20241011;113013;110.78;130;11288495692;S
20241011;113013;110.78;110;11288495693;S
20241011;113013;110.76;100;11288495694;S
20241011;113013;110.74;70;11288495695;S
20241011;113013;110.74;200;11288495696;S
20241011;113013;110.74;10;11288495697;S
20241011;113013;110.74;130;11288495698;S
20241011;113013;110.72;660;11288495699;S
20241011;113013;110.72;10;11288495700;S
20241011;113013;110.72;140;11288495701;S
20241011;113013;110.7;200;11288495702;S
20241011;113013;110.68;60;11288495703;S
20241011;113013;110.68;300;11288495704;S
20241011;113013;110.66;800;11288495705;S
20241011;113034;110.76;100;11288497243;S
20241011;113110;110.76;250;11288500052;S
20241011;113121;110.78;80;11288500744;S
20241011;113140;110.78;170;11288502151;S
20241011;113141;110.78;110;11288502256;B
20241011;113141;110.8;80;11288502257;B
20241011;113141;110.8;30;11288502258;B
20241011;113147;110.76;330;11288503110;S
20241011;113224;110.74;100;11288506222;B
20241011;113349;110.74;40;11288512163;S
20241011;113349;110.7;10;11288512164;S
20241011;113349;110.7;50;11288512165;S
20241011;113349;110.68;200;11288512166;S
20241011;113349;110.68;30;11288512167;S
20241011;113349;110.68;40;11288512168;S
20241011;113349;110.68;50;11288512169;S
20241011;113349;110.66;100;11288512170;S
20241011;113349;110.66;100;11288512171;S
20241011;113349;110.64;500;11288512172;S
20241011;113349;110.64;200;11288512173;S
20241011;113349;110.64;50;11288512174;S
20241011;113349;110.62;30;11288512175;S
20241011;113349;110.62;200;11288512176;S
20241011;113349;110.62;500;11288512177;S
20241011;113349;110.62;20;11288512178;S
20241011;113349;110.62;1000;11288512179;S
20241011;113349;110.62;250;11288512180;S
20241011;113349;110.62;200;11288512181;S
20241011;113408;110.62;10;11288516283;B
20241011;113417;110.6;100;11288517272;S
20241011;113417;110.6;10;11288517273;S
20241011;113417;110.6;250;11288517274;S
20241011;113417;110.6;10;11288517275;S
20241011;113417;110.6;2610;11288517276;S
20241011;113423;110.62;900;11288517673;B
20241011;113428;110.62;100;11288518035;B
20241011;113429;110.6;10;11288518128;S
20241011;113429;110.6;10;11288518145;S
20241011;113429;110.6;10;11288518194;S
20241011;113429;110.6;10;11288518208;S
20241011;113435;110.6;50;11288518605;S
20241011;113435;110.6;630;11288518610;S
20241011;113435;110.6;970;11288518611;S
20241011;113442;110.6;10;11288518963;S
20241011;113453;110.62;10;11288519729;B
20241011;113454;110.6;20;11288519952;S
20241011;113454;110.62;540;11288519953;B
20241011;113454;110.62;440;11288519954;B
20241011;113454;110.62;140;11288519955;B
20241011;113457;110.62;20;11288520400;B
20241011;113457;110.62;20;11288520401;B
20241011;113457;110.62;50;11288520402;B
20241011;113504;110.62;30;11288521333;B
20241011;113504;110.62;30;11288521334;B
20241011;113504;110.62;10;11288521344;B
20241011;113507;110.62;60;11288522177;B
20241011;113507;110.62;60;11288522178;B
20241011;113507;110.62;200;11288522202;B
20241011;113507;110.62;40;11288522207;B
20241011;113507;110.62;500;11288522253;B
20241011;113511;110.62;30;11288522671;B
20241011;113515;110.62;100;11288523335;B
20241011;113518;110.6;210;11288523604;S
20241011;113518;110.62;10;11288523605;B
20241011;113518;110.62;10;11288523607;B
20241011;113519;110.62;100;11288523699;B
20241011;113523;110.62;30;11288523955;B
20241011;113523;110.62;20;11288523956;B
20241011;113539;110.62;30;11288525502;B
20241011;113543;110.6;30;11288525881;S
20241011;113546;110.6;330;11288526179;S
20241011;113546;110.6;220;11288526180;S
20241011;113546;110.6;20;11288526181;S
20241011;113546;110.6;30;11288526182;S
20241011;113556;110.6;470;11288526956;S
20241011;113556;110.6;50;11288526957;S
20241011;113556;110.6;100;11288526958;S
20241011;113556;110.6;1410;11288526959;S
20241011;113559;110.6;930;11288527297;S
20241011;113559;110.6;40;11288527298;S
20241011;113559;110.6;220;11288527299;S
20241011;113559;110.6;50;11288527300;S
20241011;113559;110.6;260;11288527301;S
20241011;113603;110.6;200;11288527549;S
20241011;113612;110.6;540;11288528053;S
20241011;113612;110.6;10;11288528054;S
20241011;113612;110.6;220;11288528055;S
20241011;113621;110.62;100;11288528577;B
20241011;113634;110.62;20;11288529451;B
20241011;113651;110.62;10;11288530653;B
20241011;113656;110.62;20;11288530922;B
20241011;113718;110.62;500;11288532506;B
20241011;113718;110.62;1290;11288532507;B
20241011;113720;110.62;500;11288532604;B
20241011;113743;110.62;150;11288534401;S
20241011;113840;110.64;10;11288538281;S
20241011;113902;110.64;80;11288539820;S
20241011;113934;110.7;100;11288542086;B
20241011;113934;110.7;130;11288542087;B
20241011;113942;110.7;10;11288542660;S
20241011;113946;110.7;10;11288542864;S
20241011;113959;110.7;10;11288543748;S
20241011;114026;110.72;600;11288545597;B
20241011;114029;110.7;40;11288545853;S
20241011;114138;110.7;10;11288551624;B
20241011;114144;110.7;10;11288552525;B
20241011;114144;110.7;10;11288552528;B
20241011;114150;110.7;30;11288553251;B
20241011;114153;110.7;110;11288553588;B
20241011;114153;110.7;210;11288553589;B
20241011;114153;110.74;10;11288553590;B
20241011;114201;110.72;10;11288554395;S
20241011;114202;110.72;10;11288554434;S
20241011;114203;110.7;100;11288554480;S
20241011;114215;110.74;10;11288555522;B
20241011;114217;110.74;10;11288555767;B
20241011;114220;110.74;20;11288556060;B
20241011;114220;110.74;80;11288556061;B
20241011;114221;110.74;750;11288556145;B
20241011;114230;110.72;10;11288556681;S
20241011;114230;110.74;10;11288556682;B
20241011;114230;110.7;10;11288556717;S
20241011;114234;110.74;20;11288557041;B
20241011;114234;110.74;20;11288557042;B
20241011;114234;110.74;20;11288557043;B
20241011;114238;110.74;10;11288557291;B
20241011;114238;110.74;30;11288557292;B
20241011;114238;110.74;10;11288557329;B
20241011;114254;110.74;10;11288558866;B
20241011;114256;110.74;20;11288559017;B
20241011;114323;110.74;20;11288561170;B
20241011;114359;110.78;10;11288563476;B
20241011;114404;110.78;990;11288563757;B
20241011;114404;110.78;10;11288563758;B
20241011;114413;110.78;220;11288564374;B
20241011;114413;110.8;30;11288564375;B
20241011;114432;110.8;70;11288565750;B
20241011;114449;110.8;90;11288567024;B
20241011;114450;110.8;90;11288567089;B
20241011;114457;110.76;10;11288567547;S
20241011;114531;110.76;10;11288570641;S
20241011;114543;110.78;30;11288571550;B
20241011;114547;110.78;20;11288571877;B
20241011;114551;110.8;10;11288572136;B
20241011;114554;110.8;120;11288572505;B
20241011;114554;110.8;230;11288572506;B
20241011;114554;110.82;10;11288572507;B
20241011;114600;110.82;10;11288573005;B
20241011;114603;110.82;20;11288573274;B
20241011;114606;110.8;10;11288573505;S
20241011;114615;110.8;40;11288574351;B
20241011;114619;110.78;10;11288574621;S
20241011;114628;110.8;210;11288575234;B
20241011;114628;110.8;20;11288575235;B
20241011;114628;110.82;580;11288575236;B
20241011;114640;110.82;20;11288576408;B
20241011;114719;110.8;20;11288578990;B
20241011;114719;110.82;10;11288579009;B
20241011;114735;110.82;80;11288579950;B
20241011;114821;110.8;10;11288583250;S
20241011;114821;110.82;10;11288583271;B
20241011;114828;110.8;10;11288583602;S
20241011;114832;110.82;10;11288583771;B
20241011;114833;110.82;10;11288583859;B
20241011;114904;110.82;290;11288585694;B
20241011;114904;110.82;50;11288585695;B
20241011;114904;110.82;200;11288585696;B
20241011;114904;110.82;460;11288585697;B
20241011;114904;110.82;40;11288585698;B
20241011;114908;110.82;10;11288586082;S
20241011;115018;110.9;500;11288590848;B
20241011;115037;110.82;10;11288592174;S
20241011;115037;110.86;10;11288592195;B
20241011;115233;110.9;10;11288601367;S
20241011;115238;110.9;10;11288601667;S
20241011;115240;110.92;10;11288601987;B
20241011;115250;110.92;30;11288602894;B
20241011;115301;110.92;70;11288603590;B
20241011;115301;110.92;10;11288603591;B
20241011;115303;110.9;90;11288603729;S
20241011;115303;110.84;10;11288603730;S
20241011;115303;110.82;40;11288603731;S
20241011;115303;110.82;200;11288603732;S
20241011;115303;110.82;160;11288603733;S
20241011;115309;110.92;30;11288604117;B
20241011;115326;110.9;10;11288605353;B
20241011;115333;110.92;20;11288605740;B
20241011;115337;110.92;20;11288606147;B
20241011;115337;110.92;20;11288606148;B
20241011;115344;110.92;10;11288606592;B
20241011;115344;110.92;10;11288606593;B
20241011;115356;110.92;30;11288607651;B
20241011;115356;110.92;40;11288607652;B
20241011;115406;110.92;10;11288611088;B
20241011;115443;110.92;10;11288622652;B
20241011;115447;110.92;170;11288623369;B
20241011;115511;110.92;10;11288626237;B
20241011;115511;110.92;10;11288626238;B
20241011;115511;110.92;80;11288626239;B
20241011;115516;110.92;150;11288626673;B
20241011;115516;110.94;10;11288626674;B
20241011;115516;110.94;60;11288626675;B
20241011;115516;110.96;250;11288626676;B
20241011;115516;110.96;60;11288626677;B
20241011;115516;110.96;300;11288626678;B
20241011;115516;110.98;250;11288626679;B
20241011;115516;110.98;240;11288626680;B
20241011;115516;111;500;11288626681;B
20241011;115516;111;10;11288626682;B
20241011;115516;111;2000;11288626683;B
20241011;115516;111;50;11288626684;B
20241011;115516;111;200;11288626685;B
20241011;115516;111.04;960;11288626686;B
20241011;115516;111.06;200;11288626687;B
20241011;115516;111.06;10;11288626688;B
20241011;115516;111.08;20;11288626689;B
20241011;115516;111.08;130;11288626690;B
20241011;115516;111.08;4560;11288626691;B
20241011;115611;111.02;10;11288632724;B
20241011;115710;111;90;11288637548;B
20241011;115915;110.96;100;11288646335;B
20241011;115915;110.98;100;11288646336;B
20241011;115915;110.98;80;11288646337;B
20241011;115915;111;160;11288646338;B
20241011;115934;111;20;11288647627;B
20241011;115941;111;10;11288648134;B
20241011;115954;110.98;20;11288649066;B
20241011;120052;110.96;20;11288653382;S
20241011;120112;110.96;10;11288655113;S
20241011;120117;110.98;80;11288655488;B
20241011;120117;111;10;11288655489;B
20241011;120117;111;60;11288655490;B
20241011;120130;110.98;40;11288656535;S
20241011;120133;110.98;10;11288656987;S
20241011;120135;110.98;10;11288657386;S
20241011;120227;111;200;11288662386;B
20241011;120227;111;30;11288662410;B
20241011;120342;110.98;140;11288668402;S
20241011;120451;110.98;40;11288673189;B
20241011;120452;110.96;70;11288673241;S
20241011;120503;110.96;20;11288674143;B
20241011;120515;110.94;20;11288674822;B
20241011;120604;110.92;10;11288678146;B
20241011;120639;110.9;20;11288681714;S
20241011;120639;110.86;10;11288681715;S
20241011;120639;110.86;20;11288681716;S
20241011;120747;110.86;10;11288687439;S
20241011;120816;110.86;10;11288689234;B
20241011;120823;110.8;10;11288689584;S
20241011;120829;110.8;190;11288689980;S
20241011;120829;110.8;110;11288689981;S
20241011;120831;110.86;30;11288690052;B
20241011;120857;110.82;450;11288692193;S
20241011;120901;110.82;20;11288692549;S
20241011;120901;110.82;30;11288692550;S
20241011;120910;110.8;40;11288693093;S
20241011;120910;110.8;20;11288693094;S
20241011;120910;110.8;60;11288693095;S
20241011;120910;110.8;10;11288693096;S
20241011;120939;110.8;10;11288695590;S
20241011;120955;110.82;10;11288698025;B
20241011;120955;110.82;200;11288698056;B
20241011;121029;110.8;80;11288702085;B
20241011;121037;110.76;40;11288702853;S
20241011;121043;110.8;10;11288703589;B
20241011;121107;110.76;10;11288705826;S
20241011;121119;110.76;60;11288707048;S
20241011;121119;110.76;90;11288707049;S
20241011;121119;110.76;20;11288707050;S
20241011;121123;110.76;10;11288707438;S
20241011;121123;110.76;30;11288707439;S
20241011;121123;110.76;20;11288707440;S
20241011;121133;110.76;20;11288708503;S
20241011;121133;110.76;20;11288708504;S
20241011;121133;110.76;480;11288708505;S
20241011;121133;110.76;20;11288708576;B
20241011;121142;110.74;70;11288709508;S
20241011;121142;110.74;180;11288709509;S
20241011;121142;110.74;40;11288709510;S
20241011;121142;110.72;750;11288709511;S
20241011;121152;110.72;160;11288710615;S
20241011;121152;110.72;60;11288710616;S
20241011;121153;110.72;20;11288710704;S
20241011;121153;110.72;20;11288710705;S
20241011;121153;110.72;10;11288710724;S
20241011;121153;110.72;10;11288710732;S
20241011;121153;110.72;20;11288710733;S
20241011;121157;110.72;110;11288711094;S
20241011;121200;110.74;60;11288711460;B
20241011;121212;110.7;190;11288712743;S
20241011;121212;110.74;10;11288712762;B
20241011;121212;110.74;10;11288712776;B
20241011;121213;110.74;10;11288712778;B
20241011;121214;110.74;10;11288712968;B
20241011;121215;110.74;10;11288712974;B
20241011;121216;110.8;10;11288713264;B
20241011;121257;110.76;10;11288718507;B
20241011;121427;110.7;100;11288728998;S
20241011;121437;110.7;120;11288729983;S
20241011;121442;110.7;200;11288730219;S
20241011;121444;110.7;140;11288730365;S
20241011;121446;110.7;250;11288730552;S
20241011;121446;110.7;150;11288730553;S
20241011;121452;110.7;160;11288730970;S
20241011;121453;110.7;960;11288731011;S
20241011;121500;110.66;60;11288731618;S
20241011;121500;110.66;10;11288731619;S
20241011;121500;110.66;70;11288731620;S
20241011;121505;110.64;30;11288731993;S
20241011;121505;110.64;10;11288731994;S
20241011;121505;110.64;100;11288731995;S
20241011;121506;110.7;10;11288732007;B
20241011;121523;110.68;170;11288733422;B
20241011;121523;110.68;80;11288733423;B
20241011;121525;110.68;20;11288733514;B
20241011;121525;110.68;100;11288733515;B
20241011;121525;110.68;100;11288733516;B
20241011;121525;110.68;20;11288733517;B
20241011;121534;110.68;80;11288734417;B
20241011;121534;110.7;10;11288734418;B
20241011;121534;110.72;10;11288734419;B
20241011;121601;110.74;10;11288736990;B
20241011;121604;110.68;10;11288737681;S
20241011;121604;110.68;10;11288737682;S
20241011;121606;110.7;10;11288738151;B
20241011;121607;110.66;1650;11288738366;S
20241011;121607;110.64;300;11288738367;S
20241011;121608;110.64;20;11288738593;B
20241011;121611;110.64;10;11288739019;B
20241011;121618;110.64;100;11288739554;B
20241011;121622;110.64;10;11288740062;B
20241011;121625;110.64;100;11288740463;B
20241011;121631;110.64;150;11288741222;B
20241011;121632;110.64;150;11288741383;B
20241011;121632;110.62;10;11288741384;S
20241011;121637;110.64;300;11288741939;B
20241011;121637;110.62;20;11288741940;S
20241011;121642;110.62;10;11288742400;S
20241011;121647;110.64;10;11288742871;B
20241011;121648;110.62;150;11288742986;S
20241011;121650;110.62;20;11288743079;S
20241011;121650;110.62;40;11288743156;S
20241011;121650;110.62;70;11288743157;S
20241011;121650;110.62;140;11288743158;S
20241011;121703;110.62;200;11288745534;B
20241011;121705;110.6;50;11288745964;S
20241011;121705;110.6;230;11288745989;S
20241011;121705;110.6;10;11288745990;S
20241011;121705;110.6;10;11288745991;S
20241011;121705;110.6;10;11288745992;S
20241011;121705;110.6;10;11288745993;S
20241011;121705;110.6;430;11288745994;S
20241011;121707;110.6;10;11288746435;S
20241011;121707;110.6;10;11288746436;S
20241011;121709;110.6;10;11288747498;S
20241011;121712;110.6;40;11288748290;S
20241011;121712;110.6;10;11288748291;S
20241011;121712;110.6;40;11288748292;S
20241011;121712;110.6;50;11288748293;S
20241011;121712;110.6;30;11288748294;S
20241011;121712;110.6;10;11288748295;S
20241011;121714;110.6;10;11288748681;S
20241011;121714;110.6;60;11288748682;S
20241011;121714;110.6;10;11288748768;S
20241011;121715;110.6;10;11288748835;S
20241011;121717;110.6;10;11288749305;S
20241011;121717;110.6;10;11288749314;S
20241011;121720;110.6;20;11288749717;S
20241011;121720;110.6;300;11288749718;S
20241011;121722;110.6;20;11288749945;S
20241011;121731;110.6;290;11288751444;S
20241011;121731;110.6;50;11288751445;S
20241011;121731;110.58;550;11288751450;S
20241011;121733;110.6;90;11288751700;B
20241011;121734;110.58;1700;11288751889;S
20241011;121734;110.58;1200;11288751890;S
20241011;121735;110.58;100;11288752122;S
20241011;121735;110.58;10;11288752136;S
20241011;121742;110.6;100;11288752956;S
20241011;121742;110.6;10;11288752988;S
20241011;121742;110.6;30;11288752989;S
20241011;121746;110.62;800;11288753452;B
20241011;121751;110.6;240;11288754050;S
20241011;121751;110.6;10;11288754051;S
20241011;121751;110.6;10;11288754052;S
20241011;121757;110.58;200;11288754583;S
20241011;121805;110.6;140;11288755309;B
20241011;121805;110.6;20;11288755398;S
20241011;121805;110.6;10;11288755399;S
20241011;121805;110.6;10;11288755400;S
20241011;121811;110.6;10;11288756019;S
20241011;121812;110.64;10;11288756023;B
20241011;121835;110.64;100;11288758493;S
20241011;121852;110.68;10;11288759862;B
20241011;121914;110.62;10;11288761434;S
20241011;121948;110.62;20;11288766137;S
20241011;121954;110.62;210;11288766622;S
20241011;121954;110.62;140;11288766623;S
20241011;122012;110.62;70;11288768654;B
20241011;122023;110.62;580;11288769923;B
20241011;122046;110.66;20;11288774824;B
20241011;122121;110.66;50;11288783157;B
20241011;122123;110.66;20;11288783603;S
20241011;122142;110.68;310;11288786717;B
20241011;122142;110.68;60;11288786718;B
20241011;122142;110.7;300;11288786719;B
20241011;122142;110.7;60;11288786720;B
20241011;122207;110.72;60;11288790127;B
20241011;122221;110.74;930;11288791046;B
20241011;122236;110.66;20;11288792615;S
20241011;122306;110.72;10;11288796324;B
20241011;122344;110.7;50;11288799401;B
20241011;122417;110.72;100;11288801955;B
20241011;122443;110.74;10;11288804044;B
20241011;122457;110.7;250;11288805427;S
20241011;122457;110.7;350;11288805428;S
20241011;122514;110.72;10;11288807306;B
20241011;122544;110.74;10;11288809733;B
20241011;122603;110.74;10;11288810872;B
20241011;122626;110.72;10;11288812513;S
20241011;122626;110.72;50;11288812514;S
20241011;122626;110.7;520;11288812515;S
20241011;122709;110.74;200;11288816245;B
20241011;122722;110.72;20;11288817201;S
20241011;122727;110.74;830;11288817582;B
20241011;122727;110.74;250;11288817583;B
20241011;122727;110.74;200;11288817584;B
20241011;122738;110.76;30;11288818382;S
20241011;122805;110.78;60;11288820145;S
20241011;122828;110.78;40;11288821558;S
20241011;122841;110.76;100;11288822500;S
20241011;122841;110.74;400;11288822501;S
20241011;122845;110.74;140;11288822751;S
20241011;122845;110.72;10;11288822752;S
20241011;122910;110.7;160;11288825557;S
20241011;122918;110.7;300;11288826137;S
20241011;122928;110.72;10;11288827248;B
20241011;122944;110.7;170;11288828647;S
20241011;122944;110.7;2000;11288828648;S
20241011;122944;110.7;30;11288828649;S
20241011;122944;110.7;800;11288828650;S
20241011;122944;110.7;40;11288828651;S
20241011;123003;110.72;40;11288830413;B
20241011;123027;110.76;10;11288833807;B
20241011;123042;110.7;10;11288836214;S
20241011;123042;110.74;10;11288836233;B
20241011;123054;110.74;10;11288837527;B
20241011;123104;110.72;10;11288838901;B
20241011;123105;110.7;100;11288839033;S
20241011;123256;110.7;10;11288849057;S
20241011;123256;110.7;30;11288849060;S
20241011;123311;110.72;460;11288850169;S
20241011;123344;110.72;10;11288852955;S
20241011;123356;110.76;10;11288853852;B
20241011;123414;110.72;250;11288855911;S
20241011;123422;110.74;50;11288856587;B
20241011;123431;110.7;10;11288857293;S
20241011;123431;110.68;10;11288857294;S
20241011;123431;110.68;40;11288857295;S
20241011;123433;110.68;30;11288857509;B
20241011;123448;110.66;30;11288860150;S
20241011;123448;110.66;2000;11288860151;S
20241011;123448;110.64;10;11288860152;S
20241011;123448;110.64;70;11288860153;S
20241011;123450;110.62;50;11288860471;S
20241011;123450;110.62;160;11288860472;S
20241011;123451;110.64;50;11288860865;B
20241011;123510;110.62;170;11288864873;S
20241011;123518;110.62;10;11288866263;S
20241011;123536;110.62;10;11288869354;S
20241011;123537;110.62;30;11288869579;S
20241011;123538;110.64;130;11288869648;B
20241011;123538;110.66;270;11288869649;B
20241011;123551;110.64;10;11288871441;B
20241011;123625;110.66;300;11288876673;B
20241011;123635;110.66;210;11288877598;B
20241011;123636;110.66;10;11288877724;B
20241011;123641;110.66;2000;11288878536;B
20241011;123641;110.66;600;11288878537;B
20241011;123641;110.66;80;11288878538;B
20241011;123652;110.66;180;11288879712;B
20241011;123700;110.7;1000;11288880457;B
20241011;123737;110.68;10;11288884283;S
20241011;123741;110.7;30;11288884532;B
20241011;123758;110.7;20;11288885803;B
20241011;123758;110.8;100;11288885862;B
20241011;123805;110.78;10;11288886420;B
20241011;123807;110.8;40;11288886563;B
20241011;123820;110.78;10;11288887482;B
20241011;123847;110.78;50;11288889670;B
20241011;123909;110.78;20;11288891395;B
20241011;123924;110.7;10;11288892442;S
20241011;123924;110.68;20;11288892443;S
20241011;123924;110.68;130;11288892444;S
20241011;123924;110.66;820;11288892445;S
20241011;123924;110.66;20;11288892446;S
20241011;124022;110.68;20;11288896848;S
20241011;124022;110.66;10;11288896849;S
20241011;124107;110.74;100;11288900632;B
20241011;124136;110.74;50;11288903204;B
20241011;124241;110.74;60;11288910525;B
20241011;124249;110.74;60;11288911773;B
20241011;124320;110.68;50;11288914622;S
20241011;124320;110.68;80;11288914623;S
20241011;124406;110.68;10;11288918836;S
20241011;124414;110.68;120;11288920549;S
20241011;124440;110.74;390;11288923192;B
20241011;124441;110.72;20;11288923270;S
20241011;124451;110.72;20;11288924250;S
20241011;124458;110.72;70;11288924754;S
20241011;124514;110.76;300;11288926519;B
20241011;124514;110.76;10;11288926520;B
20241011;124514;110.8;250;11288926562;B
20241011;124514;110.8;200;11288926563;B
20241011;124514;110.8;50;11288926564;B
20241011;124514;110.8;10;11288926565;B
20241011;124627;110.74;10;11288933076;S
20241011;124714;110.82;20;11288936858;B
20241011;124714;110.82;10;11288936859;B
20241011;124714;110.82;10;11288936860;B
20241011;124714;110.82;10;11288936861;B
20241011;124730;110.82;90;11288938036;B
20241011;124737;110.82;100;11288938468;B
20241011;124737;110.82;400;11288938469;B
20241011;124754;110.82;10;11288939739;S
20241011;124759;110.82;400;11288940063;S
20241011;124810;110.84;10;11288940856;B
20241011;124831;110.84;50;11288942186;B
20241011;124844;110.82;90;11288943077;S
20241011;124855;110.8;10;11288943852;B
20241011;125024;110.8;20;11288950969;B
20241011;125025;110.8;20;11288951054;B
20241011;125039;110.74;10;11288952094;S
20241011;125133;110.74;20;11288956139;S
20241011;125133;110.72;90;11288956140;S
20241011;125133;110.72;20;11288956141;S
20241011;125133;110.7;10;11288956142;S
20241011;125133;110.7;230;11288956143;S
20241011;125133;110.7;400;11288956144;S
20241011;125133;110.7;2120;11288956145;B
20241011;125133;110.7;1110;11288956146;B
20241011;125145;110.7;50;11288956955;S
20241011;125208;110.8;20;11288958771;B
20241011;125241;110.8;140;11288961533;B
20241011;125242;110.82;100;11288961587;B
20241011;125305;110.82;30;11288963295;B
20241011;125307;110.72;10;11288963445;S
20241011;125307;110.72;40;11288963446;S
20241011;125307;110.7;200;11288963447;S
20241011;125307;110.7;10;11288963448;S
20241011;125307;110.7;40;11288963449;S
20241011;125307;110.7;900;11288963450;S
20241011;125307;110.7;50;11288963451;B
20241011;125307;110.7;1640;11288963452;B
20241011;125307;110.7;3390;11288963453;B
20241011;125310;110.7;150;11288963623;B
20241011;125321;110.7;50;11288964413;B
20241011;125339;110.7;3720;11288965526;B
20241011;125343;110.7;30;11288965936;B
20241011;125343;110.7;30;11288965937;B
20241011;125343;110.7;500;11288965939;B
20241011;125346;110.7;10;11288966111;B
20241011;125346;110.7;10;11288966112;B
20241011;125349;110.7;10;11288966321;B
20241011;125349;110.7;10;11288966322;B
20241011;125352;110.7;10;11288966549;B
20241011;125352;110.7;50;11288966573;B
20241011;125401;110.68;100;11288967347;S
20241011;125408;110.7;270;11288967838;B
20241011;125413;110.7;100;11288968161;B
20241011;125414;110.7;10;11288968258;B
20241011;125455;110.7;10;11288971493;B
20241011;125529;110.7;160;11288974129;B
20241011;125559;110.7;10;11288976124;B
20241011;125634;110.7;10;11288978717;B
20241011;125654;110.7;250;11288980345;B
20241011;125657;110.7;40;11288980551;B
20241011;125757;110.7;30;11288984765;B
20241011;125809;110.7;4000;11288985434;B
20241011;125809;110.7;1500;11288985435;B
20241011;125838;110.7;50;11288987248;B
20241011;125841;110.7;40;11288987460;B
20241011;125846;110.7;50;11288987720;B
20241011;125849;110.68;300;11288987885;S
20241011;125919;110.7;10;11288989638;B
20241011;125924;110.68;500;11288990052;S
20241011;125924;110.68;500;11288990053;S
20241011;125924;110.68;520;11288990054;S
20241011;125924;110.68;310;11288990055;S
20241011;125930;110.68;20;11288990402;S
20241011;125930;110.68;60;11288990403;S
20241011;125938;110.68;90;11288990973;S
20241011;125941;110.68;230;11288991185;S
20241011;125941;110.68;60;11288991186;S
20241011;125943;110.7;10;11288991343;B
20241011;125947;110.68;10;11288991540;S
20241011;130005;110.7;220;11288992435;B
20241011;130005;110.68;10;11288992481;S
20241011;130005;110.68;10;11288992482;S
20241011;130020;110.68;20;11288993399;S
20241011;130020;110.68;30;11288993400;S
20241011;130031;110.68;20;11288993956;S
20241011;130031;110.68;30;11288993957;S
20241011;130043;110.68;10;11288994639;S
20241011;130051;110.68;20;11288995052;S
20241011;130051;110.68;20;11288995053;S
20241011;130059;110.7;10;11288995635;B
20241011;130059;110.68;20;11288995636;S
20241011;130109;110.7;3180;11288996146;B
20241011;130109;110.7;20;11288996147;B
20241011;130109;110.7;130;11288996148;B
20241011;130109;110.7;260;11288996149;B
20241011;130109;110.7;1000;11288996150;B
20241011;130109;110.72;410;11288996151;B
20241011;130129;110.72;10;11288997633;B
20241011;130207;110.72;10;11289000314;B
20241011;130213;110.72;10;11289000757;B
20241011;130228;110.68;30;11289001825;S
20241011;130229;110.72;10;11289001876;B
20241011;130238;110.68;50;11289002518;S
20241011;130245;110.68;10;11289002920;S
20241011;130259;110.68;100;11289003791;S
20241011;130309;110.68;50;11289004386;S
20241011;130324;110.7;10;11289005454;B
20241011;130324;110.72;10;11289005455;B
20241011;130330;110.68;70;11289005972;S
20241011;130338;110.72;10;11289006544;B
20241011;130403;110.72;590;11289008098;B
20241011;130429;110.72;10;11289009965;B
20241011;130429;110.72;1000;11289009968;B
20241011;130441;110.72;40;11289010782;B
20241011;130442;110.72;2000;11289010831;B
20241011;130443;110.72;180;11289010893;B
20241011;130446;110.7;10;11289011069;S
20241011;130446;110.7;210;11289011070;S
20241011;130451;110.7;230;11289011525;S
20241011;130453;110.7;30;11289011616;S
20241011;130456;110.7;80;11289011821;S
20241011;130456;110.7;70;11289011822;S
20241011;130507;110.72;10;11289012654;B
20241011;130518;110.7;10;11289013397;S
20241011;130529;110.72;100;11289014206;B
20241011;130646;110.72;10;11289020665;B
20241011;130654;110.7;20;11289021489;S
20241011;130654;110.7;10;11289021490;S
20241011;130654;110.7;340;11289021491;S
20241011;130701;110.72;10;11289022248;B
20241011;130707;110.72;270;11289022823;B
20241011;130707;110.7;30;11289022824;S
20241011;130707;110.7;30;11289022825;S
20241011;130707;110.7;100;11289022826;S
20241011;130712;110.7;10;11289023199;S
20241011;130712;110.7;40;11289023200;S
20241011;130714;110.7;20;11289023439;S
20241011;130721;110.7;20;11289023900;S
20241011;130721;110.7;10;11289023901;S
20241011;130740;110.7;10;11289025296;S
20241011;130744;110.7;20;11289025662;S
20241011;130754;110.72;10;11289026403;B
20241011;130754;110.7;10;11289026417;S
20241011;130755;110.7;30;11289026546;S
20241011;130802;110.7;10;11289027066;S
20241011;130802;110.7;10;11289027067;S
20241011;130809;110.7;10;11289027721;S
20241011;130809;110.7;10;11289027722;S
20241011;130809;110.7;10;11289027723;S
20241011;130810;110.7;280;11289027829;S
20241011;130810;110.7;160;11289027830;S
20241011;130810;110.7;260;11289027831;S
20241011;130810;110.7;800;11289027832;S
20241011;130817;110.7;200;11289028302;S
20241011;130817;110.7;10;11289028303;S
20241011;130817;110.7;10;11289028304;S
20241011;130830;110.7;1780;11289029151;B
20241011;130830;110.7;460;11289029152;B
20241011;130830;110.72;700;11289029153;B
20241011;130830;110.72;130;11289029154;B
20241011;130830;110.72;460;11289029155;B
20241011;130830;110.74;280;11289029156;S
20241011;130838;110.74;30;11289029969;S
20241011;130841;110.74;40;11289030175;S
20241011;130841;110.74;40;11289030176;S
20241011;130851;110.74;20;11289030880;S
20241011;130851;110.74;140;11289030881;S
20241011;130856;110.76;10;11289031247;B
20241011;130856;110.8;10;11289031248;B
20241011;130858;110.78;10;11289031444;S
20241011;130905;110.78;30;11289031921;S
20241011;130905;110.78;50;11289031922;S
20241011;130911;110.78;10;11289032345;S
20241011;130911;110.78;10;11289032346;S
20241011;130916;110.78;10;11289032701;S
20241011;130921;110.78;10;11289032977;S
20241011;130921;110.78;20;11289032978;S
20241011;130925;110.78;20;11289033460;S
20241011;130925;110.78;10;11289033462;S
20241011;130939;110.8;10;11289034453;B
20241011;130951;110.78;30;11289035794;S
20241011;130951;110.78;40;11289035795;S
20241011;131009;110.78;20;11289037547;S
20241011;131011;110.78;100;11289037649;S
20241011;131014;110.78;50;11289037911;S
20241011;131030;110.82;30;11289039138;B
20241011;131030;110.82;320;11289039139;B
20241011;131030;110.84;50;11289039140;B
20241011;131030;110.84;800;11289039141;B
20241011;131030;110.86;250;11289039142;B
20241011;131030;110.86;130;11289039143;B
20241011;131030;110.86;3470;11289039144;B
20241011;131030;110.86;10;11289039145;S
20241011;131030;110.86;30;11289039146;S
20241011;131030;110.86;60;11289039147;S
20241011;131036;110.86;20;11289039681;S
20241011;131039;110.86;20;11289039849;S
20241011;131046;110.86;50;11289040473;S
20241011;131049;110.86;20;11289040898;S
20241011;131049;110.86;20;11289040899;S
20241011;131100;110.86;10;11289041629;S
20241011;131101;110.86;20;11289041676;S
20241011;131103;110.86;10;11289041817;S
20241011;131113;110.86;10;11289042560;S
20241011;131113;110.86;10;11289042561;S
20241011;131114;110.88;10;11289042766;B
20241011;131130;110.86;30;11289044088;S
20241011;131130;110.86;20;11289044089;S
20241011;131130;110.86;500;11289044091;S
20241011;131144;110.86;20;11289045291;S
20241011;131144;110.86;20;11289045292;S
20241011;131147;110.86;20;11289045450;S
20241011;131147;110.86;20;11289045451;S
20241011;131151;110.86;10;11289045749;S
20241011;131157;110.86;10;11289046136;S
20241011;131157;110.86;20;11289046137;S
20241011;131200;110.86;20;11289046359;S
20241011;131200;110.86;10;11289046360;S
20241011;131207;110.86;30;11289046984;S
20241011;131207;110.86;10;11289046985;S
20241011;131222;110.88;50;11289048114;B
20241011;131222;110.88;200;11289048166;B
20241011;131222;110.88;840;11289048167;B
20241011;131225;110.86;20;11289048415;S
20241011;131227;110.86;10;11289048573;S
20241011;131229;110.86;10;11289048732;S
20241011;131238;110.86;10;11289049529;S
20241011;131243;110.86;10;11289049975;S
20241011;131243;110.86;10;11289049976;S
20241011;131246;110.86;90;11289050302;S
20241011;131249;110.86;10;11289050544;S
20241011;131253;110.86;10;11289050825;S
20241011;131253;110.86;10;11289050826;S
20241011;131258;110.88;40;11289051477;B
20241011;131259;110.86;10;11289051561;S
20241011;131259;110.86;10;11289051562;S
20241011;131300;110.86;20;11289051699;S
20241011;131302;110.86;10;11289051790;S
20241011;131302;110.86;30;11289051904;S
20241011;131305;110.86;370;11289052058;S
20241011;131309;110.88;20;11289052691;B
20241011;131331;110.86;20;11289055094;B
20241011;131354;110.84;10;11289066810;B
20241011;131433;110.78;150;11289107799;S
20241011;131434;110.78;20;11289108635;S
20241011;131437;110.82;10;11289111210;B
20241011;131507;110.78;150;11289136266;S
20241011;131508;110.78;50;11289137519;S
20241011;131541;110.82;10;11289169110;B
20241011;131716;110.78;10;11289191971;S
20241011;131733;110.78;20;11289193920;S
20241011;131737;110.8;10;11289194352;B
20241011;131829;110.78;10;11289198661;S
20241011;131841;110.78;10;11289199799;S
20241011;131903;110.8;10;11289201438;B
20241011;131905;110.8;200;11289201585;B
20241011;131933;110.8;10;11289204028;B
20241011;131936;110.8;20;11289204277;B
20241011;131951;110.8;20;11289205595;B
20241011;132014;110.8;20;11289208206;B
20241011;132104;110.78;20;11289214014;S
20241011;132112;110.8;20;11289214667;B
20241011;132112;110.8;190;11289214668;B
20241011;132112;110.8;200;11289214669;B
20241011;132112;110.8;100;11289214670;B
20241011;132129;110.82;100;11289216574;B
20241011;132148;110.8;900;11289218310;S
20241011;132152;110.82;250;11289218828;B
20241011;132156;110.82;10;11289219400;B
20241011;132207;110.82;100;11289220993;B
20241011;132212;110.82;10;11289221652;B
20241011;132216;110.82;220;11289222059;B
20241011;132222;110.82;800;11289222497;B
20241011;132222;110.82;110;11289222498;B
20241011;132229;110.8;100;11289223241;S
20241011;132232;110.84;90;11289223850;B
20241011;132232;110.84;10;11289223851;B
20241011;132234;110.86;1000;11289224563;B
20241011;132234;110.86;10;11289224564;B
20241011;132234;110.86;1000;11289224565;B
20241011;132234;110.86;1000;11289224566;B
20241011;132238;110.92;20;11289225122;B
20241011;132527;110.88;10;11289240270;B
20241011;132549;110.88;10;11289241886;B
20241011;132633;110.92;30;11289246234;B
20241011;132642;110.92;10;11289247305;B
20241011;132655;110.9;10;11289248463;S
20241011;132655;110.88;10;11289248464;S
20241011;132828;110.88;50;11289256210;S
20241011;132845;110.92;10;11289257922;B
20241011;132845;110.88;70;11289257941;S
20241011;132845;110.86;100;11289257942;S
20241011;132845;110.86;70;11289257943;S
20241011;132845;110.82;960;11289257944;S
20241011;132933;110.8;300;11289261442;S
20241011;132956;110.8;190;11289263042;S
20241011;132956;110.8;10;11289263043;S
20241011;133000;110.8;50;11289263413;S
20241011;133001;110.8;40;11289263466;S
20241011;133001;110.8;60;11289263467;S
20241011;133003;110.8;100;11289263675;S
20241011;133014;110.9;220;11289264537;B
20241011;133014;110.9;120;11289264538;B
20241011;133014;110.9;800;11289264539;B
20241011;133050;110.9;20;11289267745;B
20241011;133144;110.8;50;11289272256;S
20241011;133314;110.88;10;11289280351;B
20241011;133443;110.8;10;11289289021;S
20241011;133443;110.8;10;11289289022;S
20241011;133556;110.88;10;11289298821;B
20241011;133707;110.88;10;11289307511;B
20241011;133747;110.8;10;11289312511;S
20241011;133751;110.8;10;11289312873;S
20241011;133751;110.8;350;11289312874;S
20241011;133758;110.8;100;11289313873;S
20241011;133801;110.8;50;11289314167;S
20241011;133801;110.8;20;11289314168;S
20241011;133801;110.8;850;11289314169;S
20241011;133801;110.8;150;11289314170;S
20241011;133801;110.8;200;11289314171;S
20241011;133801;110.8;40;11289314172;S
20241011;133801;110.8;10;11289314224;B
20241011;133814;110.78;10;11289315579;S
20241011;133816;110.8;10;11289315733;B
20241011;133827;110.8;10;11289316706;B
20241011;133839;110.8;420;11289317888;B
20241011;133839;110.8;30;11289317889;B
20241011;133845;110.8;10;11289318311;B
20241011;133900;110.78;10;11289319660;S
20241011;133910;110.78;120;11289320533;S
20241011;133910;110.78;200;11289320534;S
20241011;133910;110.78;40;11289320535;S
20241011;133910;110.78;10;11289320536;S
20241011;133910;110.78;10;11289320537;S
20241011;133910;110.78;10;11289320538;S
20241011;133910;110.78;10;11289320539;S
20241011;133910;110.78;10;11289320540;S
20241011;133913;110.78;590;11289320785;B
20241011;133913;110.8;130;11289320786;B
20241011;133913;110.82;280;11289320787;B
20241011;133929;110.88;10;11289322262;B
20241011;133934;110.8;500;11289322587;S
20241011;133945;110.74;230;11289323289;S
20241011;133945;110.74;150;11289323290;S
20241011;133956;110.72;10;11289324363;S
20241011;133956;110.72;10;11289324364;S
20241011;133956;110.72;50;11289324365;S
20241011;134003;110.72;10;11289324968;B
20241011;134005;110.7;10;11289325229;S
20241011;134005;110.7;30;11289325230;S
20241011;134008;110.7;20;11289325606;S
20241011;134008;110.68;10;11289325623;S
20241011;134011;110.7;10;11289325797;B
20241011;134021;110.68;710;11289326648;S
20241011;134021;110.68;20;11289326649;S
20241011;134021;110.68;200;11289326650;S
20241011;134025;110.68;10;11289326980;B
20241011;134029;110.68;10;11289327171;B
20241011;134030;110.66;10;11289327316;S
20241011;134030;110.66;840;11289327317;S
20241011;134030;110.66;150;11289327318;S
20241011;134040;110.68;50;11289327990;B
20241011;134040;110.7;260;11289327991;B
20241011;134040;110.7;710;11289328004;B
20241011;134040;110.72;920;11289328005;B
20241011;134040;110.72;150;11289328006;B
20241011;134042;110.72;20;11289328048;S
20241011;134049;110.72;10;11289328727;S
20241011;134116;110.7;800;11289330668;S
20241011;134116;110.7;120;11289330669;S
20241011;134147;110.68;1500;11289332733;S
20241011;134302;110.68;50;11289338960;S
20241011;134310;110.7;10;11289339574;B
20241011;134315;110.68;30;11289340030;S
20241011;134321;110.68;690;11289340696;S
20241011;134321;110.68;430;11289340697;S
20241011;134322;110.7;10;11289340787;B
20241011;134324;110.68;100;11289340970;S
20241011;134324;110.7;30;11289340971;B
20241011;134324;110.7;10;11289340972;B
20241011;134324;110.72;10;11289340973;B
20241011;134324;110.76;10;11289340974;B
20241011;134337;110.74;50;11289342304;B
20241011;134352;110.74;180;11289343909;B
20241011;134352;110.78;10;11289343910;B
20241011;134352;110.78;10;11289343911;B
20241011;134352;110.78;200;11289343912;B
20241011;134510;110.78;10;11289352392;B
20241011;134529;110.7;20;11289354228;S
20241011;134601;110.68;50;11289357208;S
20241011;134610;110.68;2850;11289358364;S
20241011;134611;110.66;100;11289358457;S
20241011;134614;110.7;20;11289358735;B
20241011;134614;110.66;160;11289358756;S
20241011;134630;110.68;110;11289360071;B
20241011;134630;110.7;80;11289360072;B
20241011;134630;110.7;200;11289360073;B
20241011;134705;110.72;10;11289366025;B
20241011;134705;110.7;20;11289366052;S
20241011;134727;110.7;10;11289368334;S
20241011;134803;110.7;150;11289374607;S
20241011;134815;110.72;10;11289376677;B
20241011;134824;110.7;40;11289378195;S
20241011;134841;110.7;200;11289379704;S
20241011;134844;110.72;10;11289380011;B
20241011;134919;110.72;80;11289382837;B
20241011;134919;110.72;920;11289382838;B
20241011;134928;110.72;40;11289383580;B
20241011;134951;110.72;30;11289385315;B
20241011;135025;110.72;700;11289388261;B
20241011;135041;110.7;10;11289389397;S
20241011;135113;110.72;50;11289392486;B
20241011;135130;110.7;10;11289394339;S
20241011;135157;110.72;90;11289397893;B
20241011;135204;110.7;170;11289399043;S
20241011;135204;110.7;830;11289399044;S
20241011;135236;110.7;40;11289403383;S
20241011;135253;110.72;10;11289405089;B
20241011;135259;110.72;100;11289405588;B
20241011;135259;110.7;130;11289405592;S
20241011;135259;110.7;20;11289405593;S
20241011;135259;110.7;50;11289405594;S
20241011;135317;110.7;200;11289407706;S
20241011;135326;110.7;240;11289409363;S
20241011;135332;110.7;500;11289409882;S
20241011;135346;110.7;10;11289411312;S
20241011;135415;110.66;10;11289414190;S
20241011;135418;110.68;160;11289414369;B
20241011;135418;110.66;580;11289414411;S
20241011;135418;110.62;100;11289414412;S
20241011;135418;110.62;10;11289414413;S
20241011;135418;110.62;150;11289414414;S
20241011;135418;110.6;810;11289414415;S
20241011;135418;110.6;10;11289414416;S
20241011;135418;110.6;40;11289414417;S
20241011;135418;110.6;300;11289414418;S
20241011;135418;110.6;10;11289414419;S
20241011;135418;110.6;10;11289414420;S
20241011;135418;110.6;50;11289414421;S
20241011;135418;110.6;500;11289414422;S
20241011;135418;110.6;40;11289414423;S
20241011;135418;110.6;30;11289414424;S
20241011;135418;110.6;10;11289414425;S
20241011;135418;110.6;500;11289414426;S
20241011;135418;110.6;10;11289414427;S
20241011;135418;110.6;50;11289414428;S
20241011;135418;110.6;50;11289414429;S
20241011;135418;110.6;50;11289414430;S
20241011;135418;110.6;20;11289414431;S
20241011;135418;110.6;100;11289414432;S
20241011;135418;110.6;490;11289414433;S
20241011;135418;110.6;10;11289414434;S
20241011;135418;110.6;60;11289414435;S
20241011;135418;110.6;20;11289414436;S
20241011;135418;110.58;25990;11289414437;S
20241011;135419;110.58;2070;11289414438;S
20241011;135419;110.58;1500;11289414439;S
20241011;135419;110.58;640;11289414440;S
20241011;135419;110.64;10;11289414442;S
20241011;135421;110.58;620;11289414661;S
20241011;135421;110.58;50;11289414662;S
20241011;135421;110.58;1000;11289414663;S
20241011;135421;110.58;10;11289414664;S
20241011;135421;110.58;10;11289414665;S
20241011;135421;110.58;50;11289414666;S
20241011;135421;110.58;100;11289414667;S
20241011;135421;110.58;10;11289414668;S
20241011;135421;110.58;20;11289414669;S
20241011;135421;110.58;30;11289414670;S
20241011;135421;110.58;10;11289414671;S
20241011;135421;110.58;10;11289414672;S
20241011;135421;110.58;10;11289414673;S
20241011;135421;110.58;10;11289414674;S
20241011;135421;110.58;170;11289414675;S
20241011;135421;110.56;200;11289414676;S
20241011;135421;110.56;50;11289414677;S
20241011;135421;110.56;100;11289414678;S
20241011;135421;110.54;100;11289414679;S
20241011;135421;110.54;660;11289414680;S
20241011;135421;110.52;20;11289414703;S
20241011;135421;110.52;90;11289414704;S
20241011;135421;110.52;70;11289414705;S
20241011;135421;110.52;10;11289414706;S
20241011;135421;110.52;20;11289414707;S
20241011;135421;110.52;10;11289414708;S
20241011;135421;110.52;10;11289414709;S
20241011;135421;110.52;10;11289414710;S
20241011;135421;110.52;10;11289414711;S
20241011;135421;110.52;60;11289414712;S
20241011;135421;110.52;10;11289414713;S
20241011;135421;110.52;10;11289414714;S
20241011;135421;110.52;360;11289414717;S
20241011;135421;110.5;1660;11289414718;S
20241011;135421;110.54;230;11289414719;B
20241011;135421;110.5;170;11289414725;S
20241011;135422;110.5;190;11289414868;S
20241011;135422;110.52;10;11289414873;B
20241011;135425;110.5;20;11289415181;S
20241011;135430;110.54;10;11289415823;B
20241011;135438;110.52;30;11289416561;S
20241011;135446;110.52;100;11289417921;S
20241011;135446;110.5;100;11289418037;S
20241011;135447;110.5;100;11289418100;S
20241011;135452;110.5;7050;11289418563;S
20241011;135452;110.5;30;11289418564;S
20241011;135452;110.5;100;11289418565;S
20241011;135452;110.5;9810;11289418566;S
20241011;135453;110.5;400;11289418700;S
20241011;135453;110.5;400;11289418733;S
20241011;135456;110.56;10;11289418891;B
20241011;135458;110.5;880;11289419134;S
20241011;135501;110.5;510;11289419487;S
20241011;135501;110.5;10;11289419488;S
20241011;135501;110.5;250;11289419489;S
20241011;135501;110.5;100;11289419490;S
20241011;135501;110.5;100;11289419491;S
20241011;135501;110.5;10;11289419492;S
20241011;135501;110.5;10;11289419493;S
20241011;135501;110.5;50;11289419494;S
20241011;135501;110.5;10;11289419495;S
20241011;135501;110.5;10;11289419496;S
20241011;135501;110.5;10;11289419497;S
20241011;135501;110.5;50;11289419498;S
20241011;135501;110.5;10;11289419499;S
20241011;135501;110.5;20;11289419500;S
20241011;135501;110.5;50;11289419501;S
20241011;135501;110.5;100;11289419502;S
20241011;135501;110.5;10;11289419503;S
20241011;135501;110.5;20;11289419504;S
20241011;135501;110.5;10;11289419505;S
20241011;135501;110.5;60;11289419506;S
20241011;135501;110.5;10;11289419507;S
20241011;135501;110.5;30;11289419508;S
20241011;135501;110.5;20;11289419509;S
20241011;135501;110.5;20;11289419510;S
20241011;135501;110.5;10;11289419511;S
20241011;135501;110.5;1000;11289419512;S
20241011;135501;110.5;10;11289419513;S
20241011;135501;110.5;250;11289419514;S
20241011;135501;110.5;180;11289419515;S
20241011;135501;110.5;10;11289419516;S
20241011;135501;110.5;10;11289419517;S
20241011;135501;110.5;10;11289419518;S
20241011;135501;110.5;20;11289419519;S
20241011;135501;110.5;100;11289419520;S
20241011;135501;110.5;20;11289419521;S
20241011;135501;110.5;100;11289419522;S
20241011;135501;110.5;20;11289419523;S
20241011;135501;110.5;250;11289419524;S
20241011;135501;110.5;10;11289419525;S
20241011;135501;110.46;1020;11289419526;S
20241011;135501;110.44;40;11289419527;S
20241011;135501;110.44;60;11289419547;S
20241011;135501;110.44;10;11289419548;S
20241011;135502;110.44;200;11289419572;S
20241011;135502;110.48;10;11289419633;B
20241011;135502;110.42;100;11289419649;S
20241011;135502;110.42;10;11289419650;S
20241011;135502;110.42;700;11289419651;S
20241011;135502;110.4;20;11289419652;S
20241011;135502;110.4;10;11289419653;S
20241011;135502;110.4;200;11289419654;S
20241011;135502;110.4;200;11289419655;S
20241011;135502;110.4;100;11289419656;S
20241011;135502;110.4;50;11289419657;S
20241011;135502;110.4;250;11289419658;S
20241011;135502;110.38;10;11289419659;S
20241011;135502;110.38;10;11289419660;S
20241011;135502;110.38;10;11289419661;S
20241011;135502;110.38;50;11289419662;S
20241011;135502;110.38;10;11289419663;S
20241011;135502;110.38;10;11289419664;S
20241011;135502;110.38;110;11289419665;S
20241011;135502;110.36;10;11289419666;S
20241011;135502;110.36;1140;11289419667;S
20241011;135502;110.38;80;11289419672;S
20241011;135502;110.38;30;11289419673;S
20241011;135503;110.4;10;11289419695;S
20241011;135503;110.38;390;11289419696;S
20241011;135503;110.38;400;11289419702;S
20241011;135503;110.38;230;11289419703;S
20241011;135503;110.36;370;11289419704;S
20241011;135503;110.36;50;11289419716;S
20241011;135517;110.44;10;11289421013;B
20241011;135518;110.44;10;11289421124;B
20241011;135520;110.44;10;11289421392;B
20241011;135521;110.4;10;11289421463;S
20241011;135521;110.4;10;11289421464;S
20241011;135521;110.4;10;11289421465;S
20241011;135521;110.4;10;11289421466;S
20241011;135521;110.4;10;11289421467;S
20241011;135521;110.4;50;11289421490;B
20241011;135522;110.38;20;11289421638;S
20241011;135530;110.44;10;11289422331;B
20241011;135532;110.44;30;11289422493;B
20241011;135537;110.44;20;11289422922;B
20241011;135548;110.44;300;11289423801;B
20241011;135557;110.44;1610;11289424507;B
20241011;135557;110.44;390;11289424508;B
20241011;135604;110.48;50;11289425113;B
20241011;135608;110.48;260;11289425486;B
20241011;135609;110.48;260;11289425588;B
20241011;135611;110.48;420;11289425769;B
20241011;135611;110.48;1250;11289425770;B
20241011;135611;110.48;30;11289425771;B
20241011;135618;110.5;10;11289427035;S
20241011;135644;110.54;10;11289430347;S
20241011;135654;110.54;1900;11289431367;S
20241011;135656;110.54;50;11289431509;S
20241011;135703;110.58;10;11289432108;B
20241011;135710;110.56;150;11289432756;S
20241011;135720;110.56;250;11289433664;S
20241011;135736;110.56;750;11289435031;B
20241011;135742;110.66;20;11289435638;B
20241011;135742;110.66;300;11289435639;B
20241011;135742;110.66;70;11289435640;B
20241011;135743;110.58;10;11289435830;S
20241011;135750;110.68;370;11289436815;B
20241011;135750;110.7;110;11289436816;B
20241011;135750;110.7;240;11289436817;B
20241011;135750;110.72;1560;11289436819;B
20241011;135750;110.72;180;11289436820;B
20241011;135753;110.76;110;11289437200;B
20241011;135753;110.8;40;11289437201;B
20241011;135753;110.8;50;11289437266;B
20241011;135834;110.6;40;11289441392;S
20241011;135834;110.6;60;11289441393;S
20241011;135834;110.6;300;11289441394;S
20241011;135851;110.7;10;11289442761;B
20241011;135912;110.72;10;11289444603;S
20241011;135929;110.8;10;11289446044;B
20241011;135931;110.76;10;11289446287;S
20241011;135931;110.72;530;11289446288;S
20241011;135931;110.72;10;11289446289;S
20241011;135931;110.7;10;11289446290;S
20241011;135931;110.66;200;11289446291;S
20241011;135931;110.62;550;11289446292;S
20241011;135931;110.6;200;11289446293;S
20241011;135931;110.6;240;11289446294;S
20241011;135931;110.58;250;11289446295;S
20241011;140048;110.68;10;11289454521;B
20241011;140056;110.64;50;11289455312;S
20241011;140056;110.62;80;11289455313;S
20241011;140056;110.6;50;11289455314;S
20241011;140056;110.6;80;11289455315;S
20241011;140056;110.58;1000;11289455316;S
20241011;140100;110.54;10;11289455733;S
20241011;140100;110.54;80;11289455734;S
20241011;140100;110.52;250;11289455735;S
20241011;140100;110.52;80;11289455736;S
20241011;140100;110.5;10;11289455737;S
20241011;140100;110.5;100;11289455738;S
20241011;140100;110.5;180;11289455739;S
20241011;140100;110.48;10;11289455740;S
20241011;140119;110.68;240;11289459519;B
20241011;140125;110.7;50;11289459988;B
20241011;140127;110.68;2500;11289460174;S
20241011;140137;110.68;260;11289460967;S
20241011;140137;110.6;70;11289460968;S
20241011;140142;110.5;70;11289461651;S
20241011;140142;110.48;1000;11289461652;S
20241011;140142;110.48;70;11289461653;S
20241011;140142;110.46;20;11289461654;S
20241011;140142;110.46;750;11289461655;S
20241011;140142;110.46;240;11289461656;S
20241011;140142;110.46;110;11289461657;B
20241011;140142;110.46;740;11289461658;B
20241011;140201;110.48;50;11289463065;S
20241011;140201;110.46;50;11289463066;S
20241011;140201;110.46;400;11289463067;S
20241011;140219;110.48;50;11289464612;S
20241011;140246;110.48;80;11289466613;S
20241011;140304;110.48;870;11289467929;S
20241011;140304;110.48;1000;11289467930;S
20241011;140306;110.46;600;11289468046;S
20241011;140306;110.46;1000;11289468047;S
20241011;140308;110.46;10;11289468217;B
20241011;140308;110.44;30;11289468245;S
20241011;140308;110.44;110;11289468246;S
20241011;140308;110.44;110;11289468247;S
20241011;140308;110.44;10;11289468248;S
20241011;140308;110.44;30;11289468249;S
20241011;140308;110.42;10;11289468250;S
20241011;140308;110.4;50;11289468251;S
20241011;140308;110.4;110;11289468252;S
20241011;140308;110.4;110;11289468253;S
20241011;140308;110.4;10;11289468254;S
20241011;140308;110.4;40;11289468255;S
20241011;140317;110.4;50;11289468916;S
20241011;140319;110.42;90;11289469053;S
20241011;140319;110.4;500;11289469054;S
20241011;140319;110.4;90;11289469055;S
20241011;140319;110.4;20;11289469056;B
20241011;140319;110.4;10;11289469057;B
20241011;140319;110.4;290;11289469058;B
20241011;140326;110.42;70;11289469594;S
20241011;140326;110.4;30;11289469595;S
20241011;140326;110.4;150;11289469596;S
20241011;140326;110.4;70;11289469597;S
20241011;140326;110.38;280;11289469598;S
20241011;140326;110.38;10;11289469599;S
20241011;140326;110.38;300;11289469600;S
20241011;140326;110.38;90;11289469601;B
20241011;140334;110.4;50;11289470300;B
20241011;140334;110.54;240;11289470301;B
20241011;140334;110.58;2160;11289470302;B
20241011;140334;110.6;20;11289470303;B
20241011;140334;110.6;130;11289470304;B
20241011;140334;110.6;2400;11289470305;B
20241011;140403;110.52;240;11289472836;B
20241011;140429;110.52;100;11289474808;B
20241011;140504;110.52;70;11289478691;B
20241011;140528;110.52;130;11289481931;S
20241011;140528;110.52;10;11289481932;S
20241011;140528;110.52;1200;11289481933;S
20241011;140528;110.5;2440;11289481934;S
20241011;140535;110.5;10;11289482611;B
20241011;140547;110.46;50;11289483565;S
20241011;140547;110.46;600;11289483566;S
20241011;140547;110.44;1540;11289483567;S
20241011;140547;110.44;100;11289483568;S
20241011;140547;110.42;20;11289483569;S
20241011;140547;110.42;100;11289483570;S
20241011;140547;110.42;50;11289483571;S
20241011;140551;110.4;10;11289483890;S
20241011;140551;110.4;300;11289483891;S
20241011;140551;110.4;30;11289483892;S
20241011;140551;110.4;100;11289483893;S
20241011;140630;110.46;10;11289486548;B
20241011;140655;110.44;40;11289488449;S
20241011;140655;110.44;380;11289488450;B
20241011;140700;110.42;150;11289488803;S
20241011;140700;110.42;400;11289488804;S
20241011;140700;110.4;10;11289488805;S
20241011;140700;110.4;300;11289488806;S
20241011;140700;110.4;50;11289488807;S
20241011;140700;110.38;10;11289488808;S
20241011;140700;110.38;50;11289488809;S
20241011;140700;110.38;10;11289488810;S
20241011;140700;110.38;220;11289488811;S
20241011;140724;110.4;70;11289490818;S
20241011;140724;110.4;30;11289490819;S
20241011;140724;110.44;10;11289490829;B
20241011;140729;110.44;10;11289491127;B
