<DATE>;<TIME>;<LAST>;<VOL>;<ID>;<OPER>
20241113;095937;108.3;10;11415560467;S
20241113;095937;108.3;30;11415560468;S
20241113;095937;108.3;10;11415560469;S
20241113;095937;108.3;10;11415560470;S
20241113;095937;108.3;150;11415560471;B
20241113;095937;108.3;400;11415560472;B
20241113;095937;108.3;230;11415560473;B
20241113;095937;108.3;290;11415560474;B
20241113;095937;108.3;750;11415560475;B
20241113;095937;108.3;520;11415560476;B
20241113;095937;108.3;480;11415560477;B
20241113;095937;108.3;400;11415560478;B
20241113;095937;108.3;1560;11415560479;B
20241113;095937;108.3;1420;11415560480;B
20241113;095937;108.3;140;11415560481;B
20241113;095937;108.3;860;11415560482;B
20241113;095937;108.3;10;11415560483;B
20241113;095937;108.3;300;11415560484;B
20241113;095937;108.3;390;11415560485;B
20241113;095937;108.3;1560;11415560486;B
20241113;095937;108.3;10;11415560487;B
20241113;100000;108.28;10;11415567314;B
20241113;100001;108.1;50;11415567812;S
20241113;100001;108.22;1560;11415567815;B
20241113;100002;108.1;20;11415568257;S
20241113;100002;108;10;11415568258;S
20241113;100002;108;10;11415568259;S
20241113;100002;108;10;11415568260;S
20241113;100002;108;20;11415568261;S
20241113;100002;108;30;11415568262;S
20241113;100003;108.08;10;11415568716;B
20241113;100003;108;100;11415568742;S
20241113;100003;108;70;11415568846;S
20241113;100003;108;20;11415568934;S
20241113;100003;108;30;11415569039;S
20241113;100003;108;20;11415569040;S
20241113;100003;108;20;11415569041;S
20241113;100003;108;20;11415569042;S
20241113;100003;108;20;11415569043;S
20241113;100003;107.98;70;11415569044;S
20241113;100003;107.98;200;11415569045;S
20241113;100003;107.98;10;11415569046;S
20241113;100003;107.84;10;11415569047;S
20241113;100003;107.78;10;11415569048;S
20241113;100003;107.74;580;11415569049;S
20241113;100003;107.74;1000;11415569071;S
20241113;100004;107.74;100;11415569340;S
20241113;100004;107.9;50;11415569396;B
20241113;100004;107.74;10;11415569397;S
20241113;100004;107.72;70;11415569398;S
20241113;100004;107.72;1710;11415569399;S
20241113;100004;107.7;100;11415569400;S
20241113;100004;107.7;500;11415569401;S
20241113;100004;107.68;200;11415569402;S
20241113;100004;107.66;70;11415569403;S
20241113;100004;107.64;800;11415569404;S
20241113;100004;107.62;400;11415569405;S
20241113;100004;107.6;330;11415569406;S
20241113;100004;107.54;10;11415569407;S
20241113;100004;107.54;10;11415569408;S
20241113;100004;107.54;370;11415569409;S
20241113;100004;107.5;1000;11415569410;S
20241113;100004;107.5;50;11415569411;S
20241113;100004;107.48;460;11415569412;S
20241113;100004;107.42;370;11415569413;S
20241113;100004;107.4;8540;11415569414;B
20241113;100004;107.68;30;11415569468;B
20241113;100004;107.38;150;11415569473;S
20241113;100004;107.68;200;11415569476;B
20241113;100004;107.66;30;11415569609;B
20241113;100004;107.36;200;11415569623;S
20241113;100004;107.36;100;11415569629;S
20241113;100004;107.6;50;11415569662;B
20241113;100004;107.6;10;11415569690;B
20241113;100004;107.36;160;11415569787;S
20241113;100004;107.36;50;11415569788;S
20241113;100004;107.34;70;11415569789;S
20241113;100004;107.34;10;11415569790;S
20241113;100004;107.3;130;11415569791;S
20241113;100004;107.34;50;11415569852;S
20241113;100004;107.34;10;11415569855;S
20241113;100004;107.32;80;11415569856;S
20241113;100004;107.32;110;11415569858;S
20241113;100004;107.58;30;11415570123;B
20241113;100004;107.52;20;11415570172;B
20241113;100004;107.4;10;11415570311;B
20241113;100004;107.32;160;11415570377;S
20241113;100004;107.4;10;11415571629;B
20241113;100004;107.32;80;11415571635;S
20241113;100005;107.4;10;11415571829;B
20241113;100005;107.4;10;11415571838;B
20241113;100005;107.32;500;11415571943;S
20241113;100005;107.4;10;11415571974;B
20241113;100005;107.4;20;11415571979;B
20241113;100005;107.4;50;11415572028;B
20241113;100005;107.4;70;11415572248;B
20241113;100005;107.46;30;11415572249;B
20241113;100005;107.46;30;11415572330;B
20241113;100005;107.46;10;11415572349;B
20241113;100005;107.34;100;11415572664;S
20241113;100005;107.44;10;11415573186;B
20241113;100006;107.44;10;11415573329;B
20241113;100006;107.44;20;11415573380;B
20241113;100006;107.34;110;11415574144;S
20241113;100006;107.42;100;11415574472;B
20241113;100007;107.42;210;11415575085;S
20241113;100007;107.44;20;11415575100;B
20241113;100007;107.44;310;11415575188;B
20241113;100007;107.44;360;11415575468;B
20241113;100007;107.4;20;11415575895;B
20241113;100007;107.4;80;11415575896;B
20241113;100007;107.44;410;11415575970;B
20241113;100008;107.44;20;11415576209;B
20241113;100008;107.44;470;11415576213;B
20241113;100008;107.44;40;11415576230;B
20241113;100008;107.36;100;11415576517;S
20241113;100008;107.34;400;11415576588;S
20241113;100008;107.44;550;11415576708;B
20241113;100008;107.34;20;11415576875;S
20241113;100011;107.36;70;11415578001;S
20241113;100011;107.36;10;11415578220;S
20241113;100013;107.4;10;11415578678;B
20241113;100013;107.36;10;11415578749;S
20241113;100018;107.4;2550;11415580203;B
20241113;100018;107.4;2560;11415580206;B
20241113;100018;107.4;2560;11415580207;B
20241113;100018;107.4;2560;11415580208;B
20241113;100018;107.4;2560;11415580209;B
20241113;100018;107.4;2490;11415580210;B
20241113;100022;107.42;100;11415581171;B
20241113;100023;107.46;20;11415581407;B
20241113;100023;107.46;10;11415581408;B
20241113;100023;107.46;10;11415581647;B
20241113;100024;107.48;250;11415581688;B
20241113;100025;107.46;10;11415582211;S
20241113;100025;107.46;100;11415582212;S
20241113;100025;107.44;10;11415582213;S
20241113;100025;107.44;50;11415582214;S
20241113;100030;107.56;30;11415583560;B
20241113;100049;107.56;10;11415588389;B
20241113;100051;107.56;80;11415588843;B
20241113;100055;107.56;10;11415589682;B
20241113;100057;107.54;20;11415589916;B
20241113;100057;107.56;20;11415589917;B
20241113;100057;107.58;360;11415589918;B
20241113;100057;107.64;540;11415589919;B
20241113;100057;107.64;20;11415589939;B
20241113;100058;107.64;30;11415590129;B
20241113;100100;107.5;20;11415590955;S
20241113;100100;107.5;10;11415590956;S
20241113;100100;107.48;100;11415590957;S
20241113;100100;107.48;170;11415590958;S
20241113;100100;107.46;100;11415590959;S
20241113;100100;107.46;170;11415590960;S
20241113;100100;107.44;10;11415590961;S
20241113;100100;107.42;930;11415590962;S
20241113;100100;107.42;20;11415590963;S
20241113;100100;107.42;400;11415590964;S
20241113;100100;107.4;500;11415590965;S
20241113;100100;107.4;3570;11415590967;B
20241113;100101;107.58;2220;11415591311;B
20241113;100101;107.58;1070;11415591312;B
20241113;100101;107.6;20;11415591313;B
20241113;100103;107.56;20;11415592048;B
20241113;100103;107.6;20;11415592049;B
20241113;100104;107.44;150;11415592292;B
20241113;100105;107.58;10;11415592315;B
20241113;100107;107.42;20;11415592947;S
20241113;100107;107.42;20;11415592948;S
20241113;100107;107.42;10;11415592949;S
20241113;100117;107.42;10;11415594777;B
20241113;100120;107.4;10;11415595574;B
20241113;100122;107.4;10;11415595993;B
20241113;100122;107.4;110;11415595994;B
20241113;100122;107.42;210;11415595995;B
20241113;100122;107.42;10;11415595996;B
20241113;100122;107.46;110;11415595997;B
20241113;100122;107.48;110;11415595998;B
20241113;100122;107.54;20;11415595999;B
20241113;100122;107.54;400;11415596000;B
20241113;100122;107.54;690;11415596001;B
20241113;100122;107.56;200;11415596002;B
20241113;100122;107.56;2780;11415596003;B
20241113;100122;107.62;350;11415596004;B
20241113;100131;107.68;790;11415597709;B
20241113;100131;107.7;1810;11415597710;B
20241113;100133;107.7;50;11415598000;B
20241113;100133;107.68;10;11415598008;S
20241113;100138;107.68;10;11415598946;B
20241113;100141;107.68;840;11415599559;B
20241113;100141;107.7;4160;11415599560;B
20241113;100143;107.7;200;11415599910;B
20241113;100144;107.7;200;11415600000;B
20241113;100145;107.7;200;11415600243;B
20241113;100146;107.7;200;11415600361;B
20241113;100147;107.7;200;11415600803;B
20241113;100147;107.7;200;11415601018;B
20241113;100152;107.6;200;11415602020;S
20241113;100152;107.58;200;11415602021;S
20241113;100152;107.7;10;11415602176;B
20241113;100157;107.7;5000;11415603324;B
20241113;100157;107.7;10;11415603331;B
20241113;100206;107.64;20;11415605206;S
20241113;100209;107.7;10;11415605894;B
20241113;100210;107.64;80;11415606057;S
20241113;100210;107.64;120;11415606058;S
20241113;100210;107.7;6750;11415606094;B
20241113;100213;107.8;190;11415606798;B
20241113;100213;107.84;20;11415606875;B
20241113;100217;107.84;230;11415608030;B
20241113;100217;107.86;100;11415608164;B
20241113;100218;107.9;200;11415608212;B
20241113;100218;107.9;70;11415608213;B
20241113;100218;107.9;50;11415608214;B
20241113;100218;107.94;300;11415608215;B
20241113;100218;107.96;120;11415608216;B
20241113;100218;108;40;11415608217;B
20241113;100218;108;100;11415608218;B
20241113;100218;108;860;11415608219;B
20241113;100218;108.02;10;11415608220;B
20241113;100218;108.04;10;11415608221;B
20241113;100218;108.04;190;11415608222;B
20241113;100218;108.06;820;11415608223;B
20241113;100218;108.08;130;11415608224;B
20241113;100218;108.1;500;11415608225;B
20241113;100218;108.12;1480;11415608226;B
20241113;100218;108.14;120;11415608227;B
20241113;100219;107.98;20;11415608738;S
20241113;100219;107.92;130;11415608739;S
20241113;100219;107.86;790;11415608740;S
20241113;100230;108.1;450;11415611638;B
20241113;100230;108.1;20;11415611639;B
20241113;100230;108.12;300;11415611640;B
20241113;100230;108.14;300;11415611641;B
20241113;100230;108.18;300;11415611642;B
20241113;100230;108.2;200;11415611643;B
20241113;100230;108.2;300;11415611644;B
20241113;100230;108.22;3000;11415611645;B
20241113;100230;108.26;130;11415611646;B
20241113;100236;108.24;50;11415613015;B
20241113;100236;108.26;2400;11415613016;B
20241113;100236;108.26;550;11415613017;S
20241113;100241;108.26;550;11415613829;B
20241113;100243;108.28;90;11415614185;B
20241113;100250;108.26;800;11415615502;B
20241113;100250;108.28;30;11415615503;B
20241113;100250;108.3;300;11415615504;B
20241113;100250;108.3;1650;11415615505;B
20241113;100251;108.32;10;11415615714;B
20241113;100251;108.32;30;11415615715;B
20241113;100251;108.32;500;11415615716;B
20241113;100251;108.32;200;11415615717;B
20241113;100251;108.32;300;11415615718;B
20241113;100251;108.32;10;11415615719;B
20241113;100251;108.36;100;11415615720;B
20241113;100259;108.32;20;11415617188;S
20241113;100259;108.32;130;11415617189;S
20241113;100300;108.3;520;11415617303;S
20241113;100300;108.36;1100;11415617375;B
20241113;100301;108.34;10;11415617890;S
20241113;100304;108.34;100;11415618279;B
20241113;100305;108.3;30;11415618478;S
20241113;100305;108.3;10;11415619177;S
20241113;100305;108.34;1850;11415619289;B
20241113;100306;108.34;1150;11415619603;S
20241113;100306;108.3;1660;11415619606;S
20241113;100306;108.3;10;11415619607;S
20241113;100306;108.28;10;11415619735;S
20241113;100311;108.2;260;11415620827;B
20241113;100312;108.16;220;11415621333;S
20241113;100312;108.16;2540;11415621334;S
20241113;100312;108.16;130;11415621335;S
20241113;100312;108.06;20;11415621370;S
20241113;100315;108.12;500;11415621876;S
20241113;100316;108.12;2040;11415622358;S
20241113;100316;108.12;130;11415622359;S
20241113;100316;108.12;240;11415622360;B
20241113;100316;108.12;670;11415622361;S
20241113;100316;108.12;1630;11415622362;S
20241113;100316;108.1;670;11415622364;S
20241113;100317;108.08;200;11415622561;S
20241113;100318;108.08;110;11415622780;S
20241113;100318;108.08;180;11415622781;S
20241113;100319;108.04;40;11415623035;S
20241113;100319;108.04;10;11415623091;S
20241113;100326;108.1;200;11415624874;S
20241113;100328;108.18;10;11415625696;B
20241113;100330;108.12;70;11415626065;S
20241113;100332;108.18;20;11415626529;B
20241113;100335;108.12;30;11415627193;S
20241113;100335;108.1;20;11415627194;S
20241113;100336;108.18;30;11415627393;B
20241113;100340;108.18;10;11415628588;B
20241113;100343;108.1;70;11415629271;S
20241113;100347;108.1;10;11415630233;S
20241113;100353;108.1;10;11415631398;B
20241113;100402;108.1;30;11415633402;B
20241113;100405;108.02;100;11415634055;S
20241113;100405;108;900;11415634056;S
20241113;100408;108;10;11415634782;S
20241113;100408;108;10;11415634783;S
20241113;100412;107.92;30;11415635778;S
20241113;100423;107.92;100;11415638167;S
20241113;100438;108;10;11415641647;B
20241113;100446;108;930;11415643875;B
20241113;100446;108.02;2490;11415643876;B
20241113;100505;108.1;10;11415648223;B
20241113;100514;108.06;10;11415650881;S
20241113;100514;108.04;70;11415650882;S
20241113;100514;108.1;1010;11415650987;B
20241113;100516;108.1;140;11415651479;B
20241113;100516;108.1;10;11415651480;B
20241113;100608;108.18;10;11415663368;B
20241113;100609;108.18;220;11415663470;B
20241113;100609;108.18;100;11415663471;B
20241113;100609;108.2;30;11415663472;B
20241113;100609;108.2;170;11415663473;B
20241113;100609;108.22;30;11415663474;B
20241113;100612;108.24;10;11415664091;B
20241113;100612;108.24;150;11415664092;B
20241113;100612;108.26;140;11415664093;B
20241113;100622;108.18;300;11415666160;S
20241113;100623;108.18;60;11415666298;B
20241113;100623;108.2;230;11415666299;B
20241113;100623;108.2;60;11415666300;B
20241113;100623;108.22;40;11415666301;B
20241113;100623;108.24;610;11415666302;S
20241113;100625;108.18;10;11415666654;B
20241113;100634;108.18;10;11415668556;B
20241113;100637;108.18;90;11415668916;B
20241113;100637;108.18;40;11415668917;B
20241113;100637;108.18;400;11415668918;B
20241113;100637;108.2;40;11415668919;B
20241113;100637;108.2;400;11415668920;B
20241113;100637;108.2;30;11415668921;S
20241113;100644;108.18;20;11415670222;B
20241113;100644;108.18;40;11415670223;B
20241113;100644;108.2;50;11415670224;B
20241113;100644;108.2;40;11415670225;B
20241113;100650;108.2;30;11415671549;B
20241113;100650;108.2;150;11415671550;B
20241113;100650;108.22;200;11415671551;B
20241113;100650;108.22;120;11415671552;B
20241113;100652;108.22;280;11415671917;B
20241113;100652;108.22;220;11415671918;B
20241113;100702;108.1;10;11415673375;S
20241113;100704;108.24;30;11415673618;B
20241113;100707;108.24;370;11415674108;B
20241113;100707;108.24;130;11415674109;B
20241113;100718;108.26;20;11415675605;B
20241113;100718;108.26;480;11415675606;B
20241113;100721;108.26;10;11415676128;B
20241113;100723;108.26;100;11415676386;B
20241113;100725;108.26;200;11415676611;B
20241113;100725;108.26;20;11415676612;B
20241113;100727;108.28;500;11415676986;B
20241113;100729;108.28;500;11415677210;B
20241113;100733;108.32;100;11415677830;B
20241113;100734;108.32;500;11415678008;B
20241113;100738;108.34;10;11415678695;B
20241113;100743;108.32;10;11415679587;B
20241113;100743;108.32;230;11415679588;B
20241113;100743;108.34;120;11415679589;B
20241113;100743;108.34;2340;11415679590;B
20241113;100743;108.34;160;11415679591;B
20241113;100743;108.34;120;11415679592;B
20241113;100743;108.34;20;11415679593;B
20241113;100745;108.34;150;11415679898;B
20241113;100805;108.26;20;11415684146;S
20241113;100806;108.34;130;11415684433;B
20241113;100806;108.36;60;11415684434;B
20241113;100807;108.36;10;11415684466;B
20241113;100826;108.36;100;11415689622;B
20241113;100827;108.36;10;11415689839;B
20241113;100828;108.36;890;11415689984;B
20241113;100828;108.36;100;11415689985;B
20241113;100834;108.38;1200;11415691023;B
20241113;100845;108.34;10;11415692540;S
20241113;100849;108.38;10;11415693240;B
20241113;100850;108.34;10;11415693363;S
20241113;100852;108.38;3790;11415693673;B
20241113;100852;108.38;500;11415693674;B
20241113;100852;108.38;1000;11415693675;B
20241113;100852;108.38;1560;11415693676;B
20241113;100852;108.38;1560;11415693677;B
20241113;100852;108.38;1560;11415693678;B
20241113;100852;108.38;30;11415693679;B
20241113;100854;108.38;20;11415693973;B
20241113;100855;108.38;830;11415694083;B
20241113;100855;108.38;10;11415694084;B
20241113;100855;108.44;70;11415694085;B
20241113;100855;108.44;30;11415694086;B
20241113;100855;108.48;10;11415694087;B
20241113;100855;108.52;10;11415694088;B
20241113;100855;108.52;40;11415694089;B
20241113;100859;108.36;100;11415694699;S
20241113;100859;108.34;40;11415694700;S
20241113;100859;108.34;10;11415694701;S
20241113;100859;108.32;150;11415694702;S
20241113;100905;108.48;390;11415695391;B
20241113;100905;108.5;210;11415695392;B
20241113;100905;108.52;150;11415695393;B
20241113;100905;108.54;800;11415695394;B
20241113;100905;108.56;3330;11415695395;B
20241113;100907;108.58;50;11415695795;B
20241113;100913;108.58;80;11415696625;B
20241113;100916;108.56;20;11415697125;S
20241113;100920;108.56;20;11415697770;S
20241113;100920;108.52;50;11415697809;S
20241113;100924;108.56;30;11415698416;S
20241113;100932;108.58;10;11415699670;B
20241113;100941;108.58;120;11415700920;B
20241113;100943;108.56;30;11415701136;B
20241113;100948;108.54;50;11415701848;B
20241113;100948;108.54;510;11415701849;B
20241113;100949;108.42;10;11415701959;S
20241113;100952;108.44;200;11415702427;S
20241113;101008;108.54;200;11415704787;B
20241113;101008;108.54;10;11415704788;B
20241113;101008;108.56;2530;11415704835;S
20241113;101008;108.56;2530;11415704836;S
20241113;101008;108.56;2530;11415704837;S
20241113;101010;108.54;290;11415705023;S
20241113;101010;108.46;200;11415705025;S
20241113;101033;108.56;100;11415708282;B
20241113;101034;108.56;550;11415708462;B
20241113;101044;108.5;2530;11415709941;S
20241113;101044;108.5;260;11415709942;S
20241113;101045;108.48;10;11415710025;B
20241113;101049;108.48;920;11415710576;B
20241113;101049;108.5;2080;11415710577;B
20241113;101056;108.48;20;11415711805;S
20241113;101106;108.5;10;11415713380;B
20241113;101126;108.48;200;11415715705;S
20241113;101126;108.5;50;11415715721;B
20241113;101140;108.5;20;11415717264;B
20241113;101148;108.5;10;11415718835;B
20241113;101155;108.48;2330;11415720114;S
20241113;101155;108.48;300;11415720115;S
20241113;101204;108.46;50;11415721647;S
20241113;101204;108.46;260;11415721648;S
20241113;101204;108.46;190;11415721649;S
20241113;101232;108.46;50;11415726033;S
20241113;101235;108.46;20;11415726403;S
20241113;101235;108.48;80;11415726407;B
20241113;101237;108.46;40;11415726657;S
20241113;101302;108.48;10;11415730307;B
20241113;101310;108.48;10;11415731388;B
20241113;101315;108.46;130;11415732110;S
20241113;101325;108.46;70;11415733970;S
20241113;101334;108.42;1000;11415735284;S
20241113;101334;108.42;1530;11415735285;S
20241113;101337;108.44;30;11415735810;B
20241113;101337;108.44;230;11415735811;B
20241113;101337;108.46;640;11415735812;B
20241113;101346;108.4;300;11415737340;S
20241113;101403;108.32;10;11415740181;S
20241113;101409;108.38;30;11415740981;B
20241113;101437;108.3;40;11415744408;S
20241113;101501;108.28;400;11415748125;S
20241113;101503;108.26;80;11415748406;S
20241113;101508;108.16;500;11415749207;S
20241113;101508;108.16;870;11415749208;S
20241113;101508;108.14;70;11415749209;S
20241113;101508;108.1;330;11415749210;S
20241113;101508;108.08;200;11415749211;S
20241113;101508;108.08;330;11415749212;S
20241113;101508;108.06;2220;11415749213;S
20241113;101508;108.06;2220;11415749214;S
20241113;101508;108.04;3000;11415749215;S
20241113;101508;108.04;800;11415749216;S
20241113;101508;108.02;10;11415749217;S
20241113;101508;108.02;2000;11415749218;S
20241113;101508;108;10;11415749219;S
20241113;101508;108;20;11415749220;S
20241113;101508;108;100;11415749221;S
20241113;101508;108;10;11415749222;S
20241113;101508;108;10;11415749223;S
20241113;101508;108;2540;11415749224;S
20241113;101508;107.96;130;11415749225;S
20241113;101508;107.92;10;11415749226;S
20241113;101508;107.92;1000;11415749227;S
20241113;101508;108.02;130;11415749248;B
20241113;101508;108.04;10;11415749249;B
20241113;101508;108.1;4140;11415749256;S
20241113;101510;108.16;20;11415749587;B
20241113;101522;108.02;50;11415753316;S
20241113;101525;108.06;500;11415754162;S
20241113;101538;108.08;500;11415756644;B
20241113;101550;108;20;11415758605;S
20241113;101550;108;10;11415758606;S
20241113;101550;107.98;370;11415758607;S
20241113;101600;107.92;200;11415759981;S
20241113;101612;107.98;10;11415761944;B
20241113;101630;107.98;90;11415764565;B
20241113;101640;108;30;11415766067;S
20241113;101655;108.02;10;11415772445;B
20241113;101655;107.98;10;11415772447;S
20241113;101705;108.02;180;11415775250;B
20241113;101711;107.94;210;11415776335;S
20241113;101718;107.92;670;11415777261;S
20241113;101732;107.98;20;11415779462;B
20241113;101732;107.98;100;11415779603;B
20241113;101740;107.98;10;11415780863;S
20241113;101743;108;10;11415781441;B
20241113;101743;108;240;11415781442;B
20241113;101747;107.98;30;11415782582;S
20241113;101747;107.98;10;11415782666;S
20241113;101747;107.98;10;11415782936;S
20241113;101748;107.98;10;11415783225;S
20241113;101749;107.98;10;11415783633;S
20241113;101750;107.98;140;11415783871;S
20241113;101751;107.98;90;11415784300;S
20241113;101751;107.98;140;11415784574;S
20241113;101754;108;10;11415785963;B
20241113;101755;107.98;140;11415786221;S
20241113;101756;107.98;1000;11415786508;S
20241113;101756;107.98;130;11415786713;S
20241113;101806;107.98;90;11415791089;S
20241113;101808;108;20;11415791692;B
20241113;101809;107.98;10;11415791883;S
20241113;101809;107.96;180;11415791884;S
20241113;101809;107.94;60;11415791885;S
20241113;101815;108;30;11415793798;B
20241113;101840;108.02;60;11415800390;B
20241113;101840;108.06;20;11415800391;B
20241113;101844;108.06;400;11415801130;B
20241113;101848;108.08;30;11415801926;B
20241113;101949;108.02;10;11415812021;S
20241113;102005;108;50;11415813890;S
20241113;102005;108;20;11415813891;S
20241113;102005;108;10;11415813892;S
20241113;102005;108;10;11415813893;S
20241113;102031;108;20;11415819217;S
20241113;102040;108.08;220;11415823317;B
20241113;102059;108.14;10;11415831246;B
20241113;102139;108.06;10;11415847960;S
20241113;102155;108.14;30;11415855509;B
20241113;102155;108.16;2470;11415855510;B
20241113;102324;108.08;10;11415877782;S
20241113;102332;108.22;100;11415879005;B
20241113;102348;108.2;10;11415881716;B
20241113;102409;108.22;10;11415884367;B
20241113;102427;108.22;10;11415886078;B
20241113;102504;108.18;190;11415892135;B
20241113;102504;108.2;130;11415892136;B
20241113;102504;108.2;180;11415892137;B
20241113;102504;108.22;500;11415892138;B
20241113;102553;108.22;20;11415899436;S
20241113;102555;108.24;40;11415900066;B
20241113;102555;108.24;130;11415900067;B
20241113;102555;108.24;200;11415900068;B
20241113;102555;108.26;2540;11415900069;B
20241113;102555;108.28;90;11415900070;S
20241113;102559;108.24;60;11415900651;B
20241113;102632;108.3;30;11415906226;B
20241113;102645;108.3;480;11415907906;B
20241113;102719;108.26;10;11415911737;S
20241113;102735;108.32;10;11415913970;B
20241113;102739;108.32;20;11415914618;B
20241113;102804;108.26;110;11415918491;S
20241113;102804;108.26;10;11415918492;S
20241113;102804;108.26;80;11415918604;S
20241113;102808;108.26;300;11415919375;S
20241113;102808;108.24;10;11415919376;S
20241113;102808;108.24;530;11415919377;S
20241113;102826;108.24;50;11415921672;B
20241113;102845;108.24;20;11415924313;S
20241113;102845;108.12;10;11415924314;S
20241113;102923;108.14;170;11415929527;S
20241113;102923;108.14;80;11415929528;S
20241113;102923;108.12;80;11415929529;S
20241113;102923;108.1;60;11415929530;S
20241113;102923;108.08;300;11415929531;S
20241113;102923;108.08;150;11415929532;S
20241113;102923;108.08;200;11415929533;S
20241113;102923;108.08;10;11415929534;S
20241113;102923;108.08;360;11415929535;S
20241113;102929;108.1;60;11415930201;S
20241113;102929;108.08;110;11415930202;S
20241113;102948;108.2;420;11415932287;S
20241113;103004;108.2;20;11415934020;S
20241113;103031;108.26;10;11415937357;B
20241113;103044;108.2;20;11415939294;S
20241113;103051;108.1;50;11415940709;S
20241113;103053;108.14;10;11415941286;B
20241113;103101;108.08;500;11415942570;S
20241113;103101;108.08;500;11415942691;S
20241113;103111;108.1;10;11415944007;B
20241113;103119;108.14;50;11415945072;B
20241113;103125;108.06;840;11415945735;S
20241113;103130;108.06;660;11415946377;S
20241113;103130;108.06;30;11415946378;S
20241113;103131;108.04;10;11415946597;S
20241113;103138;108;700;11415947768;S
20241113;103138;108;100;11415947769;S
20241113;103138;108;170;11415947770;S
20241113;103138;108;830;11415947771;S
20241113;103151;107.98;10;11415949247;B
20241113;103212;107.98;10;11415952088;S
20241113;103235;107.96;10;11415954588;S
20241113;103251;107.98;10;11415956310;B
20241113;103251;108;10;11415956311;B
20241113;103251;108;230;11415956312;B
20241113;103257;107.96;10;11415956845;B
20241113;103305;107.96;10;11415957845;B
20241113;103309;107.98;10;11415958334;B
20241113;103315;107.96;10;11415959270;B
20241113;103315;107.98;90;11415959271;B
20241113;103318;107.98;10;11415959641;B
20241113;103318;108;10;11415959642;B
20241113;103335;107.92;10;11415961795;S
20241113;103346;107.96;10;11415963297;B
20241113;103357;107.92;10;11415964656;S
20241113;103357;107.86;10;11415964657;S
20241113;103357;107.86;40;11415964658;S
20241113;103357;107.84;50;11415964659;S
20241113;103357;107.84;150;11415964660;S
20241113;103400;107.96;10;11415965052;B
20241113;103414;107.92;10;11415966830;B
20241113;103416;107.94;90;11415967122;B
20241113;103416;107.94;30;11415967123;S
20241113;103438;107.86;200;11415969737;S
20241113;103438;107.86;30;11415969738;S
20241113;103438;107.84;700;11415969739;S
20241113;103438;107.84;30;11415969740;S
20241113;103438;107.82;400;11415969741;S
20241113;103438;107.82;10;11415969742;S
20241113;103438;107.8;10;11415969743;S
20241113;103438;107.8;10;11415969744;S
20241113;103438;107.8;100;11415969745;S
20241113;103438;107.78;10;11415969746;S
20241113;103438;107.78;10;11415969747;S
20241113;103438;107.78;200;11415969748;S
20241113;103438;107.76;350;11415969749;S
20241113;103438;107.74;50;11415969750;S
20241113;103438;107.74;50;11415969751;S
20241113;103438;107.74;2540;11415969752;S
20241113;103438;107.74;290;11415969753;S
20241113;103438;107.72;1940;11415969754;S
20241113;103440;107.72;560;11415970032;S
20241113;103445;107.88;10;11415970662;B
20241113;103500;107.88;10;11415972788;B
20241113;103505;107.86;10;11415973520;B
20241113;103510;107.86;20;11415974122;B
20241113;103515;107.86;10;11415974669;B
20241113;103525;107.86;100;11415975736;S
20241113;103538;107.8;10;11415976996;S
20241113;103544;107.82;10;11415977543;B
20241113;103555;107.82;10;11415978929;B
20241113;103605;107.82;10;11415980798;B
20241113;103636;107.8;10;11415985795;S
20241113;103651;107.74;10;11415987936;B
20241113;103651;107.7;50;11415988068;S
20241113;103651;107.7;30;11415988069;S
20241113;103726;107.76;10;11415993184;B
20241113;103732;107.7;70;11415993937;S
20241113;103732;107.7;60;11415993938;S
20241113;103736;107.7;40;11415994415;S
20241113;103736;107.7;10;11415994416;S
20241113;103736;107.7;30;11415994417;S
20241113;103737;107.7;70;11415994719;S
20241113;103737;107.7;120;11415994720;S
20241113;103737;107.7;20;11415994721;S
20241113;103737;107.7;350;11415994722;S
20241113;103737;107.7;10;11415994723;S
20241113;103737;107.7;10;11415994724;S
20241113;103737;107.7;30;11415994725;S
20241113;103737;107.7;50;11415994726;S
20241113;103752;107.7;90;11415996540;B
20241113;103757;107.68;50;11415997162;S
20241113;103757;107.68;50;11415997163;S
20241113;103757;107.66;90;11415997280;S
20241113;103757;107.66;30;11415997281;S
20241113;103757;107.66;50;11415997282;S
20241113;103757;107.62;30;11415997283;S
20241113;103801;107.68;60;11415997825;B
20241113;103801;107.7;40;11415997826;B
20241113;103806;107.68;40;11415998501;B
20241113;103808;107.7;10;11415998755;B
20241113;103808;107.68;40;11415998825;B
20241113;103825;107.68;10;11416000420;S
20241113;103851;107.62;190;11416003425;S
20241113;103903;107.68;10;11416005128;B
20241113;103911;107.68;10;11416006114;B
20241113;103927;107.66;50;11416008107;B
20241113;103927;107.68;50;11416008108;B
20241113;103932;107.62;90;11416008811;S
20241113;103932;107.62;190;11416008823;S
20241113;103947;107.62;10;11416010282;S
20241113;103951;107.62;40;11416011193;S
20241113;103951;107.62;10;11416011194;S
20241113;103951;107.62;10;11416011195;S
20241113;103951;107.62;10;11416011196;S
20241113;103951;107.62;500;11416011197;S
20241113;103951;107.62;2190;11416011198;S
20241113;103951;107.62;10;11416011199;S
20241113;103952;107.64;130;11416011379;B
20241113;103952;107.64;200;11416011380;B
20241113;103952;107.64;90;11416011381;S
20241113;103952;107.64;10;11416011382;S
20241113;103956;107.64;70;11416011981;S
20241113;104008;107.6;100;11416013631;S
20241113;104008;107.6;10;11416013632;S
20241113;104008;107.6;50;11416013633;S
20241113;104008;107.6;400;11416013634;S
20241113;104019;107.64;10;11416015658;B
20241113;104024;107.6;70;11416016363;S
20241113;104025;107.6;30;11416016414;S
20241113;104054;107.66;10;11416020668;B
20241113;104156;107.66;10;11416027845;B
20241113;104231;107.64;10;11416031828;B
20241113;104241;107.64;490;11416032921;B
20241113;104241;107.66;10;11416032922;B
20241113;104323;107.64;150;11416038446;B
20241113;104329;107.64;10;11416039144;B
20241113;104351;107.64;10;11416041638;B
20241113;104359;107.62;10;11416042580;S
20241113;104359;107.64;30;11416042601;B
20241113;104402;107.64;10;11416042834;B
20241113;104423;107.62;60;11416045101;S
20241113;104423;107.62;20;11416045125;B
20241113;104423;107.64;170;11416045126;B
20241113;104423;107.64;290;11416045127;B
20241113;104423;107.66;450;11416045128;B
20241113;104429;107.66;10;11416045738;B
20241113;104434;107.66;20;11416046683;B
20241113;104434;107.66;20;11416046684;B
20241113;104434;107.7;200;11416046692;B
20241113;104448;107.88;160;11416048952;S
20241113;104448;107.88;200;11416048953;S
20241113;104636;107.88;100;11416062622;S
20241113;104645;107.88;10;11416063521;B
20241113;104731;107.8;100;11416069453;S
20241113;104733;107.8;190;11416069691;S
20241113;104733;107.8;100;11416069692;S
20241113;104733;107.8;500;11416069693;S
20241113;104733;107.8;140;11416069694;S
20241113;104752;107.84;10;11416072265;S
20241113;104752;107.74;90;11416072266;S
20241113;104800;107.86;40;11416073139;B
20241113;104800;107.88;130;11416073140;B
20241113;104817;107.88;330;11416074496;S
20241113;104909;107.84;10;11416081404;B
20241113;104923;107.84;50;11416083021;B
20241113;104941;107.8;50;11416084473;B
20241113;104941;107.8;200;11416084474;B
20241113;104941;107.82;50;11416084475;B
20241113;104941;107.82;100;11416084476;S
20241113;105025;107.76;20;11416089168;B
20241113;105049;107.7;80;11416093937;S
20241113;105049;107.7;20;11416093938;S
20241113;105113;107.7;60;11416096470;B
20241113;105130;107.7;10;11416098454;B
20241113;105144;107.7;50;11416100149;B
20241113;105144;107.72;30;11416100150;B
20241113;105144;107.74;30;11416100151;B
20241113;105144;107.74;200;11416100152;B
20241113;105144;107.8;130;11416100153;B
20241113;105144;107.8;100;11416100154;B
20241113;105144;107.82;110;11416100155;B
20241113;105213;107.68;110;11416103463;S
20241113;105240;107.7;200;11416105520;S
20241113;105240;107.7;10;11416105521;S
20241113;105240;107.68;30;11416105522;S
20241113;105240;107.68;20;11416105523;S
20241113;105240;107.68;130;11416105524;S
20241113;105240;107.68;20;11416105525;S
20241113;105240;107.66;10;11416105526;S
20241113;105240;107.66;10;11416105527;S
20241113;105240;107.66;20;11416105528;S
20241113;105240;107.62;500;11416105529;S
20241113;105240;107.6;100;11416105530;S
20241113;105240;107.6;20;11416105531;S
20241113;105240;107.6;10;11416105532;S
20241113;105240;107.6;80;11416105533;S
20241113;105240;107.6;160;11416105534;S
20241113;105243;107.72;20;11416105815;B
20241113;105243;107.72;20;11416105822;B
20241113;105356;107.7;10;11416119695;B
20241113;105514;107.8;30;11416127844;B
20241113;105520;107.78;20;11416128295;B
20241113;105632;107.7;10;11416135346;S
20241113;105632;107.7;10;11416135347;S
20241113;105645;107.7;180;11416136836;B
20241113;105645;107.74;40;11416136837;B
20241113;105645;107.74;60;11416136838;B
20241113;105651;107.8;200;11416137385;B
20241113;105651;107.82;10;11416137386;B
20241113;105651;107.82;930;11416137387;B
20241113;105651;107.82;1360;11416137388;B
20241113;105742;107.92;10;11416142982;B
20241113;105838;107.92;10;11416150194;S
20241113;105844;107.96;500;11416151027;B
20241113;105857;107.96;10;11416152842;B
20241113;105858;107.96;100;11416152938;B
20241113;105913;107.96;110;11416154762;B
20241113;105918;107.96;10;11416155432;B
20241113;105928;107.96;100;11416156646;B
20241113;105933;107.94;20;11416157154;S
20241113;105945;107.96;10;11416158715;B
20241113;105958;107.98;10;11416160573;B
20241113;110023;107.98;30;11416164322;B
20241113;110023;107.98;40;11416164323;B
20241113;110023;107.98;30;11416164324;B
20241113;110024;107.96;20;11416164458;S
20241113;110024;107.96;30;11416164459;S
20241113;110024;107.94;90;11416164460;S
20241113;110024;107.94;10;11416164461;S
20241113;110034;107.92;390;11416166072;S
20241113;110034;107.92;170;11416166073;S
20241113;110034;107.9;170;11416166074;S
20241113;110034;107.8;110;11416166075;S
20241113;110034;107.8;300;11416166076;S
20241113;110034;107.78;130;11416166077;S
20241113;110034;107.74;250;11416166078;S
20241113;110034;107.74;400;11416166079;S
20241113;110034;107.72;1370;11416166080;S
20241113;110034;107.7;1000;11416166081;S
20241113;110034;107.66;200;11416166082;S
20241113;110034;107.66;10;11416166083;S
20241113;110034;107.64;2000;11416166084;S
20241113;110034;107.62;10;11416166085;S
20241113;110034;107.62;1500;11416166086;S
20241113;110035;107.62;30;11416166202;S
20241113;110055;107.78;10;11416168272;B
20241113;110221;107.84;390;11416184989;B
20241113;110221;107.86;2000;11416184990;B
20241113;110221;107.92;2550;11416184991;B
20241113;110221;107.92;60;11416184992;B
20241113;110250;107.9;70;11416192827;B
20241113;110315;107.82;100;11416198102;S
20241113;110358;107.82;70;11416205682;S
20241113;110358;107.82;10;11416205683;S
20241113;110520;107.82;350;11416218982;B
20241113;110547;107.8;10;11416223584;S
20241113;110549;107.8;40;11416223926;S
20241113;110549;107.74;10;11416223927;S
20241113;110600;107.82;70;11416225677;B
20241113;110609;107.84;30;11416227118;S
20241113;110611;107.9;10;11416227545;B
20241113;110639;107.9;20;11416232181;B
20241113;110639;107.96;50;11416232182;B
20241113;110639;107.98;50;11416232183;B
20241113;110639;107.98;200;11416232184;B
20241113;110639;107.98;100;11416232185;B
20241113;110639;108;30;11416232186;B
20241113;110639;108;20;11416232187;B
20241113;110639;108;130;11416232188;B
20241113;110639;108;2220;11416232189;B
20241113;110639;108;930;11416232190;B
20241113;110639;108.02;2000;11416232191;B
20241113;110639;108.06;2540;11416232192;B
20241113;110639;108.1;10;11416232193;B
20241113;110639;108.1;130;11416232194;B
20241113;110639;108.16;2220;11416232195;B
20241113;110639;108.18;1550;11416232196;B
20241113;110805;108.02;40;11416248453;S
20241113;110840;108.02;10;11416255512;S
20241113;110844;108.12;10;11416256257;B
20241113;110857;108.04;10;11416258987;S
20241113;110901;108.1;10;11416259745;B
20241113;110901;108.12;30;11416259746;B
20241113;110901;108.12;40;11416259747;B
20241113;110901;108.14;40;11416259748;B
20241113;110901;108.14;350;11416259749;B
20241113;110908;108.14;400;11416261434;S
20241113;110915;108.14;130;11416262864;S
20241113;110956;108.24;10;11416271598;B
20241113;110956;108.28;120;11416271599;B
20241113;110956;108.28;40;11416271600;B
20241113;110956;108.28;870;11416271601;B
20241113;111000;108.24;10;11416272499;B
20241113;111000;108.24;10;11416272627;B
20241113;111009;108.24;10;11416274749;B
20241113;111010;108.24;20;11416275134;B
20241113;111018;108.24;50;11416277210;B
20241113;111019;108.24;10;11416277323;B
20241113;111019;108.3;10;11416277327;B
20241113;111029;108.3;10;11416279522;B
20241113;111029;108.3;10;11416279523;B
20241113;111029;108.32;600;11416279524;B
20241113;111029;108.34;580;11416279525;B
20241113;111029;108.38;500;11416279526;B
20241113;111029;108.4;10;11416279527;B
20241113;111029;108.4;10;11416279528;B
20241113;111029;108.4;930;11416279529;B
20241113;111029;108.42;80;11416279530;B
20241113;111042;108.4;10;11416282777;B
20241113;111042;108.42;40;11416282778;B
20241113;111119;108.36;50;11416292045;B
20241113;111149;108.3;30;11416300506;S
20241113;111149;108.3;10;11416300507;S
20241113;111149;108.3;10;11416300508;S
20241113;111149;108.24;30;11416300509;S
20241113;111212;108.34;10;11416305369;B
20241113;111212;108.34;10;11416305370;B
20241113;111236;108.32;450;11416310421;B
20241113;111236;108.36;10;11416310422;B
20241113;111236;108.36;130;11416310423;B
20241113;111236;108.38;930;11416310424;B
20241113;111236;108.4;1000;11416310425;B
20241113;111236;108.4;2920;11416310426;B
20241113;111236;108.4;800;11416310427;B
20241113;111236;108.4;200;11416310428;B
20241113;111236;108.4;1050;11416310430;S
20241113;111236;108.4;900;11416310431;S
20241113;111240;108.42;10;11416311253;B
20241113;111240;108.42;10;11416311254;B
20241113;111240;108.44;60;11416311255;B
20241113;111240;108.42;10;11416311354;B
20241113;111245;108.4;20;11416312578;S
20241113;111250;108.42;250;11416315251;B
20241113;111259;108.4;390;11416318908;S
20241113;111320;108.4;500;11416327952;S
20241113;111321;108.4;10;11416328235;S
20241113;111321;108.44;20;11416328427;B
20241113;111324;108.4;100;11416329466;S
20241113;111345;108.4;10;11416334197;S
20241113;111354;108.4;580;11416335918;S
20241113;111439;108.36;10;11416344288;B
20241113;111537;108.34;20;11416353366;B
20241113;111545;108.28;100;11416354458;S
20241113;111549;108.28;100;11416354985;B
20241113;111611;108.26;10;11416357997;S
20241113;111701;108.28;40;11416366176;B
20241113;111721;108.26;20;11416369579;S
20241113;111721;108.26;10;11416369580;S
20241113;111721;108.26;50;11416369581;S
20241113;111726;108.18;400;11416370166;S
20241113;111726;108.16;100;11416370167;S
20241113;111726;108.16;150;11416370168;S
20241113;111835;108.26;20;11416380255;B
20241113;111924;108.2;10;11416386791;B
20241113;111924;108.24;10;11416386792;B
20241113;112002;108.18;10;11416392103;S
20241113;112002;108.18;10;11416392104;S
20241113;112023;108.18;40;11416396709;B
20241113;112025;108.16;10;11416396887;S
20241113;112025;108.16;60;11416396888;S
20241113;112042;108.16;10;11416399845;S
20241113;112205;108.16;50;11416412125;S
20241113;112237;108.16;300;11416416525;S
20241113;112327;108.16;10;11416421732;S
20241113;112329;108.18;10;11416422184;B
20241113;112336;108.18;10;11416422955;B
20241113;112349;108.18;20;11416424622;B
20241113;112349;108.18;10;11416424623;B
20241113;112548;108.26;10;11416435373;B
20241113;112552;108.28;70;11416435918;B
20241113;112734;108.2;10;11416448635;S
20241113;112909;108.28;20;11416457339;B
20241113;112909;108.3;20;11416457340;B
20241113;112909;108.3;60;11416457341;B
20241113;113036;108.3;20;11416465281;B
20241113;113052;108.32;10;11416467110;B
20241113;113143;108.36;150;11416471735;B
20241113;113143;108.36;450;11416471736;B
20241113;113155;108.36;550;11416472667;B
20241113;113155;108.36;50;11416472668;B
20241113;113256;108.36;10;11416478298;B
20241113;113312;108.36;120;11416479856;B
20241113;113312;108.36;40;11416479896;S
20241113;113413;108.34;10;11416485263;B
20241113;113444;108.34;10;11416487816;B
20241113;113444;108.34;120;11416487817;B
20241113;113450;108.34;40;11416488442;B
20241113;113450;108.36;100;11416488443;B
20241113;113453;108.32;60;11416488842;S
20241113;113518;108.32;10;11416491337;B
20241113;113556;108.32;10;11416494873;S
20241113;113636;108.32;10;11416497673;B
20241113;113644;108.32;10;11416498368;B
20241113;113652;108.3;170;11416498896;S
20241113;113721;108.3;10;11416501208;S
20241113;113727;108.32;120;11416501686;B
20241113;113727;108.3;400;11416501731;S
20241113;113742;108.3;10;11416503069;S
20241113;113758;108.3;10;11416504596;S
20241113;113829;108.32;100;11416507035;B
20241113;113842;108.32;10;11416507939;B
20241113;113854;108.3;60;11416509447;S
20241113;113854;108.3;340;11416509448;S
20241113;113855;108.3;10;11416509606;S
20241113;113906;108.3;760;11416510888;S
20241113;113915;108.3;550;11416511782;S
20241113;113922;108.3;340;11416512509;S
20241113;113922;108.3;200;11416512510;S
20241113;113922;108.3;210;11416512511;S
20241113;113937;108.3;1300;11416514148;S
20241113;113943;108.3;1300;11416514655;S
20241113;113952;108.3;1000;11416515549;S
20241113;114132;108.3;40;11416524023;S
20241113;114135;108.32;260;11416524279;B
20241113;114205;108.32;10;11416526735;B
20241113;114235;108.32;10;11416529497;B
20241113;114357;108.32;20;11416539034;B
20241113;114436;108.3;10;11416543957;S
20241113;114614;108.32;20;11416555073;B
20241113;114631;108.32;100;11416556381;B
20241113;114638;108.32;10;11416556889;B
20241113;114732;108.32;10;11416565538;B
20241113;114751;108.32;40;11416567230;B
20241113;114802;108.32;50;11416568319;B
20241113;114830;108.36;20;11416571328;B
20241113;114840;108.36;790;11416572553;B
20241113;114841;108.36;90;11416572602;B
20241113;114841;108.4;480;11416572603;B
20241113;114841;108.4;100;11416572604;B
20241113;114845;108.44;10;11416573042;B
20241113;114847;108.48;50;11416573193;B
20241113;114847;108.5;10;11416573194;B
20241113;114847;108.5;30;11416573195;B
20241113;114847;108.5;40;11416573197;B
20241113;114847;108.5;20;11416573198;B
20241113;114847;108.5;10;11416573199;B
20241113;114849;108.44;30;11416573700;S
20241113;114851;108.44;20;11416574139;S
20241113;114907;108.5;200;11416576680;B
20241113;114911;108.44;30;11416577096;S
20241113;114911;108.44;30;11416577097;S
20241113;114953;108.5;40;11416582983;B
20241113;114956;108.5;100;11416583802;B
20241113;114956;108.5;100;11416583803;B
20241113;114956;108.5;10;11416583804;B
20241113;114956;108.5;10;11416583805;B
20241113;114957;108.52;10;11416584079;B
20241113;115008;108.52;10;11416586328;B
20241113;115008;108.54;90;11416586329;B
20241113;115012;108.54;810;11416586956;B
20241113;115012;108.56;200;11416586957;B
20241113;115019;108.56;70;11416587754;S
20241113;115019;108.56;50;11416587755;S
20241113;115021;108.54;1000;11416588004;S
20241113;115023;108.56;10;11416588110;B
20241113;115025;108.56;100;11416588313;B
20241113;115033;108.56;280;11416589567;B
20241113;115034;108.56;20;11416589613;S
20241113;115045;108.54;50;11416590563;S
20241113;115049;108.56;10;11416590984;B
20241113;115101;108.56;10;11416592802;B
20241113;115102;108.56;80;11416592816;B
20241113;115102;108.56;20;11416592817;B
20241113;115102;108.56;90;11416592818;B
20241113;115102;108.58;30;11416592819;B
20241113;115102;108.58;20;11416592820;B
20241113;115102;108.58;60;11416592821;B
20241113;115102;108.58;20;11416592822;B
20241113;115103;108.58;660;11416592871;B
20241113;115103;108.58;210;11416592872;B
20241113;115103;108.58;390;11416592873;B
20241113;115103;108.58;230;11416592874;B
20241113;115103;108.58;130;11416592876;B
20241113;115103;108.58;140;11416592877;B
20241113;115103;108.6;120;11416592878;B
20241113;115103;108.6;100;11416592879;B
20241113;115103;108.6;230;11416592880;B
20241113;115103;108.6;180;11416592881;B
20241113;115103;108.6;520;11416592882;B
20241113;115104;108.6;70;11416592951;S
20241113;115106;108.6;30;11416593160;S
20241113;115109;108.62;40;11416593393;B
20241113;115109;108.62;400;11416593455;B
20241113;115114;108.62;460;11416594108;B
20241113;115114;108.62;120;11416594109;B
20241113;115158;108.62;30;11416598781;S
20241113;115201;108.68;50;11416599013;B
20241113;115201;108.68;200;11416599075;B
20241113;115238;108.66;180;11416601692;B
20241113;115238;108.66;40;11416601693;B
20241113;115253;108.68;520;11416603234;B
20241113;115255;108.64;20;11416603468;S
20241113;115325;108.62;30;11416606159;S
20241113;115325;108.62;30;11416606160;S
20241113;115325;108.6;30;11416606161;S
20241113;115325;108.6;10;11416606162;S
20241113;115403;108.64;10;11416609540;B
20241113;115415;108.64;200;11416610526;B
20241113;115418;108.64;50;11416610817;B
20241113;115433;108.62;20;11416612115;S
20241113;115433;108.6;20;11416612116;S
20241113;115433;108.58;30;11416612117;S
20241113;115446;108.6;20;11416614695;S
20241113;115446;108.58;160;11416614696;S
20241113;115525;108.66;10;11416621449;B
20241113;115539;108.66;10;11416622391;B
20241113;115546;108.66;10;11416622942;B
20241113;115612;108.6;10;11416625030;S
20241113;115633;108.66;70;11416626917;B
20241113;115634;108.7;10;11416627352;B
20241113;115634;108.7;10;11416627353;B
20241113;115634;108.7;10;11416627354;B
20241113;115634;108.74;400;11416627387;B
20241113;115634;108.76;290;11416627391;B
20241113;115634;108.76;10;11416627393;B
20241113;115635;108.74;30;11416627555;S
20241113;115635;108.76;40;11416627647;B
20241113;115635;108.76;140;11416627648;B
20241113;115635;108.76;50;11416627649;B
20241113;115637;108.76;90;11416628264;B
20241113;115637;108.78;210;11416628270;B
20241113;115639;108.78;120;11416628706;B
20241113;115640;108.78;30;11416629084;B
20241113;115644;108.78;140;11416629614;B
20241113;115646;108.78;20;11416630071;B
20241113;115648;108.78;30;11416630266;B
20241113;115652;108.78;30;11416630588;B
20241113;115657;108.78;10;11416631123;B
20241113;115702;108.78;50;11416631838;B
20241113;115703;108.78;20;11416631930;B
20241113;115705;108.78;30;11416632185;B
20241113;115745;108.78;1000;11416640803;B
20241113;115848;108.7;10;11416658307;S
20241113;120052;108.78;10;11416689848;B
20241113;120106;108.78;520;11416692028;B
20241113;120107;108.78;160;11416692075;B
20241113;120107;108.78;140;11416692076;B
20241113;120107;108.78;60;11416692077;B
20241113;120122;108.78;500;11416695049;B
20241113;120122;108.78;70;11416695051;B
20241113;120157;108.76;10;11416701094;S
20241113;120228;108.76;10;11416704983;B
20241113;120255;108.76;20;11416707827;B
20241113;120258;108.76;20;11416708012;B
20241113;120336;108.72;10;11416715105;S
20241113;120341;108.72;40;11416715503;S
20241113;120341;108.72;40;11416715504;S
20241113;120343;108.7;190;11416715629;S
20241113;120343;108.7;200;11416715630;S
20241113;120343;108.68;150;11416715631;S
20241113;120343;108.68;60;11416715632;S
20241113;120356;108.68;20;11416716915;S
20241113;120420;108.74;20;11416722573;B
20241113;120438;108.74;10;11416728667;B
20241113;120506;108.74;120;11416734363;B
20241113;120506;108.74;10;11416734364;B
20241113;120506;108.74;1650;11416734365;B
20241113;120516;108.7;170;11416735542;B
20241113;120635;108.68;20;11416747482;S
20241113;120741;108.6;70;11416759334;S
20241113;120741;108.6;380;11416759335;S
20241113;120741;108.58;180;11416759336;S
20241113;120741;108.58;100;11416759337;S
20241113;120741;108.58;100;11416759338;S
20241113;120741;108.56;70;11416759339;S
20241113;120741;108.56;40;11416759340;S
20241113;120741;108.54;10;11416759341;S
20241113;120741;108.54;400;11416759342;S
20241113;120741;108.54;40;11416759343;S
20241113;120741;108.5;40;11416759344;S
20241113;120741;108.5;10;11416759345;S
20241113;120741;108.5;1420;11416759346;S
20241113;120741;108.48;420;11416759347;S
20241113;120741;108.48;310;11416759348;S
20241113;120741;108.48;90;11416759349;S
20241113;120741;108.48;120;11416759350;S
20241113;120741;108.48;130;11416759351;S
20241113;120741;108.46;10;11416759352;S
20241113;120741;108.46;60;11416759353;S
20241113;120741;108.46;40;11416759354;S
20241113;120741;108.44;10;11416759355;S
20241113;120741;108.44;2220;11416759356;S
20241113;120741;108.42;3000;11416759357;S
20241113;120741;108.42;800;11416759358;S
20241113;120741;108.4;10;11416759359;S
20241113;120741;108.4;10;11416759360;S
20241113;120741;108.4;2000;11416759361;S
20241113;120741;108.38;410;11416759362;S
20241113;120741;108.38;320;11416759363;S
20241113;120741;108.38;120;11416759364;S
20241113;120741;108.38;120;11416759365;S
20241113;120741;108.36;60;11416759366;S
20241113;120741;108.36;40;11416759367;S
20241113;120741;108.36;1000;11416759368;S
20241113;120741;108.36;2530;11416759369;S
20241113;120741;108.34;50;11416759370;S
20241113;120741;108.34;20;11416759371;S
20241113;120741;108.34;10;11416759372;S
20241113;120741;108.3;1020;11416759373;S
20241113;120741;108.3;10;11416759374;S
20241113;120741;108.28;500;11416759375;S
20241113;120741;108.28;380;11416759376;S
20241113;120741;108.28;110;11416759377;S
20241113;120741;108.26;80;11416759378;S
20241113;120741;108.26;60;11416759379;S
20241113;120741;108.26;830;11416759380;S
20241113;120741;108.24;40;11416759381;S
20241113;120741;108.24;10;11416759382;S
20241113;120741;108.24;10;11416759383;S
20241113;120741;108.2;180;11416759384;S
20241113;120741;108.44;130;11416759392;B
20241113;120741;108.44;150;11416759393;B
20241113;120741;108.46;200;11416759394;B
20241113;120741;108.46;150;11416759395;B
20241113;120741;108.54;1130;11416759396;B
20241113;120813;108.46;10;11416763505;B
20241113;120813;108.5;20;11416763506;B
20241113;120852;108.5;10;11416775157;S
20241113;120900;108.5;30;11416777454;S
20241113;120903;108.52;160;11416777885;B
20241113;120937;108.52;100;11416788738;B
20241113;120942;108.5;380;11416793258;S
20241113;120942;108.52;100;11416793290;B
20241113;120945;108.52;100;11416796711;B
20241113;120947;108.52;100;11416798320;B
20241113;120949;108.52;400;11416800307;B
20241113;120949;108.52;530;11416800308;B
20241113;120949;108.52;130;11416800309;B
20241113;120949;108.52;490;11416800310;B
20241113;120949;108.54;2450;11416800311;B
20241113;121009;108.52;50;11416820286;S
20241113;121010;108.54;10;11416821626;B
20241113;121010;108.52;50;11416821627;S
20241113;121010;108.52;100;11416821628;S
20241113;121010;108.52;10;11416821629;S
20241113;121010;108.52;10;11416821630;S
20241113;121011;108.5;260;11416822296;S
20241113;121012;108.5;260;11416823744;S
20241113;121012;108.52;10;11416823982;B
20241113;121012;108.5;60;11416824088;S
20241113;121012;108.5;100;11416824089;S
20241113;121014;108.5;10;11416825729;B
20241113;121016;108.5;10;11416827893;B
20241113;121021;108.5;100;11416833585;B
20241113;121051;108.48;130;11416866630;B
20241113;121051;108.48;20;11416866631;B
20241113;121112;108.46;1000;11416890517;S
20241113;121310;108.44;20;11417018625;S
20241113;121333;108.46;20;11417043698;S
20241113;121333;108.44;20;11417043699;S
20241113;121435;108.5;10;11417112647;B
20241113;121447;108.5;10;11417127033;B
20241113;121505;108.5;2100;11417147465;B
20241113;121510;108.52;10;11417153958;B
20241113;121552;108.52;10;11417201862;B
20241113;121632;108.5;50;11417242126;B
20241113;121632;108.5;80;11417242127;B
20241113;121637;108.46;10;11417247306;S
20241113;121639;108.5;10;11417249506;B
20241113;121726;108.5;10;11417302851;B
20241113;121728;108.5;120;11417305335;B
20241113;121728;108.5;30;11417305336;B
20241113;121728;108.5;10;11417305337;B
20241113;121729;108.52;2530;11417306741;B
20241113;121736;108.54;850;11417314765;B
20241113;121755;108.54;10;11417337536;B
20241113;121804;108.54;360;11417347288;B
20241113;121834;108.54;10;11417380997;B
20241113;121904;108.54;770;11417414220;B
20241113;121906;108.58;230;11417415493;B
20241113;121906;108.58;280;11417415954;B
20241113;121913;108.58;1890;11417422704;B
20241113;121932;108.56;110;11417442138;B
20241113;121934;108.52;570;11417443308;B
20241113;121934;108.54;190;11417443309;B
20241113;121943;108.58;220;11417452905;B
20241113;121954;108.56;10;11417464137;S
20241113;121959;108.58;10;11417470130;B
20241113;122001;108.56;1090;11417472352;B
20241113;122001;108.56;10;11417472362;B
20241113;122026;108.58;10;11417501064;B
20241113;122028;108.6;200;11417503602;B
20241113;122028;108.6;10;11417503603;B
20241113;122036;108.62;200;11417513798;B
20241113;122036;108.62;50;11417513799;B
20241113;122036;108.62;50;11417513800;B
20241113;122037;108.62;10;11417514459;B
20241113;122040;108.62;110;11417518229;B
20241113;122045;108.64;10;11417524428;B
20241113;122051;108.66;10;11417530891;B
20241113;122056;108.66;190;11417537941;B
20241113;122056;108.66;30;11417537942;B
20241113;122058;108.66;10;11417539962;B
20241113;122101;108.64;60;11417543351;S
20241113;122101;108.64;40;11417543352;S
20241113;122103;108.66;40;11417546770;B
20241113;122104;108.68;10;11417546893;B
20241113;122110;108.68;90;11417554878;B
20241113;122111;108.7;10;11417555555;B
20241113;122111;108.7;50;11417555556;B
20241113;122111;108.7;30;11417555557;B
20241113;122111;108.7;840;11417555558;B
20241113;122119;108.7;1010;11417565576;B
20241113;122131;108.7;750;11417580897;B
20241113;122136;108.7;700;11417587267;B
20241113;122137;108.68;100;11417589205;S
20241113;122204;108.6;20;11417621290;S
20241113;122211;108.68;10;11417629510;B
20241113;122300;108.68;30;11417681521;B
20241113;122300;108.68;30;11417681522;B
20241113;122340;108.7;10;11417721621;B
20241113;122351;108.68;40;11417732612;S
20241113;122352;108.7;200;11417733401;B
20241113;122405;108.7;10;11417746684;B
20241113;122405;108.7;10;11417746979;B
20241113;122405;108.7;10;11417747154;B
20241113;122406;108.7;10;11417747398;B
20241113;122436;108.7;10;11417777164;B
20241113;122454;108.7;200;11417794392;B
20241113;122549;108.7;90;11417846417;B
20241113;122552;108.7;10;11417848649;B
20241113;122615;108.7;20;11417870169;B
20241113;122618;108.7;10;11417871828;B
20241113;122630;108.68;20;11417873428;S
20241113;122630;108.68;30;11417873429;S
20241113;122649;108.7;10;11417875078;B
20241113;122701;108.68;30;11417876422;S
20241113;122705;108.68;10;11417876757;S
20241113;122728;108.68;20;11417878551;S
20241113;122737;108.7;10;11417879995;B
20241113;122741;108.68;10;11417880334;S
20241113;122741;108.68;10;11417880335;S
20241113;122820;108.68;10;11417884306;B
20241113;122825;108.68;20;11417884744;B
20241113;122825;108.68;20;11417884745;B
20241113;122825;108.7;160;11417884746;B
20241113;122826;108.6;10;11417884752;S
20241113;122826;108.6;20;11417884753;S
20241113;122835;108.68;10;11417885843;B
20241113;122859;108.7;40;11417887803;B
20241113;122859;108.7;100;11417887824;B
20241113;122930;108.7;10;11417890516;B
20241113;122933;108.7;10;11417890698;B
20241113;122935;108.68;10;11417890831;S
20241113;123010;108.68;10;11417895585;B
20241113;123016;108.68;10;11417896840;B
20241113;123017;108.68;150;11417897066;B
20241113;123019;108.68;10;11417897768;B
20241113;123026;108.66;170;11417898850;S
20241113;123026;108.66;200;11417898851;S
20241113;123026;108.64;130;11417898852;S
20241113;123026;108.68;10;11417898853;B
20241113;123029;108.68;10;11417899126;B
20241113;123030;108.68;70;11417899249;B
20241113;123030;108.68;200;11417899251;B
20241113;123032;108.68;50;11417899735;B
20241113;123036;108.68;10;11417900111;B
20241113;123046;108.68;50;11417901276;B
20241113;123109;108.68;10;11417903553;B
20241113;123120;108.68;20;11417904570;B
20241113;123125;108.68;10;11417905153;B
20241113;123149;108.68;10;11417907462;B
20241113;123150;108.68;10;11417907699;B
20241113;123203;108.68;380;11417909458;B
20241113;123203;108.7;4620;11417909459;B
20241113;123203;108.7;380;11417909460;B
20241113;123203;108.7;380;11417909461;B
20241113;123204;108.7;10;11417909537;B
20241113;123207;108.7;1410;11417910374;B
20241113;123207;108.7;30;11417910375;B
20241113;123208;108.74;50;11417911141;B
20241113;123208;108.76;70;11417911142;B
20241113;123208;108.76;30;11417911143;B
20241113;123220;108.76;170;11417914292;B
20241113;123234;108.78;430;11417917138;B
20241113;123236;108.78;500;11417917539;B
20241113;123236;108.78;460;11417917540;B
20241113;123236;108.78;180;11417917541;B
20241113;123236;108.78;180;11417917542;B
20241113;123236;108.78;100;11417917543;B
20241113;123236;108.78;100;11417917544;B
20241113;123236;108.78;360;11417917545;B
20241113;123236;108.78;410;11417917547;B
20241113;123236;108.78;160;11417917548;B
20241113;123251;108.78;10;11417919690;B
20241113;123410;108.74;230;11417930096;S
20241113;123420;108.7;60;11417931339;S
20241113;123427;108.7;20;11417932131;S
20241113;123458;108.74;20;11417935778;B
20241113;123458;108.76;70;11417935779;B
20241113;123459;108.76;60;11417935857;S
20241113;123459;108.78;60;11417935872;B
20241113;123459;108.78;240;11417935873;B
20241113;123504;108.76;70;11417936296;B
20241113;123516;108.78;10;11417937557;B
20241113;123524;108.78;250;11417938312;B
20241113;123524;108.78;10;11417938313;B
20241113;123524;108.78;80;11417938314;B
20241113;123524;108.8;50;11417938315;B
20241113;123524;108.8;110;11417938316;B
20241113;123525;108.76;580;11417938361;S
20241113;123528;108.78;100;11417938656;B
20241113;123541;108.76;120;11417940125;S
20241113;123541;108.76;10;11417940126;S
20241113;123548;108.7;10;11417941057;S
20241113;123553;108.7;40;11417941347;S
20241113;123557;108.76;150;11417941838;B
20241113;123557;108.78;130;11417941839;B
20241113;123557;108.78;200;11417941840;B
20241113;123557;108.78;150;11417941841;B
20241113;123557;108.78;180;11417941842;B
20241113;123557;108.8;190;11417941843;B
20241113;123616;108.76;20;11417943643;B
20241113;123618;108.78;10;11417943719;B
20241113;123626;108.76;190;11417944687;B
20241113;123638;108.8;10;11417946363;B
20241113;123639;108.8;40;11417946474;B
20241113;123639;108.8;160;11417946476;B
20241113;123639;108.8;140;11417946477;B
20241113;123639;108.8;60;11417946478;B
20241113;123649;108.76;20;11417947629;S
20241113;123720;108.8;10;11417950544;B
20241113;123722;108.76;250;11417950709;S
20241113;123847;108.76;120;11417958586;S
20241113;123847;108.76;80;11417958587;S
20241113;123926;108.78;70;11417962066;B
20241113;123926;108.8;2430;11417962067;B
20241113;123934;108.78;20;11417962872;B
20241113;123943;108.76;220;11417963755;S
20241113;123943;108.76;10;11417963756;S
20241113;123943;108.74;200;11417963757;S
20241113;123952;108.72;100;11417964762;S
20241113;123957;108.72;100;11417965277;S
20241113;123957;108.7;370;11417965278;S
20241113;123957;108.7;1000;11417965279;S
20241113;123957;108.7;140;11417965280;S
20241113;124008;108.76;10;11417966201;B
20241113;124025;108.76;20;11417967886;B
20241113;124041;108.7;10;11417969093;S
20241113;124047;108.74;10;11417969560;B
20241113;124050;108.76;10;11417969731;B
20241113;124110;108.74;10;11417971436;B
20241113;124123;108.74;10;11417972384;B
20241113;124139;108.7;220;11417973725;S
20241113;124139;108.7;100;11417973726;S
20241113;124154;108.74;10;11417975347;B
20241113;124301;108.68;310;11417981801;S
20241113;124301;108.68;290;11417981802;S
20241113;124311;108.7;10;11417982719;B
20241113;124408;108.6;50;11417987611;S
20241113;124445;108.6;10;11417990591;S
20241113;124445;108.6;110;11417990592;S
20241113;124445;108.6;70;11417990593;S
20241113;124511;108.7;130;11417992510;B
20241113;124511;108.7;170;11417992511;B
20241113;124541;108.66;20;11417995492;B
20241113;124553;108.68;10;11417996802;B
20241113;124640;108.7;50;11418000644;B
20241113;124640;108.7;50;11418000645;B
20241113;124640;108.6;80;11418000691;S
20241113;124841;108.72;20;11418012524;B
20241113;124910;108.72;10;11418016415;B
20241113;124919;108.64;20;11418017070;S
20241113;125005;108.72;10;11418021608;B
20241113;125108;108.72;10;11418027836;B
20241113;125128;108.74;270;11418030030;B
20241113;125130;108.74;10;11418030235;B
20241113;125130;108.74;10;11418030254;B
20241113;125141;108.74;810;11418031700;B
20241113;125141;108.76;4190;11418031701;B
20241113;125215;108.76;500;11418034798;B
20241113;125229;108.72;10;11418036347;S
20241113;125229;108.72;10;11418036348;S
20241113;125301;108.76;20;11418039612;B
20241113;125311;108.72;200;11418040488;S
20241113;125402;108.72;10;11418045864;B
20241113;125639;108.6;590;11418059951;S
20241113;125802;108.6;20;11418067644;S
20241113;125802;108.6;20;11418067645;S
20241113;125803;108.6;1190;11418067711;S
20241113;125826;108.6;30;11418070176;S
20241113;125826;108.6;10;11418070177;S
20241113;125826;108.6;100;11418070178;S
20241113;125826;108.6;10;11418070179;S
20241113;125826;108.6;10;11418070180;S
20241113;125826;108.6;10;11418070181;S
20241113;125826;108.6;30;11418070182;S
20241113;125845;108.6;240;11418071885;B
20241113;125903;108.58;320;11418073506;S
20241113;125903;108.58;80;11418073507;S
20241113;125905;108.58;200;11418073756;S
20241113;125905;108.58;300;11418073757;S
20241113;125914;108.6;10;11418074610;B
20241113;125929;108.6;10;11418075979;B
20241113;125937;108.58;40;11418076814;S
20241113;125941;108.58;60;11418077259;S
20241113;125944;108.58;10;11418077767;B
20241113;130019;108.58;10;11418081149;B
20241113;130027;108.56;60;11418081749;S
20241113;130036;108.56;30;11418082689;S
20241113;130036;108.56;120;11418082807;S
20241113;130036;108.56;10;11418082808;S
20241113;130036;108.56;50;11418082809;S
20241113;130043;108.56;10;11418083362;B
20241113;130111;108.56;10;11418085661;B
20241113;130111;108.56;20;11418085662;B
20241113;130116;108.58;200;11418086236;B
20241113;130134;108.56;30;11418087536;B
20241113;130146;108.56;70;11418088559;B
20241113;130158;108.56;10;11418089567;S
20241113;130229;108.58;500;11418092212;B
20241113;130323;108.58;250;11418097283;B
20241113;130324;108.58;20;11418097328;B
20241113;130420;108.5;10;11418102071;S
20241113;130420;108.5;50;11418102072;S
20241113;130420;108.5;190;11418102073;S
20241113;130420;108.5;120;11418102074;S
20241113;130420;108.5;10;11418102075;S
20241113;130420;108.5;200;11418102076;S
20241113;130512;108.5;10;11418106961;B
20241113;130520;108.48;380;11418107772;S
20241113;130520;108.48;350;11418107773;S
20241113;130527;108.46;80;11418108325;B
20241113;130527;108.48;190;11418108326;B
20241113;130527;108.48;80;11418108327;B
20241113;130527;108.5;990;11418108328;B
20241113;130527;108.5;200;11418108329;B
20241113;130638;108.52;10;11418115752;S
20241113;130639;108.5;5460;11418115942;S
20241113;130639;108.5;10;11418115943;S
20241113;130639;108.5;10;11418115944;S
20241113;130641;108.52;10;11418116150;B
20241113;130731;108.48;10;11418120462;B
20241113;130832;108.52;10;11418125924;B
20241113;130832;108.54;20;11418125925;B
20241113;130832;108.54;10;11418125926;B
20241113;130832;108.56;10;11418125927;B
20241113;130843;108.56;10;11418126721;B
20241113;130913;108.58;80;11418129152;B
20241113;130953;108.58;10;11418132038;B
20241113;131000;108.58;20;11418132498;B
20241113;131042;108.58;250;11418135361;B
20241113;131109;108.58;50;11418137062;B
20241113;131115;108.54;10;11418137437;S
20241113;131120;108.56;10;11418137772;B
20241113;131134;108.54;50;11418139579;S
20241113;131139;108.58;20;11418139849;B
20241113;131147;108.58;300;11418140581;B
20241113;131216;108.58;50;11418143639;B
20241113;131232;108.58;20;11418145123;B
20241113;131326;108.58;230;11418149957;B
20241113;131326;108.58;170;11418149958;B
20241113;131326;108.58;1100;11418149959;B
20241113;131326;108.6;3130;11418149960;B
20241113;131434;108.54;50;11418155162;S
20241113;131434;108.54;10;11418155163;S
20241113;131434;108.54;10;11418155164;S
20241113;131523;108.54;100;11418159259;B
20241113;131543;108.52;20;11418160853;B
20241113;131543;108.54;1080;11418160854;B
20241113;131543;108.54;20;11418160855;B
20241113;131551;108.54;140;11418161446;S
20241113;131602;108.6;470;11418162290;B
20241113;131621;108.62;50;11418163603;B
20241113;131631;108.64;2700;11418164260;B
20241113;131707;108.64;30;11418166866;S
20241113;131718;108.66;110;11418167681;B
20241113;131731;108.68;40;11418168786;B
20241113;131736;108.7;10;11418169150;B
20241113;131851;108.76;70;11418175577;B
20241113;131951;108.76;130;11418180444;B
20241113;131951;108.76;870;11418180445;B
20241113;131951;108.78;2520;11418180446;B
20241113;131951;108.8;1850;11418180453;B
20241113;131951;108.8;300;11418180454;B
20241113;131951;108.8;10;11418180455;B
20241113;131951;108.8;10;11418180456;B
20241113;131951;108.8;150;11418180457;B
20241113;131951;108.8;60;11418180458;B
20241113;131951;108.8;20;11418180459;B
20241113;131951;108.82;950;11418180490;B
20241113;131951;108.84;770;11418180491;B
20241113;131952;108.86;10;11418180492;B
20241113;131952;108.86;290;11418180493;B
20241113;131952;108.86;300;11418180494;B
20241113;131952;108.86;240;11418180495;B
20241113;131952;108.86;290;11418180496;B
20241113;131952;108.86;320;11418180497;B
20241113;131952;108.88;230;11418180498;B
20241113;131952;108.88;210;11418180499;B
20241113;132017;108.88;60;11418182677;B
20241113;132018;108.9;40;11418182739;B
20241113;132019;108.9;40;11418182837;B
20241113;132019;108.9;180;11418182839;B
20241113;132023;108.9;80;11418183187;B
20241113;132024;108.9;100;11418183289;B
20241113;132025;108.9;10;11418183343;B
20241113;132029;108.9;50;11418183616;B
20241113;132030;108.9;10;11418183784;B
20241113;132032;108.9;80;11418183897;B
20241113;132036;108.9;100;11418184183;B
20241113;132048;108.9;9310;11418185612;B
20241113;132048;108.9;1000;11418185613;B
20241113;132048;108.9;410;11418185614;B
20241113;132048;108.92;10;11418185615;B
20241113;132048;108.94;1690;11418185617;B
20241113;132048;108.94;1050;11418185618;B
20241113;132048;108.98;10;11418185619;B
20241113;132048;108.98;20;11418185620;B
20241113;132048;108.98;10;11418185621;B
20241113;132048;109;5000;11418185622;B
20241113;132048;109;10;11418185623;B
20241113;132048;109;20;11418185624;B
20241113;132048;109;10;11418185625;B
20241113;132048;109;20;11418185626;B
20241113;132048;109;10;11418185627;B
20241113;132048;109;30;11418185628;B
20241113;132048;109;50;11418185629;B
20241113;132048;109;10;11418185630;B
20241113;132048;109;1000;11418185631;B
20241113;132048;109;160;11418185632;B
20241113;132048;109.04;2000;11418185633;B
20241113;132048;109.06;900;11418185634;B
20241113;132048;108.98;1700;11418185637;B
20241113;132048;109.08;200;11418185638;B
20241113;132048;109.1;20;11418185639;B
20241113;132048;109.16;10;11418185640;B
20241113;132048;109.16;10;11418185641;B
20241113;132048;109.16;2220;11418185642;B
20241113;132048;109.16;420;11418185643;B
20241113;132048;109.18;30;11418185644;B
20241113;132048;109.18;1500;11418185645;B
20241113;132048;109.18;800;11418185646;B
20241113;132048;109.18;3000;11418185647;B
20241113;132048;109.2;2090;11418185648;B
20241113;132048;109.18;50;11418185658;B
20241113;132048;109.18;1200;11418185664;B
20241113;132049;108.98;70;11418185684;S
20241113;132049;109.18;1200;11418185688;B
20241113;132049;109.18;30;11418185691;B
20241113;132049;109.16;360;11418185710;S
20241113;132049;109.1;170;11418185745;S
20241113;132049;109.04;200;11418185746;S
20241113;132049;109.02;130;11418185747;S
20241113;132053;109.06;10;11418186081;B
20241113;132102;108.98;10;11418186742;S
20241113;132102;108.98;190;11418186793;B
20241113;132102;109;10;11418186797;S
20241113;132106;109.04;10;11418187017;B
20241113;132131;109.08;2570;11418189273;B
20241113;132131;109.1;50;11418189274;B
20241113;132131;109.1;1000;11418189275;B
20241113;132140;109.12;550;11418190039;B
20241113;132140;109.12;10;11418190040;B
20241113;132142;109.14;120;11418190169;B
20241113;132152;109.12;10;11418190967;S
20241113;132211;109.14;210;11418192207;B
20241113;132211;109.14;90;11418192208;B
20241113;132212;109.12;360;11418192272;S
20241113;132221;109.16;1250;11418192866;B
20241113;132227;109.14;40;11418193351;B
20241113;132235;109.16;150;11418193933;B
20241113;132235;109.16;150;11418194031;S
20241113;132241;109.18;2380;11418194350;B
20241113;132242;109.16;70;11418194400;S
20241113;132245;109.18;2620;11418194673;B
20241113;132250;109.2;10;11418195185;B
20241113;132250;109.2;400;11418195186;B
20241113;132250;109.2;200;11418195187;B
20241113;132250;109.2;190;11418195188;B
20241113;132251;109.2;160;11418195224;B
20241113;132251;109.2;150;11418195225;B
20241113;132251;109.2;50;11418195226;B
20241113;132251;109.2;250;11418195269;B
20241113;132255;109.22;60;11418195643;B
20241113;132258;109.22;2500;11418196076;B
20241113;132300;109.2;300;11418196204;S
20241113;132305;109.22;17440;11418196574;B
20241113;132305;109.22;10;11418196575;B
20241113;132305;109.22;10;11418196576;B
20241113;132305;109.22;500;11418196577;B
20241113;132305;109.22;300;11418196578;B
20241113;132305;109.22;130;11418196579;B
20241113;132305;109.24;10;11418196580;B
20241113;132305;109.24;100;11418196581;B
20241113;132305;109.28;260;11418196583;B
20241113;132305;109.28;1200;11418196591;B
20241113;132305;109.28;60;11418196614;B
20241113;132305;109.28;260;11418196628;B
20241113;132306;109.26;30;11418196638;S
20241113;132308;109.28;270;11418196756;B
20241113;132308;109.3;100;11418196757;B
20241113;132308;109.3;50;11418196758;B
20241113;132308;109.3;10;11418196759;B
20241113;132308;109.32;130;11418196761;S
20241113;132308;109.32;460;11418196762;S
20241113;132308;109.32;410;11418196773;B
20241113;132308;109.34;20;11418196774;B
20241113;132308;109.34;110;11418196775;B
20241113;132308;109.36;430;11418196776;B
20241113;132308;109.38;100;11418196777;B
20241113;132308;109.38;30;11418196778;B
20241113;132308;109.38;10;11418196779;B
20241113;132308;109.38;90;11418196780;B
20241113;132309;109.28;50;11418196862;S
20241113;132314;109.3;1210;11418197188;S
20241113;132314;109.3;320;11418197189;S
20241113;132314;109.3;130;11418197190;S
20241113;132320;109.28;10;11418197570;S
20241113;132329;109.3;250;11418198404;B
20241113;132329;109.3;200;11418198425;B
20241113;132343;109.28;20;11418199341;S
20241113;132348;109.28;60;11418199673;S
20241113;132348;109.28;260;11418199674;S
20241113;132351;109.28;260;11418199846;S
20241113;132352;109.28;260;11418200009;S
20241113;132352;109.28;260;11418200015;S
20241113;132353;109.28;260;11418200053;S
20241113;132353;109.28;110;11418200082;S
20241113;132353;109.28;20;11418200083;S
20241113;132353;109.28;130;11418200084;S
20241113;132354;109.28;260;11418200145;S
20241113;132354;109.28;260;11418200205;S
20241113;132354;109.28;350;11418200233;S
20241113;132354;109.28;110;11418200234;S
20241113;132355;109.26;220;11418200270;S
20241113;132357;109.2;10;11418200489;S
20241113;132430;109.2;110;11418203202;S
20241113;132430;109.2;130;11418203203;S
20241113;132432;109.1;100;11418203313;S
20241113;132432;109.08;220;11418203314;S
20241113;132432;109.08;100;11418203315;S
20241113;132432;109.08;100;11418203331;B
20241113;132436;109.08;50;11418203571;B
20241113;132441;109.08;1430;11418203986;B
20241113;132441;109.1;40;11418203987;B
20241113;132441;109.12;220;11418203988;B
20241113;132441;109.14;220;11418203989;B
20241113;132441;109.18;200;11418203990;B
20241113;132441;109.2;1590;11418203991;B
20241113;132441;109.2;80;11418203992;B
20241113;132441;109.22;30;11418203993;B
20241113;132441;109.22;130;11418203994;B
20241113;132441;109.24;930;11418203995;B
20241113;132441;109.26;2000;11418203996;B
20241113;132441;109.28;600;11418203997;B
20241113;132441;109.3;7890;11418203998;B
20241113;132441;109.3;460;11418203999;B
20241113;132441;109.3;1000;11418204000;B
20241113;132441;109.4;2650;11418204001;B
20241113;132441;109.42;3510;11418204002;B
20241113;132441;109.5;10;11418204003;B
20241113;132441;109.5;30;11418204004;B
20241113;132441;109.5;10;11418204005;B
20241113;132441;109.52;60;11418204006;B
20241113;132441;109.56;10;11418204007;B
20241113;132441;109.64;10;11418204008;B
20241113;132441;109.64;40;11418204009;B
20241113;132441;109.66;300;11418204010;B
20241113;132441;109.66;600;11418204011;B
20241113;132441;109.66;310;11418204012;B
20241113;132441;109.68;500;11418204013;B
20241113;132441;109.74;490;11418204014;B
20241113;132441;109.78;300;11418204015;B
20241113;132441;109.8;1000;11418204016;B
20241113;132441;109.8;1400;11418204017;B
20241113;132441;109.8;10;11418204018;B
20241113;132441;109.8;1490;11418204019;B
20241113;132441;109.8;1220;11418204020;B
20241113;132442;109.38;200;11418204032;S
20241113;132442;109.78;930;11418204033;B
20241113;132442;109.78;270;11418204034;B
20241113;132442;109.76;930;11418204037;B
20241113;132442;109.78;70;11418204038;B
20241113;132442;109.78;200;11418204039;B
20241113;132442;109.78;1200;11418204041;B
20241113;132442;109.78;1200;11418204042;B
20241113;132442;109.74;1200;11418204048;B
20241113;132442;109.56;20;11418204050;S
20241113;132442;109.56;380;11418204052;S
20241113;132442;109.56;10;11418204053;S
20241113;132442;109.54;110;11418204054;S
20241113;132443;109.5;280;11418204071;B
20241113;132443;109.5;20;11418204072;B
20241113;132443;109.5;20;11418204073;B
20241113;132443;109.54;1420;11418204074;B
20241113;132443;109.54;200;11418204075;B
20241113;132443;109.6;20;11418204076;B
20241113;132443;109.62;4200;11418204077;B
20241113;132443;109.64;130;11418204078;B
20241113;132443;109.64;2000;11418204079;B
20241113;132443;109.68;400;11418204080;B
20241113;132443;109.68;520;11418204081;B
20241113;132443;109.68;520;11418204082;B
20241113;132443;109.7;1270;11418204083;B
20241113;132443;109.52;10;11418204183;S
20241113;132520;109.52;100;11418207055;S
20241113;132529;109.52;100;11418207586;S
20241113;132533;109.54;180;11418208383;B
20241113;132533;109.56;20;11418208384;B
20241113;132538;109.56;10;11418208698;B
20241113;132557;109.52;10;11418209920;S
20241113;132557;109.46;290;11418209921;B
20241113;132612;109.44;80;11418210993;S
20241113;132612;109.44;70;11418210994;B
20241113;132622;109.44;70;11418211794;S
20241113;132622;109.44;10;11418211795;B
20241113;132629;109.5;10;11418212375;B
20241113;132631;109.46;50;11418212604;S
20241113;132633;109.5;290;11418212722;B
20241113;132633;109.5;10;11418212723;B
20241113;132637;109.54;10;11418213226;B
20241113;132638;109.54;10;11418213370;B
20241113;132640;109.56;190;11418213518;B
20241113;132640;109.56;30;11418213519;B
20241113;132640;109.56;2000;11418213520;B
20241113;132640;109.6;50;11418213521;B
20241113;132640;109.6;70;11418213522;B
20241113;132640;109.62;50;11418213523;B
20241113;132640;109.64;50;11418213524;B
20241113;132640;109.66;20;11418213525;B
20241113;132640;109.66;10;11418213526;B
20241113;132640;109.68;30;11418213527;B
20241113;132642;109.6;40;11418213698;S
20241113;132642;109.6;10;11418213699;S
20241113;132706;109.44;50;11418215510;S
20241113;132711;109.46;20;11418215834;S
20241113;132711;109.44;940;11418215835;S
20241113;132711;109.44;20;11418215836;S
20241113;132712;109.44;20;11418215851;B
20241113;132712;109.44;380;11418215852;B
20241113;132720;109.42;150;11418216475;S
20241113;132720;109.42;30;11418216476;S
20241113;132720;109.4;10;11418216477;S
20241113;132720;109.4;200;11418216478;S
20241113;132720;109.4;30;11418216479;S
20241113;132722;109.38;100;11418216605;S
20241113;132722;109.36;820;11418216606;S
20241113;132728;109.34;20;11418217071;S
20241113;132732;109.34;10;11418217311;B
20241113;132733;109.34;260;11418217324;B
20241113;132751;109.38;40;11418218625;S
20241113;132819;109.4;180;11418220877;S
20241113;132833;109.34;20;11418222533;S
20241113;132833;109.32;10;11418222534;S
20241113;132833;109.32;2510;11418222535;S
20241113;132833;109.32;150;11418222536;S
20241113;132833;109.32;80;11418222537;S
20241113;132835;109.32;230;11418222657;B
20241113;132835;109.4;20;11418222658;B
20241113;132854;109.34;10;11418224214;S
20241113;132854;109.34;10;11418224215;S
20241113;132854;109.34;30;11418224216;S
20241113;132854;109.32;2220;11418224217;S
20241113;132854;109.32;90;11418224218;S
20241113;132901;109.28;10;11418224879;S
20241113;132920;109.3;100;11418227370;S
20241113;132923;109.3;130;11418227620;S
20241113;132923;109.28;30;11418227621;S
20241113;132923;109.28;140;11418227622;S
20241113;132924;109.28;100;11418227822;B
20241113;132928;109.28;10;11418228284;B
20241113;132928;109.28;120;11418228289;B
20241113;133027;109.34;10;11418236660;S
20241113;133034;109.34;40;11418237324;S
20241113;133034;109.34;110;11418237325;S
20241113;133049;109.36;10;11418238653;S
20241113;133102;109.4;100;11418240881;B
20241113;133102;109.42;20;11418240912;B
20241113;133106;109.4;30;11418241342;S
20241113;133106;109.38;600;11418241343;S
20241113;133106;109.38;20;11418241344;S
20241113;133110;109.32;650;11418241631;S
20241113;133110;109.32;130;11418241632;S
20241113;133110;109.32;200;11418241633;S
20241113;133110;109.3;20;11418241634;S
20241113;133120;109.26;100;11418242770;S
20241113;133120;109.26;10;11418242771;S
20241113;133120;109.26;2510;11418242772;S
20241113;133120;109.26;380;11418242773;S
20241113;133253;109.44;20;11418253644;B
20241113;133253;109.46;50;11418253645;B
20241113;133255;109.5;250;11418253890;B
20241113;133255;109.52;250;11418253902;B
20241113;133255;109.52;400;11418253903;B
20241113;133255;109.54;250;11418253904;B
20241113;133255;109.54;20;11418253905;B
20241113;133255;109.54;200;11418253906;B
20241113;133255;109.56;250;11418253961;B
20241113;133255;109.58;250;11418253972;B
20241113;133256;109.6;250;11418253993;B
20241113;133256;109.6;100;11418253994;B
20241113;133304;109.44;20;11418254804;S
20241113;133335;109.46;80;11418258124;S
20241113;133335;109.46;20;11418258125;B
20241113;133343;109.4;100;11418258861;S
20241113;133343;109.38;20;11418258862;S
20241113;133343;109.38;100;11418258863;S
20241113;133343;109.36;10;11418258864;S
20241113;133343;109.36;200;11418258865;S
20241113;133343;109.36;100;11418258866;S
20241113;133343;109.36;100;11418258867;B
20241113;133343;109.36;350;11418258868;B
20241113;133345;109.36;600;11418259004;B
20241113;133346;109.34;300;11418259080;B
20241113;133346;109.34;10;11418259087;B
20241113;133347;109.3;100;11418259166;S
20241113;133348;109.3;100;11418259322;S
20241113;133349;109.28;10;11418259394;S
20241113;133349;109.28;90;11418259395;S
20241113;133350;109.3;100;11418259541;B
20241113;133353;109.28;80;11418259905;S
20241113;133354;109.3;300;11418259970;S
20241113;133354;109.3;200;11418259971;B
20241113;133354;109.28;100;11418259976;S
20241113;133356;109.28;340;11418260281;S
20241113;133358;109.28;120;11418260385;B
20241113;133403;109.24;100;11418260993;S
20241113;133406;109.28;10;11418261205;B
20241113;133410;109.24;100;11418261584;S
20241113;133412;109.28;20;11418261758;B
20241113;133433;109.24;40;11418264209;S
20241113;133436;109.28;1960;11418264565;B
20241113;133436;109.28;240;11418264647;B
20241113;133441;109.24;600;11418265112;S
20241113;133441;109.24;10;11418265113;S
20241113;133441;109.22;400;11418265114;S
20241113;133441;109.22;10;11418265115;S
20241113;133441;109.22;130;11418265116;S
20241113;133441;109.22;2510;11418265117;S
20241113;133441;109.22;10;11418265122;B
20241113;133446;109.22;80;11418265617;B
20241113;133448;109.22;300;11418265711;B
20241113;133453;109.2;20;11418266236;S
20241113;133453;109.2;660;11418266237;S
20241113;133453;109.18;750;11418266238;S
20241113;133453;109.18;100;11418266239;S
20241113;133453;109.16;10;11418266240;S
20241113;133453;109.16;2510;11418266241;S
20241113;133453;109.16;130;11418266242;S
20241113;133500;109.12;450;11418266910;S
20241113;133503;109.14;400;11418267192;S
20241113;133503;109.1;930;11418267193;S
20241113;133503;109.08;2510;11418267194;S
20241113;133503;109.08;130;11418267195;S
20241113;133503;109.06;10;11418267196;S
20241113;133503;109.06;200;11418267197;S
20241113;133504;109.06;2350;11418267296;B
20241113;133513;109.04;60;11418268039;S
20241113;133513;109.04;2510;11418268040;S
20241113;133513;109.04;130;11418268041;S
20241113;133513;109.04;480;11418268042;S
20241113;133513;109.02;3000;11418268043;S
20241113;133513;109.02;1150;11418268044;S
20241113;133530;109.04;2520;11418269512;S
20241113;133530;109.04;10;11418269513;S
20241113;133530;109.02;800;11418269514;S
20241113;133530;109.02;10;11418269515;S
20241113;133530;109;100;11418269516;S
20241113;133530;109;10;11418269517;S
20241113;133530;109;100;11418269518;S
20241113;133530;109;20;11418269519;S
20241113;133530;109;1000;11418269520;S
20241113;133530;109;470;11418269521;S
20241113;133543;109;470;11418270610;B
20241113;133557;109;10;11418271547;B
20241113;133606;109;1810;11418272413;B
20241113;133606;109;200;11418272414;B
20241113;133606;109;100;11418272415;B
20241113;133606;109;460;11418272416;B
20241113;133606;109.04;10;11418272502;B
20241113;133606;109.06;40;11418272503;B
20241113;133607;109.06;760;11418272553;B
20241113;133644;109.08;10;11418275879;S
20241113;133645;109.14;10;11418275941;B
20241113;133701;109.08;920;11418277173;S
20241113;133712;109.12;10;11418278055;B
20241113;133949;109.06;10;11418290262;S
20241113;133949;109.06;10;11418290263;S
20241113;134024;109.02;90;11418293055;B
20241113;134053;109;30;11418295891;S
20241113;134056;109;190;11418296117;S
20241113;134057;108.98;10;11418296267;S
20241113;134057;108.98;930;11418296268;S
20241113;134057;108.98;400;11418296269;S
20241113;134057;108.98;180;11418296270;S
20241113;134059;109;210;11418296390;B
20241113;134059;109;140;11418296391;B
20241113;134059;109.02;110;11418296392;B
20241113;134059;109.04;1000;11418296393;B
20241113;134059;109.06;130;11418296394;B
20241113;134059;109.06;200;11418296395;B
20241113;134059;109.1;20;11418296396;B
20241113;134059;109.12;150;11418296397;B
20241113;134059;109.12;780;11418296398;B
20241113;134158;109.1;200;11418300236;B
20241113;134158;109.1;30;11418300237;B
20241113;134158;109.12;30;11418300238;B
20241113;134158;109.14;400;11418300239;B
20241113;134158;109.14;200;11418300240;B
20241113;134158;109.14;980;11418300241;B
20241113;134158;109.16;2160;11418300242;B
20241113;134403;109.14;400;11418309449;S
20241113;134430;109.1;10;11418311188;B
20241113;134435;109.14;30;11418311634;B
20241113;134700;109.14;10;11418322560;S
20241113;134701;109.16;10;11418322675;B
20241113;134702;109.14;260;11418322752;S
20241113;134745;109.14;10;11418326456;S
20241113;134752;109.14;100;11418327193;S
20241113;134753;109.14;100;11418327311;S
20241113;134756;109.14;100;11418327503;S
20241113;134824;109.16;20;11418330504;B
20241113;134827;109.14;400;11418330793;S
20241113;135014;109.16;10;11418341140;B
20241113;135027;109.14;300;11418342319;S
20241113;135111;109.14;240;11418345777;S
20241113;135112;109.14;550;11418345862;S
20241113;135205;109.14;10;11418349531;S
20241113;135205;109.14;1100;11418349533;S
20241113;135207;109.16;600;11418349601;B
20241113;135214;109.16;10;11418350027;B
20241113;135231;109.16;330;11418351177;B
20241113;135231;109.16;100;11418351178;B
20241113;135231;109.16;140;11418351179;B
20241113;135231;109.16;30;11418351180;B
20241113;135251;109.14;200;11418353976;S
20241113;135251;109.14;20;11418353977;S
20241113;135251;109.14;10;11418353978;S
20241113;135425;109.14;50;11418363772;B
20241113;135435;109.08;80;11418364565;S
20241113;135502;109.06;10;11418366216;S
20241113;135504;109.04;10;11418366383;S
20241113;135504;109.04;10;11418366384;S
20241113;135504;109.02;10;11418366385;S
20241113;135504;109.02;10;11418366386;S
20241113;135555;109.04;10;11418370785;B
20241113;135616;109.1;10;11418372401;B
20241113;135631;109.1;20;11418373481;B
20241113;135648;109.1;10;11418374807;B
20241113;135930;109.02;10;11418387202;S
20241113;135930;109.02;580;11418387203;S
20241113;135930;109;10;11418387204;S
20241113;135930;109;730;11418387205;S
20241113;135931;109.02;50;11418387262;S
20241113;135931;109;100;11418387263;S
20241113;135931;109;600;11418387278;S
20241113;135931;109.04;20;11418387283;B
20241113;140001;109;50;11418389392;S
20241113;140018;109.12;10;11418390569;B
20241113;140121;109.12;60;11418395362;B
20241113;140121;109.12;20;11418395363;B
20241113;140152;109.02;190;11418397404;S
20241113;140152;109;470;11418397405;S
20241113;140521;109;50;11418417004;S
20241113;140521;109;120;11418417005;S
20241113;140521;109;30;11418417006;S
20241113;140526;108.96;60;11418417340;S
20241113;140542;109;10;11418418911;B
20241113;140612;108.96;10;11418421215;S
20241113;140618;108.96;10;11418421547;S
20241113;140621;108.96;130;11418421788;S
20241113;140633;108.98;10;11418422814;S
20241113;140636;109;890;11418423038;B
20241113;140636;109;730;11418423039;B
20241113;140637;109;190;11418423075;B
20241113;140637;109;10;11418423076;B
20241113;141120;108.96;10;11418449317;S
20241113;141132;108.94;10;11418450628;S
20241113;141132;108.9;10;11418450629;S
20241113;141134;108.96;10;11418450836;B
20241113;141145;108.98;10;11418451886;B
20241113;141216;108.94;10;11418454931;S
20241113;141241;108.94;10;11418456748;S
20241113;141250;108.9;110;11418457306;S
20241113;141250;108.9;1150;11418457307;S
20241113;141251;108.92;170;11418457544;B
20241113;141251;108.94;160;11418457545;B
20241113;141251;108.94;130;11418457546;B
20241113;141251;108.9;1000;11418457586;S
20241113;141252;108.9;760;11418457598;S
20241113;141252;108.86;230;11418457599;S
20241113;141252;108.84;230;11418457600;S
20241113;141252;108.82;20;11418457601;S
20241113;141252;108.82;30;11418457602;S
20241113;141252;108.82;10;11418457603;S
20241113;141252;108.82;130;11418457604;S
20241113;141252;108.8;660;11418457605;S
20241113;141252;108.8;610;11418457606;S
20241113;141252;108.8;120;11418457607;S
20241113;141252;108.8;10;11418457608;S
20241113;141252;108.8;500;11418457609;S
20241113;141252;108.76;10;11418457610;S
20241113;141252;108.76;670;11418457611;S
20241113;141252;108.74;400;11418457612;S
20241113;141252;108.74;2000;11418457613;S
20241113;141252;108.72;250;11418457614;S
20241113;141252;108.7;10;11418457615;S
20241113;141252;108.7;10;11418457616;S
20241113;141252;108.7;410;11418457617;S
20241113;141252;108.7;390;11418457618;S
20241113;141252;108.7;10;11418457619;S
20241113;141252;108.66;10;11418457620;S
20241113;141252;108.66;300;11418457621;S
20241113;141252;108.84;260;11418457641;B
20241113;141253;108.72;300;11418457693;S
20241113;141253;108.7;100;11418457695;S
20241113;141350;108.82;10;11418468150;B
20241113;141352;108.72;10;11418468292;S
20241113;141356;108.66;240;11418468843;S
20241113;141356;108.66;10;11418468860;S
20241113;141431;108.68;10;11418471647;S
20241113;141456;108.72;10;11418474087;B
20241113;141504;108.72;10;11418475085;B
20241113;141515;108.72;20;11418476026;B
20241113;141629;108.78;10;11418487869;B
20241113;141629;108.78;10;11418487870;B
20241113;141631;108.8;20;11418488058;B
20241113;141633;108.76;20;11418488161;B
20241113;141712;108.76;90;11418490956;B
20241113;141744;108.76;110;11418497768;S
20241113;141908;108.76;90;11418510310;B
20241113;141919;108.76;30;11418510884;B
20241113;142018;108.72;390;11418514729;S
20241113;142026;108.72;40;11418515514;S
20241113;142136;108.7;550;11418527073;B
20241113;142137;108.7;10;11418527183;B
20241113;142202;108.7;20;11418531394;B
20241113;142258;108.64;200;11418537178;S
20241113;142258;108.64;30;11418537179;S
20241113;142258;108.64;520;11418537180;S
20241113;142258;108.64;520;11418537181;S
20241113;142258;108.64;2370;11418537182;S
20241113;142301;108.62;10;11418539333;S
20241113;142301;108.62;200;11418539334;S
20241113;142301;108.62;30;11418539335;S
20241113;142315;108.6;300;11418544949;S
20241113;142319;108.6;100;11418545302;S
20241113;142325;108.66;10;11418545729;B
20241113;142333;108.66;300;11418546576;B
20241113;142354;108.62;20;11418548390;S
20241113;142402;108.6;10;11418549048;S
20241113;142407;108.6;10;11418549553;S
20241113;142407;108.6;10;11418549554;S
20241113;142408;108.6;370;11418549681;S
20241113;142412;108.58;20;11418549983;S
20241113;142438;108.58;10;11418553051;S
20241113;142438;108.54;240;11418553199;S
20241113;142438;108.54;30;11418553200;S
20241113;142558;108.64;10;11418565324;B
20241113;142609;108.54;10;11418566644;S
20241113;142609;108.52;10;11418566645;S
20241113;142609;108.52;10;11418566646;S
20241113;142609;108.52;250;11418566647;S
20241113;142609;108.5;320;11418566648;S
20241113;142609;108.5;180;11418566664;S
20241113;142609;108.5;460;11418566665;S
20241113;142609;108.5;10;11418566666;S
20241113;142609;108.5;10;11418566667;S
20241113;142609;108.5;1000;11418566668;S
20241113;142609;108.5;400;11418566669;S
20241113;142609;108.48;10;11418566670;S
20241113;142609;108.48;50;11418566671;S
20241113;142609;108.48;30;11418566672;S
20241113;142609;108.48;350;11418566673;S
20241113;142723;108.64;40;11418571506;B
20241113;142723;108.66;260;11418571507;B
20241113;142723;108.66;40;11418571508;B
20241113;142723;108.66;80;11418571509;B
20241113;142736;108.62;20;11418572215;B
20241113;142736;108.64;20;11418572216;B
20241113;142736;108.64;200;11418572217;B
20241113;142736;108.66;60;11418572218;S
20241113;143043;108.66;10;11418589824;B
20241113;143043;108.66;290;11418589825;S
20241113;143056;108.68;20;11418591338;B
20241113;143056;108.7;10;11418591339;B
20241113;143056;108.7;70;11418591340;B
20241113;143118;108.7;250;11418592879;B
20241113;143205;108.74;10;11418596699;B
20241113;143210;108.74;10;11418596965;B
20241113;143319;108.76;10;11418601543;B
20241113;143330;108.76;20;11418602330;B
20241113;143330;108.76;160;11418602331;B
20241113;143403;108.76;100;11418604666;B
20241113;143414;108.76;10;11418605667;B
20241113;143453;108.7;10;11418608726;S
20241113;143453;108.7;10;11418608727;S
20241113;143453;108.62;200;11418608728;S
20241113;143453;108.58;250;11418608729;S
20241113;143453;108.56;690;11418608730;S
20241113;143453;108.52;20;11418608731;S
20241113;143453;108.52;90;11418608732;S
20241113;143453;108.5;30;11418608733;S
20241113;143453;108.5;130;11418608734;S
20241113;143453;108.48;90;11418608735;S
20241113;143453;108.48;490;11418608736;S
20241113;143716;108.64;10;11418624984;S
20241113;143856;108.66;40;11418634968;B
20241113;143858;108.66;80;11418635061;B
20241113;143910;108.6;70;11418636721;S
20241113;143910;108.58;130;11418636722;S
20241113;143910;108.58;200;11418636723;S
20241113;143910;108.58;70;11418636724;S
20241113;143910;108.56;410;11418636725;S
20241113;143910;108.54;150;11418636726;S
20241113;143918;108.54;760;11418637408;B
20241113;143921;108.54;790;11418637828;B
20241113;143944;108.6;900;11418639996;S
20241113;144011;108.68;20;11418642234;B
20241113;144014;108.68;270;11418642365;B
20241113;144052;108.66;10;11418644805;B
20241113;144055;108.66;140;11418644955;B
20241113;144055;108.68;40;11418644956;B
20241113;144119;108.62;10;11418647116;S
20241113;144411;108.62;40;11418658432;S
20241113;144411;108.6;110;11418658433;S
20241113;144526;108.72;10;11418664968;B
20241113;144550;108.74;20;11418666295;B
20241113;144552;108.62;30;11418666406;S
20241113;144729;108.64;30;11418672004;S
20241113;144729;108.64;10;11418672005;S
20241113;144737;108.66;50;11418672401;B
20241113;144744;108.64;10;11418673084;B
20241113;144847;108.62;1000;11418677958;S
20241113;144902;108.62;330;11418679893;S
20241113;144911;108.62;4000;11418680482;S
20241113;144950;108.62;680;11418682818;S
20241113;145012;108.6;690;11418684223;S
20241113;145247;108.58;20;11418693684;B
20241113;145353;108.58;20;11418697594;B
20241113;145539;108.56;120;11418793357;B
20241113;145539;108.56;20;11418793358;B
20241113;145553;108.58;30;11418805386;B
20241113;145603;108.6;10;11418812929;B
20241113;145609;108.6;10;11418819654;S
20241113;145609;108.6;10;11418819655;S
20241113;145624;108.6;10;11418831719;B
20241113;145639;108.6;10;11418839513;B
20241113;145639;108.6;90;11418839514;S
20241113;145649;108.62;50;11418840046;B
20241113;145658;108.62;20;11418840508;B
20241113;145658;108.62;80;11418840509;S
20241113;145706;108.62;10;11418841129;B
20241113;145707;108.62;90;11418841181;S
20241113;145721;108.64;20;11418842048;B
20241113;145721;108.64;80;11418842049;S
20241113;145741;108.6;60;11418843275;B
20241113;145743;108.62;20;11418843343;B
20241113;145752;108.62;1100;11418843772;B
20241113;145830;108.62;100;11418846601;S
20241113;145835;108.64;20;11418847831;B
20241113;145836;108.64;180;11418847950;B
20241113;145836;108.64;70;11418847951;B
20241113;145923;108.64;10;11418851266;S
20241113;145926;108.64;10;11418851482;S
20241113;150002;108.64;30;11418856733;S
20241113;150005;108.62;400;11418857067;S
20241113;150024;108.62;20;11418858766;S
20241113;150106;108.66;100;11418861133;B
20241113;150212;108.62;370;11418865284;S
20241113;150212;108.62;10;11418865298;S
20241113;150212;108.62;70;11418865299;S
20241113;150213;108.6;40;11418865394;S
20241113;150213;108.6;10;11418865395;S
20241113;150213;108.6;200;11418865396;S
20241113;150213;108.6;10;11418865397;S
20241113;150215;108.56;10;11418865812;S
20241113;150216;108.54;10;11418865856;B
20241113;150256;108.52;10;11418868684;S
20241113;150319;108.5;20;11418870419;S
20241113;150343;108.5;20;11418872235;S
20241113;150355;108.48;10;11418873619;S
20241113;150356;108.48;60;11418873758;S
20241113;150358;108.48;10;11418873952;S
20241113;150425;108.5;10;11418876859;B
20241113;150433;108.5;20;11418877595;B
20241113;150559;108.44;10;11418885308;S
20241113;150559;108.44;30;11418885309;S
20241113;150559;108.44;80;11418885310;S
20241113;150559;108.42;20;11418885311;S
20241113;150559;108.42;60;11418885312;S
20241113;150559;108.42;120;11418885313;S
20241113;150559;108.4;20;11418885314;S
20241113;150559;108.4;120;11418885315;S
20241113;150559;108.4;490;11418885316;S
20241113;150559;108.4;450;11418885317;S
20241113;150559;108.4;20;11418885318;S
20241113;150559;108.4;30;11418885319;S
20241113;150559;108.4;2530;11418885320;S
20241113;150559;108.38;370;11418885321;S
20241113;150559;108.38;340;11418885322;S
20241113;150559;108.38;130;11418885323;S
20241113;150559;108.3;10;11418885324;S
20241113;150559;108.28;40;11418885325;S
20241113;150559;108.28;130;11418885326;S
20241113;150641;108.4;10;11418888169;S
20241113;150641;108.44;450;11418888179;B
20241113;150727;108.46;10;11418892452;B
20241113;150806;108.46;20;11418895968;B
20241113;150810;108.46;10;11418896196;S
20241113;150819;108.46;20;11418896721;B
20241113;150829;108.46;30;11418897656;S
20241113;150858;108.46;900;11418900778;B
20241113;150923;108.46;40;11418902317;S
20241113;150939;108.48;60;11418903458;B
20241113;151001;108.48;10;11418904779;B
20241113;151141;108.48;10;11418911243;S
20241113;151156;108.5;10;11418912086;B
20241113;151250;108.48;20;11418915465;B
20241113;151300;108.5;30;11418916165;B
20241113;151300;108.5;10;11418916166;B
20241113;151316;108.5;60;11418917758;S
20241113;151326;108.5;140;11418918446;B
20241113;151359;108.56;10;11418921295;B
20241113;151452;108.56;10;11418924118;B
20241113;151524;108.58;140;11418925974;B
20241113;151524;108.58;400;11418925975;B
20241113;151544;108.6;10;11418926982;B
20241113;151544;108.58;20;11418926989;S
20241113;151555;108.6;10;11418927616;B
20241113;151807;108.62;20;11418938776;S
20241113;151843;108.66;50;11418940745;B
20241113;151900;108.66;60;11418942059;B
20241113;151907;108.66;10;11418942514;B
20241113;151910;108.66;10;11418942767;B
20241113;151952;108.66;10;11418946167;B
20241113;152012;108.66;10;11418947465;B
20241113;152210;108.64;10;11418955016;S
20241113;152210;108.64;300;11418955017;S
20241113;152241;108.64;10;11418957347;B
20241113;152318;108.64;90;11418959536;B
20241113;152318;108.66;60;11418959537;B
20241113;152318;108.64;10;11418959546;S
20241113;152341;108.66;10;11418960993;B
20241113;152405;108.66;70;11418963325;B
20241113;152407;108.66;210;11418964121;B
20241113;152452;108.68;30;11418969214;B
20241113;152520;108.64;30;11418970864;S
20241113;152555;108.72;30;11418973456;B
20241113;152555;108.74;450;11418973457;B
20241113;152555;108.74;100;11418973467;B
20241113;152555;108.74;30;11418973468;B
20241113;152555;108.74;70;11418973469;B
20241113;152712;108.76;20;11418986316;B
20241113;152718;108.76;50;11418986742;B
20241113;152748;108.76;30;11418988889;B
20241113;152754;108.76;10;11418989505;B
20241113;152801;108.76;10;11418990074;B
20241113;152806;108.76;80;11418990412;B
20241113;152809;108.76;10;11418990597;B
20241113;152812;108.76;10;11418990777;B
20241113;152820;108.76;20;11418991347;B
20241113;152844;108.76;10;11418993493;B
20241113;152848;108.74;90;11418993746;S
20241113;152849;108.72;430;11418993819;S
20241113;152917;108.74;10;11418995830;B
20241113;152948;108.76;750;11418997916;B
20241113;152948;108.76;30;11418997917;B
20241113;153101;108.84;20;11419004085;B
20241113;153101;108.86;10;11419004086;B
20241113;153346;108.84;50;11419107743;B
20241113;153403;108.84;60;11419119223;B
20241113;153430;108.84;70;11419138529;S
20241113;153531;108.9;10;11419158889;B
20241113;153531;108.92;30;11419158890;B
20241113;153531;108.92;10;11419158891;B
20241113;153531;108.94;20;11419158892;B
20241113;153803;108.76;40;11419168834;S
20241113;153943;108.86;20;11419175746;B
20241113;154110;108.78;10;11419181332;S
20241113;154110;108.76;90;11419181333;S
20241113;154230;108.8;10;11419185742;S
20241113;154310;108.94;70;11419188461;B
20241113;154312;108.94;190;11419189242;B
20241113;154313;108.94;40;11419189460;B
20241113;154313;108.96;90;11419189462;S
20241113;154322;109;20;11419190446;B
20241113;154325;109;30;11419190663;B
20241113;154325;109;50;11419190664;B
20241113;154325;109;10;11419190665;B
20241113;154325;109;10;11419190666;B
20241113;154325;109.02;400;11419190667;B
20241113;154425;109.08;20;11419198783;B
20241113;154435;109.16;10;11419201648;B
20241113;154436;109.18;1200;11419202509;B
20241113;154440;109.2;10;11419203696;B
20241113;154442;109.2;20;11419204211;B
20241113;154442;109.16;650;11419204217;B
20241113;154442;109.2;470;11419204218;B
20241113;154442;109.2;380;11419204219;B
20241113;154443;109.14;260;11419204272;B
20241113;154445;109.18;1070;11419204559;B
20241113;154521;109.18;20;11419208924;B
20241113;154521;109.2;320;11419208925;B
20241113;154521;109.22;420;11419208926;B
20241113;154523;109.22;10;11419209068;B
20241113;154525;109.22;20;11419209455;B
20241113;154527;109.22;10;11419209719;B
20241113;154528;109.22;2000;11419209816;B
20241113;154539;109.22;60;11419210998;B
20241113;154542;109.22;50;11419211242;B
20241113;154728;109.14;20;11419220616;B
20241113;154748;109.14;20;11419222081;B
20241113;154748;109.16;160;11419222082;B
20241113;154748;109.16;20;11419222083;B
20241113;154855;109.16;10;11419227143;S
20241113;154913;109.16;320;11419228464;S
20241113;155001;109.16;70;11419232076;S
20241113;155001;109.16;20;11419232077;S
20241113;155034;109.16;10;11419234905;B
20241113;155034;109.16;40;11419234906;B
20241113;155318;109.06;10;11419245333;S
20241113;155334;109.06;40;11419246395;S
20241113;155334;109.02;40;11419246396;S
20241113;155334;109;10;11419246397;S
20241113;155334;109;40;11419246398;S
20241113;155337;109;80;11419246618;S
20241113;155337;109;30;11419246619;S
20241113;155425;109;10;11419249489;B
20241113;155526;109;100;11419253967;B
20241113;155832;108.98;10;11419264958;B
20241113;160205;108.98;10;11419278835;B
20241113;160242;109;10;11419290798;B
20241113;160340;109;60;11419299924;B
20241113;160340;109;270;11419299925;B
20241113;160404;109.08;10;11419302364;B
20241113;160404;109.1;10;11419302365;B
20241113;160435;109.1;20;11419304505;B
20241113;160436;109.1;250;11419304613;B
20241113;160442;109.1;20;11419305073;B
20241113;160521;109.08;10;11419307455;S
20241113;160539;109.1;10;11419308521;B
20241113;160547;109.08;10;11419308956;S
20241113;160547;109.08;10;11419308957;S
20241113;160547;109.06;10;11419308958;S
20241113;160547;109.04;40;11419308959;S
20241113;160547;109.02;30;11419308960;S
20241113;160627;109.04;20;11419311179;S
20241113;160654;109.1;10;11419312593;B
20241113;160659;109.1;10;11419312877;B
20241113;160902;109.1;100;11419321691;B
20241113;160906;109.1;20;11419321990;B
20241113;160907;109.1;50;11419322081;B
20241113;160907;109.1;10;11419322082;B
20241113;160919;109.12;20;11419323083;S
20241113;160941;109.12;10;11419325031;S
20241113;161012;109.18;20;11419327690;B
20241113;161012;109.18;30;11419327691;B
20241113;161013;109.18;50;11419327873;B
