<DATE>;<TIME>;<LAST>;<VOL>;<ID>;<OPER>
20241016;095936;115.78;200;11302957702;S
20241016;095936;115.78;300;11302957703;S
20241016;095936;115.78;10;11302957704;S
20241016;095936;115.78;140;11302957705;B
20241016;095936;115.78;10;11302957706;B
20241016;095936;115.78;250;11302957707;S
20241016;095936;115.78;20;11302957708;S
20241016;095936;115.78;50;11302957709;S
20241016;095936;115.78;10;11302957710;S
20241016;095936;115.78;10;11302957711;S
20241016;095936;115.78;10;11302957712;S
20241016;095936;115.78;10;11302957713;S
20241016;095936;115.78;470;11302957714;S
20241016;095936;115.78;1000;11302957715;S
20241016;095936;115.78;1500;11302957716;S
20241016;095936;115.78;50;11302957717;S
20241016;095936;115.78;1000;11302957718;S
20241016;095936;115.78;1000;11302957719;S
20241016;095936;115.78;10;11302957720;S
20241016;095936;115.78;1200;11302957721;S
20241016;095936;115.78;1200;11302957722;S
20241016;095936;115.78;1550;11302957723;S
20241016;095936;115.78;160;11302957724;S
20241016;095936;115.78;290;11302957725;S
20241016;095936;115.78;100;11302957726;S
20241016;095936;115.78;50;11302957727;S
20241016;095936;115.78;100;11302957728;S
20241016;095936;115.78;10;11302957729;B
20241016;095936;115.78;100;11302957730;S
20241016;095936;115.78;2350;11302957731;S
20241016;095936;115.78;50;11302957732;S
20241016;100001;115.5;30;11302962573;S
20241016;100002;115.6;100;11302963100;S
20241016;100002;115.52;410;11302963101;S
20241016;100002;115.5;490;11302963102;S
20241016;100002;115.5;100;11302963377;S
20241016;100003;115.5;10;11302963469;S
20241016;100003;115.5;370;11302963542;S
20241016;100003;115.48;70;11302963543;S
20241016;100003;115.54;50;11302963888;B
20241016;100003;115.56;210;11302963889;B
20241016;100003;115.58;500;11302963890;B
20241016;100003;115.58;180;11302963891;B
20241016;100003;115.64;50;11302963892;B
20241016;100003;115.66;1490;11302963893;B
20241016;100003;115.66;880;11302963894;B
20241016;100003;115.68;3770;11302963895;B
20241016;100003;115.78;720;11302963896;B
20241016;100003;115.8;3910;11302963897;B
20241016;100003;115.84;70;11302963898;B
20241016;100003;115.86;4990;11302963899;B
20241016;100003;115.86;20;11302963900;B
20241016;100003;115.86;740;11302963901;B
20241016;100003;115.88;1500;11302963902;B
20241016;100003;115.9;110;11302963903;B
20241016;100003;115.9;10;11302963904;B
20241016;100003;115.92;10;11302963905;B
20241016;100003;115.96;1300;11302963906;B
20241016;100003;116;10;11302963907;B
20241016;100003;116;100;11302963908;B
20241016;100003;116;50;11302963909;B
20241016;100003;116;2430;11302963910;B
20241016;100003;115.98;880;11302964178;B
20241016;100004;115.98;490;11302964403;B
20241016;100004;115.98;60;11302964467;B
20241016;100004;115.66;10;11302966128;S
20241016;100005;115.96;10;11302966630;B
20241016;100007;115.92;10;11302969287;B
20241016;100007;115.92;10;11302969439;B
20241016;100007;115.92;10;11302969968;B
20241016;100009;115.76;10;11302970611;S
20241016;100010;115.66;100;11302970883;S
20241016;100011;115.52;100;11302971070;S
20241016;100014;115.38;50;11302971764;S
20241016;100014;115.38;100;11302971778;S
20241016;100014;115.36;50;11302971860;S
20241016;100015;115.3;100;11302972079;S
20241016;100015;115.3;250;11302972080;S
20241016;100015;115.2;50;11302972081;S
20241016;100015;115.38;50;11302972102;B
20241016;100015;115.38;440;11302972103;S
20241016;100018;115.26;50;11302972753;S
20241016;100023;115.2;20;11302973998;S
20241016;100023;115.2;80;11302973999;S
20241016;100024;115.22;10;11302974138;B
20241016;100024;115.24;40;11302974139;B
20241016;100024;115.26;20;11302974140;B
20241016;100024;115.26;880;11302974141;B
20241016;100027;115.28;470;11302974877;S
20241016;100027;115.3;10;11302974944;S
20241016;100027;115.3;10;11302974952;S
20241016;100031;115.32;10;11302975750;B
20241016;100033;115.3;280;11302976297;S
20241016;100033;115.3;50;11302976298;S
20241016;100042;115.32;10;11302978219;B
20241016;100043;115.32;30;11302978537;B
20241016;100043;115.32;10;11302978538;B
20241016;100044;115.32;220;11302978610;S
20241016;100046;115.46;10;11302979141;B
20241016;100046;115.48;3990;11302979142;B
20241016;100046;115.5;10;11302979164;B
20241016;100049;115.34;10;11302979904;S
20241016;100049;115.32;490;11302979905;S
20241016;100052;115.32;110;11302980580;S
20241016;100052;115.32;1620;11302980581;S
20241016;100052;115.32;250;11302980614;S
20241016;100052;115.32;130;11302980618;S
20241016;100052;115.32;80;11302980724;B
20241016;100052;115.32;120;11302980725;B
20241016;100053;115.3;10;11302980871;B
20241016;100053;115.3;1440;11302980872;B
20241016;100055;115.4;10;11302981304;B
20241016;100055;115.4;190;11302981305;B
20241016;100103;115.36;10;11302983160;S
20241016;100103;115.34;20;11302983161;S
20241016;100103;115.4;200;11302983166;B
20241016;100104;115.32;300;11302983361;S
20241016;100104;115.32;300;11302983362;S
20241016;100104;115.3;1000;11302983363;S
20241016;100104;115.3;240;11302983364;S
20241016;100104;115.28;440;11302983365;S
20241016;100104;115.28;240;11302983366;S
20241016;100104;115.22;60;11302983367;S
20241016;100109;115.28;420;11302984559;B
20241016;100118;115.24;10;11302986340;B
20241016;100121;115.24;30;11302987343;B
20241016;100124;115.24;1200;11302987990;B
20241016;100126;115.24;3490;11302988223;B
20241016;100126;115.26;170;11302988224;B
20241016;100137;115.3;110;11302990387;B
20241016;100143;115.24;20;11302991450;S
20241016;100148;115.28;10;11302992453;B
20241016;100150;115.26;140;11302992914;B
20241016;100159;115.28;10;11302995119;B
20241016;100200;115.26;50;11302995313;S
20241016;100200;115.26;300;11302995314;S
20241016;100200;115.26;70;11302995315;S
20241016;100200;115.24;80;11302995316;S
20241016;100214;115.3;20;11302998400;B
20241016;100214;115.34;60;11302998401;B
20241016;100214;115.34;10;11302998402;B
20241016;100214;115.36;20;11302998403;B
20241016;100218;115.36;200;11302999197;B
20241016;100221;115.36;1160;11303000041;B
20241016;100221;115.38;250;11303000042;B
20241016;100221;115.5;140;11303000043;B
20241016;100221;115.48;10;11303000049;B
20241016;100224;115.42;500;11303000729;S
20241016;100224;115.46;50;11303000782;B
20241016;100224;115.48;310;11303000783;B
20241016;100227;115.46;20;11303001456;B
20241016;100227;115.48;1980;11303001457;B
20241016;100228;115.48;1300;11303001815;B
20241016;100228;115.5;260;11303001816;B
20241016;100228;115.5;590;11303001817;B
20241016;100234;115.54;50;11303003314;B
20241016;100243;115.68;120;11303005572;B
20241016;100245;115.68;1680;11303005894;B
20241016;100245;115.7;30;11303005895;B
20241016;100245;115.7;20;11303005896;B
20241016;100245;115.7;50;11303005984;B
20241016;100246;115.7;430;11303006388;B
20241016;100246;115.76;70;11303006392;B
20241016;100246;115.78;950;11303006394;B
20241016;100249;115.8;300;11303007258;B
20241016;100249;115.8;50;11303007259;B
20241016;100249;115.82;20;11303007260;B
20241016;100251;115.88;50;11303007834;B
20241016;100251;115.92;10;11303007835;B
20241016;100251;115.92;340;11303007836;B
20241016;100251;115.9;50;11303008000;B
20241016;100251;115.92;210;11303008001;B
20241016;100251;115.92;260;11303008005;B
20241016;100252;115.84;60;11303008091;S
20241016;100252;115.94;20;11303008200;B
20241016;100252;115.9;50;11303008276;B
20241016;100254;115.94;840;11303008839;B
20241016;100255;115.98;740;11303009096;B
20241016;100255;116;200;11303009097;B
20241016;100255;116;10;11303009098;B
20241016;100255;116;50;11303009099;B
20241016;100255;116;500;11303009100;B
20241016;100255;116.04;10;11303009101;B
20241016;100255;116.16;100;11303009102;B
20241016;100255;116.16;600;11303009103;B
20241016;100255;116.16;500;11303009104;B
20241016;100255;116.18;130;11303009105;B
20241016;100255;116.22;880;11303009106;B
20241016;100255;116.24;20;11303009107;B
20241016;100255;116.24;1550;11303009108;B
20241016;100255;116.28;10;11303009329;B
20241016;100255;116.32;10;11303009330;B
20241016;100255;116.28;700;11303009352;B
20241016;100300;116.08;1090;11303010782;B
20241016;100300;116.04;10;11303010950;S
20241016;100301;116.1;300;11303011127;B
20241016;100301;116.1;20;11303011128;B
20241016;100301;116.1;20;11303011129;B
20241016;100302;116.1;40;11303011301;B
20241016;100305;116.08;150;11303012094;S
20241016;100307;116.16;10;11303012679;B
20241016;100309;116.18;300;11303013131;B
20241016;100309;116.2;100;11303013132;B
20241016;100309;116.2;70;11303013133;B
20241016;100309;116.22;30;11303013134;B
20241016;100309;116.28;80;11303013151;B
20241016;100309;116.3;60;11303013152;B
20241016;100309;116.32;60;11303013153;B
20241016;100309;116.32;880;11303013154;B
20241016;100309;116.34;120;11303013155;B
20241016;100310;116.32;350;11303013254;B
20241016;100312;116.3;10;11303013904;B
20241016;100312;116.3;50;11303013905;B
20241016;100312;116.32;1030;11303013906;B
20241016;100312;116.32;50;11303013907;B
20241016;100312;116.34;130;11303013908;B
20241016;100312;116.34;730;11303013909;B
20241016;100312;116.12;890;11303013966;B
20241016;100313;116.36;30;11303014301;B
20241016;100316;116.3;10;11303015703;B
20241016;100319;116.16;250;11303016828;B
20241016;100323;116.16;10;11303017999;B
20241016;100323;116.12;10;11303018000;S
20241016;100323;116.12;360;11303018001;S
20241016;100324;116.14;500;11303018230;B
20241016;100324;116.14;400;11303018231;B
20241016;100324;116.16;170;11303018298;B
20241016;100324;116.16;2570;11303018483;B
20241016;100324;116.16;10;11303018484;B
20241016;100325;116.14;10;11303018899;S
20241016;100325;116.14;10;11303018900;S
20241016;100325;116.12;40;11303018901;S
20241016;100325;116.1;140;11303018902;S
20241016;100325;116.08;250;11303018903;S
20241016;100325;116.08;100;11303018904;S
20241016;100325;116.02;400;11303018905;S
20241016;100325;116;50;11303018906;S
20241016;100326;116.22;10;11303019358;B
20241016;100326;116.24;90;11303019359;B
20241016;100328;115.98;10;11303020050;S
20241016;100331;116.22;10;11303020932;B
20241016;100331;116.24;190;11303020933;B
20241016;100334;116.16;10;11303021862;B
20241016;100334;116.24;70;11303021863;B
20241016;100334;116.26;520;11303021864;B
20241016;100334;116.26;90;11303021891;B
20241016;100340;116.2;350;11303023524;B
20241016;100340;116.2;200;11303023657;B
20241016;100341;116.2;20;11303023862;B
20241016;100346;116.16;100;11303025408;S
20241016;100346;115.98;10;11303025411;S
20241016;100346;115.96;10;11303025416;S
20241016;100346;115.94;250;11303025417;S
20241016;100346;115.94;50;11303025493;S
20241016;100349;115.94;10;11303026346;B
20241016;100350;115.9;10;11303026511;S
20241016;100350;115.9;10;11303026512;S
20241016;100350;115.86;10;11303026513;S
20241016;100350;115.86;10;11303026514;S
20241016;100352;115.8;10;11303027143;S
20241016;100352;115.8;10;11303027144;S
20241016;100353;115.8;130;11303027319;B
20241016;100353;115.88;70;11303027320;B
20241016;100355;115.98;190;11303027895;B
20241016;100406;115.86;10;11303030732;B
20241016;100406;115.88;490;11303030733;B
20241016;100408;115.9;500;11303031129;B
20241016;100408;115.92;1500;11303031130;B
20241016;100414;115.84;10;11303032515;S
20241016;100414;115.82;100;11303032516;S
20241016;100414;115.8;10;11303032517;S
20241016;100414;115.8;540;11303032518;S
20241016;100414;115.8;100;11303032519;S
20241016;100414;115.8;970;11303032520;B
20241016;100421;115.9;10;11303034157;B
20241016;100425;115.9;10;11303035100;B
20241016;100426;115.8;10;11303035358;S
20241016;100431;115.96;10;11303036517;B
20241016;100431;115.98;30;11303036518;B
20241016;100431;116;10;11303036519;B
20241016;100431;116;50;11303036520;B
20241016;100432;115.94;10;11303036761;S
20241016;100432;115.92;60;11303036762;S
20241016;100432;115.82;10;11303036763;S
20241016;100432;115.8;170;11303036764;S
20241016;100437;115.8;10;11303037842;S
20241016;100437;115.8;50;11303037843;S
20241016;100437;115.8;40;11303037844;S
20241016;100438;115.82;10;11303038070;S
20241016;100439;115.96;10;11303038225;B
20241016;100439;115.96;30;11303038226;B
20241016;100439;115.96;20;11303038227;B
20241016;100439;115.98;40;11303038228;B
20241016;100442;115.96;10;11303038845;B
20241016;100442;115.98;470;11303038846;B
20241016;100442;116;200;11303038847;B
20241016;100442;116.14;130;11303038848;B
20241016;100442;116.2;190;11303038849;B
20241016;100443;116.2;30;11303039071;B
20241016;100452;116.14;100;11303041319;B
20241016;100452;116.02;10;11303041622;S
20241016;100452;116;20;11303041623;S
20241016;100452;115.92;10;11303041624;S
20241016;100452;115.9;10;11303041625;S
20241016;100452;115.86;130;11303041626;S
20241016;100452;115.84;120;11303041627;S
20241016;100501;116.1;10;11303043261;B
20241016;100501;116.12;10;11303043262;B
20241016;100501;116.14;60;11303043263;B
20241016;100501;116.16;10;11303043264;B
20241016;100501;116.16;100;11303043265;B
20241016;100502;115.94;40;11303043518;S
20241016;100502;115.92;210;11303043519;S
20241016;100502;115.92;270;11303043520;S
20241016;100506;116.14;10;11303044564;B
20241016;100506;116.16;40;11303044565;B
20241016;100508;116.02;10;11303045058;S
20241016;100508;116;10;11303045059;S
20241016;100508;115.98;30;11303045060;S
20241016;100508;115.96;100;11303045061;S
20241016;100508;115.96;30;11303045062;S
20241016;100508;115.92;230;11303045063;S
20241016;100508;115.9;380;11303045064;S
20241016;100508;115.9;10;11303045065;S
20241016;100508;115.86;190;11303045066;S
20241016;100508;115.84;2100;11303045067;S
20241016;100508;115.82;1000;11303045068;S
20241016;100508;115.82;2000;11303045069;S
20241016;100508;115.8;130;11303045070;S
20241016;100508;115.8;1000;11303045071;S
20241016;100508;115.78;300;11303045072;S
20241016;100508;115.7;50;11303045073;S
20241016;100508;115.7;500;11303045074;S
20241016;100508;115.7;50;11303045075;S
20241016;100508;115.64;880;11303045076;S
20241016;100508;115.62;400;11303045077;S
20241016;100508;115.62;600;11303045078;S
20241016;100508;115.6;10;11303045079;S
20241016;100508;115.6;1000;11303045080;S
20241016;100508;115.54;3310;11303045081;S
20241016;100508;115.5;100;11303045082;S
20241016;100508;115.5;300;11303045083;S
20241016;100508;115.44;10;11303045084;S
20241016;100508;115.42;10;11303045085;S
20241016;100508;115.42;20;11303045086;S
20241016;100508;115.42;20;11303045087;S
20241016;100508;115.4;4390;11303045088;S
20241016;100508;115.38;110;11303045089;S
20241016;100508;115.38;1730;11303045090;S
20241016;100508;115.34;10;11303045091;S
20241016;100508;115.34;3000;11303045092;S
20241016;100508;115.32;30;11303045093;S
20241016;100508;115.3;300;11303045094;S
20241016;100508;115.3;400;11303045095;S
20241016;100508;115.26;10;11303045096;S
20241016;100508;115.24;20;11303045097;S
20241016;100508;115.22;10;11303045098;S
20241016;100508;115.22;70;11303045099;S
20241016;100508;115.22;1000;11303045100;S
20241016;100508;115.22;10;11303045101;S
20241016;100508;115.2;920;11303045102;S
20241016;100508;115.2;10;11303045103;S
20241016;100508;115.06;1040;11303045104;S
20241016;100508;115.02;10;11303045105;S
20241016;100508;115.02;300;11303045106;S
20241016;100508;115;100;11303045107;S
20241016;100508;115;500;11303045108;S
20241016;100508;115;30;11303045109;S
20241016;100508;115;30;11303045110;S
20241016;100508;115;10;11303045111;S
20241016;100508;115;180;11303045112;S
20241016;100508;115.6;10;11303045154;B
20241016;100508;115.72;140;11303045155;B
20241016;100508;115.74;10;11303045175;B
20241016;100508;115.74;30;11303045190;B
20241016;100509;115.74;290;11303045222;B
20241016;100509;115.72;2000;11303045233;B
20241016;100509;115.72;130;11303045234;B
20241016;100509;115.72;60;11303045235;B
20241016;100509;115.44;130;11303045297;S
20241016;100509;115.44;870;11303045298;S
20241016;100509;115.72;580;11303045459;B
20241016;100516;115.64;180;11303047073;S
20241016;100517;115.66;1150;11303047113;S
20241016;100517;115.6;300;11303047114;S
20241016;100517;115.56;50;11303047115;S
20241016;100517;115.46;500;11303047116;S
20241016;100521;115.82;130;11303047973;B
20241016;100521;115.82;400;11303047974;B
20241016;100521;115.84;70;11303047975;B
20241016;100528;115.64;20;11303049567;S
20241016;100528;115.64;400;11303049568;S
20241016;100530;115.62;10;11303050000;S
20241016;100530;115.6;50;11303050001;S
20241016;100530;115.6;880;11303050002;S
20241016;100530;115.58;60;11303050003;S
20241016;100533;115.64;10;11303050423;B
20241016;100534;115.62;10;11303050666;B
20241016;100534;115.64;10;11303050667;B
20241016;100534;115.66;10;11303050668;B
20241016;100542;115.64;10;11303052195;B
20241016;100542;115.66;20;11303052196;B
20241016;100552;115.68;90;11303054116;B
20241016;100557;115.66;100;11303054823;S
20241016;100601;115.68;850;11303055732;B
20241016;100601;115.68;300;11303055733;B
20241016;100611;115.66;70;11303057640;S
20241016;100611;115.62;10;11303057641;S
20241016;100611;115.62;120;11303057642;S
20241016;100616;115.68;10;11303059221;B
20241016;100617;115.82;10;11303059367;B
20241016;100617;115.84;10;11303059368;B
20241016;100617;115.84;30;11303059369;B
20241016;100621;115.64;10;11303059945;S
20241016;100621;115.62;10;11303059946;S
20241016;100621;115.62;20;11303059947;S
20241016;100628;115.78;10;11303061248;B
20241016;100634;115.82;10;11303062335;B
20241016;100652;115.68;880;11303065868;S
20241016;100652;115.66;120;11303065869;S
20241016;100652;115.66;880;11303065882;S
20241016;100652;115.62;10;11303065883;S
20241016;100652;115.62;110;11303065884;S
20241016;100654;115.66;40;11303066108;S
20241016;100654;115.58;50;11303066109;S
20241016;100654;115.58;210;11303066110;S
20241016;100659;115.72;10;11303067062;B
20241016;100659;115.72;10;11303067063;B
20241016;100659;115.72;10;11303067064;B
20241016;100659;115.74;10;11303067065;B
20241016;100659;115.76;10;11303067066;B
20241016;100659;115.76;130;11303067067;B
20241016;100659;115.78;120;11303067068;B
20241016;100700;115.82;230;11303067285;B
20241016;100705;115.66;10;11303068214;S
20241016;100705;115.64;10;11303068215;S
20241016;100705;115.6;120;11303068216;S
20241016;100705;115.58;860;11303068217;S
20241016;100712;115.62;100;11303069740;B
20241016;100712;115.76;10;11303069741;B
20241016;100712;115.76;60;11303069742;B
20241016;100718;115.6;10;11303071056;S
20241016;100718;115.6;10;11303071057;S
20241016;100726;115.6;10;11303072649;B
20241016;100729;115.56;50;11303073122;S
20241016;100731;115.56;10;11303073536;S
20241016;100736;115.64;10;11303074381;B
20241016;100736;115.68;10;11303074382;B
20241016;100737;115.7;50;11303074498;B
20241016;100744;115.7;10;11303075714;B
20241016;100748;115.6;30;11303076521;S
20241016;100749;115.6;970;11303076751;S
20241016;100749;115.6;30;11303076752;S
20241016;100750;115.6;20;11303076787;S
20241016;100750;115.6;30;11303076788;S
20241016;100755;115.7;50;11303077911;B
20241016;100758;115.58;60;11303078563;S
20241016;100758;115.56;940;11303078564;S
20241016;100758;115.56;10;11303078699;S
20241016;100800;115.56;10;11303079164;S
20241016;100802;115.7;10;11303079521;B
20241016;100805;115.56;60;11303080065;S
20241016;100805;115.56;100;11303080095;S
20241016;100809;115.56;220;11303080681;S
20241016;100809;115.56;50;11303080682;S
20241016;100814;115.56;10;11303081537;B
20241016;100815;115.5;30;11303081840;S
20241016;100815;115.5;10;11303081841;S
20241016;100815;115.5;100;11303081842;S
20241016;100815;115.5;40;11303081843;S
20241016;100815;115.5;20;11303081844;S
20241016;100815;115.5;300;11303081845;S
20241016;100819;115.48;10;11303082400;S
20241016;100819;115.48;20;11303082401;S
20241016;100819;115.64;10;11303082511;B
20241016;100819;115.68;40;11303082512;B
20241016;100827;115.68;620;11303083820;S
20241016;100836;115.6;30;11303085382;B
20241016;100840;115.54;10;11303086161;S
20241016;100840;115.5;80;11303086162;S
20241016;100840;115.5;120;11303086163;S
20241016;100840;115.5;500;11303086164;S
20241016;100840;115.48;120;11303086165;S
20241016;100840;115.48;40;11303086166;S
20241016;100840;115.48;880;11303086167;S
20241016;100840;115.46;2930;11303086168;S
20241016;100841;115.46;3150;11303086361;S
20241016;100841;115.4;40;11303086362;S
20241016;100841;115.4;1960;11303086363;S
20241016;100841;115.36;1660;11303086364;S
20241016;100841;115.34;2000;11303086365;S
20241016;100841;115.32;10;11303086366;S
20241016;100841;115.3;350;11303086367;S
20241016;100841;115.28;830;11303086368;S
20241016;100843;115.32;10;11303086840;S
20241016;100845;115.48;10;11303087160;B
20241016;100845;115.52;390;11303087161;B
20241016;100846;115.34;500;11303087339;S
20241016;100846;115.54;40;11303087340;B
20241016;100853;115.56;10;11303088317;B
20241016;100853;115.58;70;11303088318;B
20241016;100853;115.58;200;11303088319;B
20241016;100853;115.6;460;11303088320;B
20241016;100853;115.64;130;11303088321;B
20241016;100853;115.64;480;11303088322;B
20241016;100853;115.62;100;11303088353;B
20241016;100856;115.42;10;11303088796;S
20241016;100856;115.42;490;11303088797;B
20241016;100900;115.4;10;11303089329;S
20241016;100900;115.4;490;11303089330;B
20241016;100900;115.6;10;11303089445;B
20241016;100903;115.4;10;11303089946;S
20241016;100903;115.4;40;11303089947;S
20241016;100903;115.4;450;11303089948;B
20241016;100905;115.6;10;11303090213;B
20241016;100905;115.6;10;11303090214;B
20241016;100913;115.42;10;11303091816;S
20241016;100928;115.42;230;11303094151;S
20241016;100928;115.4;10;11303094152;S
20241016;100928;115.4;10;11303094153;S
20241016;100928;115.4;60;11303094154;S
20241016;100928;115.4;10;11303094201;B
20241016;100931;115.5;40;11303094846;B
20241016;100931;115.5;10;11303094847;B
20241016;100931;115.52;200;11303094848;B
20241016;100931;115.52;40;11303094849;B
20241016;100931;115.54;500;11303094850;B
20241016;100931;115.56;10;11303094851;B
20241016;100931;115.56;400;11303094852;B
20241016;100931;115.4;120;11303094853;S
20241016;100931;115.4;680;11303094854;S
20241016;100932;115.56;140;11303094980;B
20241016;100932;115.38;10;11303094993;S
20241016;100932;115.38;200;11303094994;S
20241016;100933;115.38;10;11303094996;B
20241016;100934;115.36;70;11303095304;S
20241016;100934;115.36;70;11303095305;S
20241016;100935;115.36;30;11303095348;S
20241016;100935;115.36;10;11303095349;S
20241016;100937;115.38;280;11303095857;B
20241016;100937;115.42;110;11303095858;B
20241016;100937;115.44;110;11303095859;B
20241016;100938;115.5;10;11303095989;B
20241016;100938;115.52;200;11303095990;B
20241016;100938;115.54;290;11303095991;B
20241016;100944;115.4;200;11303097130;S
20241016;100944;115.38;10;11303097131;S
20241016;100944;115.38;120;11303097132;S
20241016;100944;115.36;500;11303097133;S
20241016;100944;115.34;50;11303097134;S
20241016;100944;115.34;100;11303097135;S
20241016;100944;115.34;20;11303097136;S
20241016;100955;115.48;10;11303099303;B
20241016;100957;115.38;10;11303099511;S
20241016;100959;115.44;10;11303099883;B
20241016;100959;115.46;10;11303099884;B
20241016;100959;115.48;10;11303099885;B
20241016;101000;115.36;10;11303099958;S
20241016;101006;115.48;150;11303100962;B
20241016;101012;115.38;10;11303102228;S
20241016;101012;115.36;90;11303102229;S
20241016;101012;115.34;10;11303102230;S
20241016;101012;115.34;50;11303102231;S
20241016;101012;115.34;50;11303102232;S
20241016;101012;115.32;60;11303102233;S
20241016;101012;115.32;100;11303102234;S
20241016;101012;115.3;70;11303102235;S
20241016;101024;115.32;10;11303104141;S
20241016;101024;115.3;70;11303104142;S
20241016;101030;115.28;10;11303105532;S
20241016;101032;115.38;10;11303105886;B
20241016;101032;115.38;10;11303105887;B
20241016;101036;115.34;10;11303106460;S
20241016;101036;115.32;10;11303106461;S
20241016;101041;115.28;10;11303107464;S
20241016;101041;115.28;50;11303107465;S
20241016;101048;115.26;2000;11303108536;S
20241016;101057;115.24;3000;11303110027;S
20241016;101057;115.24;330;11303110028;S
20241016;101057;115.24;100;11303110031;S
20241016;101057;115.24;230;11303110032;S
20241016;101057;115.24;330;11303110033;S
20241016;101059;115.28;30;11303110371;B
20241016;101100;115.24;1350;11303110546;S
20241016;101100;115.22;200;11303110626;S
20241016;101100;115.22;350;11303110627;S
20241016;101100;115.22;50;11303110628;S
20241016;101101;115.18;10;11303110679;S
20241016;101103;115.26;130;11303111024;B
20241016;101103;115.26;2990;11303111025;S
20241016;101111;115.22;500;11303112199;S
20241016;101117;115.26;10;11303113100;B
20241016;101119;115.24;50;11303113321;S
20241016;101127;115.24;500;11303114325;S
20241016;101128;115.28;10;11303114438;B
20241016;101136;115.24;190;11303115710;S
20241016;101141;115.24;600;11303116396;B
20241016;101145;115.22;140;11303116861;S
20241016;101145;115.2;250;11303116862;S
20241016;101145;115.2;130;11303116863;S
20241016;101145;115.2;10;11303116864;S
20241016;101145;115.2;1350;11303116865;S
20241016;101145;115.18;120;11303116866;S
20241016;101149;115.16;10;11303117451;S
20241016;101152;115.16;10;11303117942;S
20241016;101152;115.18;40;11303118047;B
20241016;101153;115.22;120;11303118128;B
20241016;101153;115.24;160;11303118129;B
20241016;101153;115.24;80;11303118130;B
20241016;101207;115.2;10;11303120496;S
20241016;101212;115.2;50;11303121280;S
20241016;101216;115.24;30;11303121799;B
20241016;101216;115.2;10;11303121827;S
20241016;101223;115.2;10;11303122708;S
20241016;101231;115.22;10;11303123809;S
20241016;101238;115.2;380;11303124683;S
20241016;101238;115.2;120;11303124684;S
20241016;101239;115.24;100;11303124806;B
20241016;101247;115.2;30;11303125761;S
20241016;101247;115.2;250;11303125762;S
20241016;101248;115.2;50;11303125862;B
20241016;101251;115.16;40;11303126221;S
20241016;101251;115.16;160;11303126222;S
20241016;101252;115.2;190;11303126348;B
20241016;101256;115.22;10;11303126775;B
20241016;101259;115.22;40;11303127145;B
20241016;101259;115.24;70;11303127146;B
20241016;101300;115.2;150;11303127285;S
20241016;101301;115.2;610;11303127549;S
20241016;101316;115.2;50;11303129635;S
20241016;101316;115.2;250;11303129636;S
20241016;101316;115.2;90;11303129637;S
20241016;101316;115.2;460;11303129638;S
20241016;101338;115.24;10;11303132939;B
20241016;101344;115.24;90;11303133921;B
20241016;101344;115.24;20;11303133922;B
20241016;101344;115.28;80;11303133923;B
20241016;101344;115.3;80;11303133924;B
20241016;101344;115.4;10;11303133925;B
20241016;101344;115.4;150;11303133926;B
20241016;101344;115.4;500;11303133927;B
20241016;101344;115.42;50;11303133928;B
20241016;101344;115.42;860;11303133929;B
20241016;101344;115.42;130;11303133930;B
20241016;101344;115.44;1030;11303133931;B
20241016;101354;115.4;10;11303135669;B
20241016;101356;115.4;70;11303136096;B
20241016;101402;115.48;50;11303137240;B
20241016;101403;115.5;50;11303137286;B
20241016;101403;115.52;40;11303137287;B
20241016;101403;115.52;10;11303137332;B
20241016;101403;115.52;300;11303137392;B
20241016;101403;115.56;250;11303137393;B
20241016;101407;115.66;10;11303137783;S
20241016;101407;115.66;200;11303137784;S
20241016;101407;115.56;10;11303137786;S
20241016;101407;115.54;100;11303137787;S
20241016;101407;115.54;10;11303137788;S
20241016;101429;115.56;120;11303140452;S
20241016;101432;115.66;40;11303141050;B
20241016;101433;115.66;50;11303141402;B
20241016;101436;115.64;10;11303141753;B
20241016;101445;115.62;250;11303143236;B
20241016;101449;115.64;10;11303143755;B
20241016;101449;115.64;10;11303143756;B
20241016;101452;115.64;50;11303144480;B
20241016;101456;115.64;10;11303145292;B
20241016;101457;115.64;10;11303145612;B
20241016;101501;115.64;130;11303146438;B
20241016;101501;115.64;30;11303146445;B
20241016;101501;115.64;760;11303146446;B
20241016;101512;115.58;10;11303149419;S
20241016;101512;115.58;200;11303149420;S
20241016;101512;115.56;10;11303149421;B
20241016;101512;115.56;10;11303149423;B
20241016;101513;115.56;30;11303149640;B
20241016;101513;115.56;10;11303149818;B
20241016;101516;115.56;230;11303150986;B
20241016;101521;115.56;10;11303152830;B
20241016;101522;115.54;10;11303153003;S
20241016;101524;115.54;990;11303153469;S
20241016;101524;115.54;2130;11303153470;S
20241016;101525;115.56;20;11303153783;B
20241016;101527;115.44;90;11303154285;S
20241016;101535;115.52;20;11303156870;B
20241016;101555;115.48;10;11303161700;S
20241016;101556;115.5;50;11303162230;S
20241016;101600;115.52;20;11303163585;B
20241016;101610;115.52;120;11303167819;B
20241016;101618;115.52;100;11303169982;B
20241016;101624;115.52;90;11303171112;B
20241016;101624;115.52;30;11303171113;B
20241016;101624;115.52;40;11303171114;B
20241016;101624;115.52;50;11303171115;B
20241016;101625;115.52;20;11303171376;B
20241016;101626;115.5;10;11303171761;S
20241016;101626;115.48;1350;11303171763;S
20241016;101628;115.48;150;11303172202;B
20241016;101628;115.48;200;11303172203;B
20241016;101633;115.5;30;11303173337;S
20241016;101706;115.48;100;11303178572;S
20241016;101706;115.48;850;11303178705;S
20241016;101710;115.42;30;11303179364;S
20241016;101711;115.38;10;11303179467;S
20241016;101716;115.34;10;11303180206;S
20241016;101716;115.34;40;11303180369;B
20241016;101716;115.36;50;11303180370;B
20241016;101716;115.36;200;11303180371;B
20241016;101716;115.38;10;11303180372;B
20241016;101716;115.42;130;11303180373;B
20241016;101716;115.46;10;11303180374;B
20241016;101716;115.48;500;11303180375;B
20241016;101716;115.48;360;11303180376;B
20241016;101716;115.5;300;11303180377;B
20241016;101716;115.5;50;11303180378;B
20241016;101716;115.5;1000;11303180379;B
20241016;101716;115.5;19780;11303180380;S
20241016;101716;115.5;16940;11303180381;S
20241016;101720;115.34;10;11303180963;S
20241016;101720;115.34;10;11303181008;B
20241016;101721;115.34;150;11303181115;B
20241016;101721;115.34;280;11303181181;B
20241016;101724;115.36;40;11303182021;S
20241016;101739;115.36;10;11303185101;S
20241016;101739;115.44;10;11303185164;B
20241016;101739;115.46;50;11303185165;B
20241016;101742;115.46;50;11303186545;S
20241016;101742;115.44;90;11303186546;S
20241016;101742;115.44;50;11303186547;S
20241016;101742;115.38;290;11303186548;S
20241016;101752;115.52;100;11303190132;B
20241016;101802;115.52;50;11303193516;S
20241016;101820;115.56;10;11303198280;B
20241016;101820;115.56;10;11303198321;B
20241016;101847;115.54;50;11303202926;B
20241016;101847;115.56;360;11303202927;B
20241016;101901;115.56;250;11303205962;B
20241016;101901;115.56;120;11303205963;B
20241016;101901;115.58;100;11303205964;B
20241016;101901;115.58;400;11303205965;B
20241016;101901;115.58;120;11303205966;B
20241016;101901;115.6;3330;11303205967;B
20241016;101901;115.6;50;11303205968;B
20241016;101901;115.6;40;11303205969;B
20241016;101901;115.62;200;11303205970;B
20241016;101901;115.64;130;11303205971;B
20241016;101901;115.66;1190;11303205973;S
20241016;101911;115.64;10;11303208112;B
20241016;101911;115.64;20;11303208113;B
20241016;101911;115.64;100;11303208114;B
20241016;101915;115.56;20;11303209341;S
20241016;101938;115.5;10;11303214109;S
20241016;101941;115.48;10;11303214458;S
20241016;101942;115.48;30;11303214667;B
20241016;101942;115.48;10;11303214668;B
20241016;101942;115.48;100;11303214669;B
20241016;101944;115.5;50;11303214838;B
20241016;101946;115.5;10;11303215166;B
20241016;101953;115.5;10;11303215962;S
20241016;101953;115.48;10;11303215963;S
20241016;102007;115.48;4350;11303217601;S
20241016;102016;115.46;10;11303219020;S
20241016;102016;115.44;40;11303219021;S
20241016;102016;115.44;10;11303219022;S
20241016;102024;115.48;20;11303220835;B
20241016;102032;115.4;110;11303224931;S
20241016;102033;115.4;390;11303225367;S
20241016;102037;115.44;10;11303228260;B
20241016;102037;115.44;200;11303228261;B
20241016;102037;115.44;50;11303228262;B
20241016;102037;115.46;140;11303228263;B
20241016;102041;115.38;50;11303231099;S
20241016;102041;115.38;100;11303231100;S
20241016;102041;115.38;1770;11303231266;S
20241016;102041;115.38;2270;11303231267;S
20241016;102044;115.32;10;11303233268;S
20241016;102047;115.28;10;11303235242;S
20241016;102048;115.32;60;11303235491;B
20241016;102048;115.32;940;11303235492;S
20241016;102048;115.26;140;11303235781;S
20241016;102051;115.26;860;11303237314;S
20241016;102051;115.24;10;11303237315;S
20241016;102051;115.24;100;11303237316;S
20241016;102051;115.24;300;11303237317;S
20241016;102051;115.24;250;11303237318;S
20241016;102051;115.22;10;11303237319;S
20241016;102051;115.22;10;11303237320;S
20241016;102051;115.22;40;11303237321;S
20241016;102051;115.22;10;11303237322;S
20241016;102051;115.2;10;11303237323;S
20241016;102051;115.2;10;11303237324;S
20241016;102051;115.2;500;11303237325;S
20241016;102051;115.2;90;11303237326;S
20241016;102051;115.2;10;11303237338;S
20241016;102051;115.22;2100;11303237571;S
20241016;102051;115.2;210;11303237572;S
20241016;102051;115.2;1680;11303237573;S
20241016;102114;115.2;30;11303251790;S
20241016;102114;115.18;20;11303251791;S
20241016;102125;115.2;60;11303259120;S
20241016;102142;115.22;50;11303266699;S
20241016;102142;115.22;50;11303266700;S
20241016;102143;115.26;10;11303266913;B
20241016;102145;115.24;20;11303267124;S
20241016;102145;115.22;30;11303267125;S
20241016;102145;115.22;100;11303267126;S
20241016;102145;115.22;20;11303267127;S
20241016;102145;115.22;120;11303267128;B
20241016;102153;115.22;10;11303268318;S
20241016;102218;115.24;20;11303272104;S
20241016;102218;115.22;40;11303272105;S
20241016;102238;115.24;20;11303274506;S
20241016;102238;115.22;70;11303274507;S
20241016;102238;115.22;20;11303274508;S
20241016;102238;115.2;20;11303274509;S
20241016;102238;115.2;200;11303274510;S
20241016;102238;115.2;110;11303274511;S
20241016;102248;115.24;30;11303275773;S
20241016;102248;115.24;370;11303275774;B
20241016;102252;115.3;30;11303276228;B
20241016;102312;115.24;50;11303279109;B
20241016;102318;115.22;10;11303279894;S
20241016;102318;115.22;20;11303279895;S
20241016;102318;115.2;90;11303279896;S
20241016;102318;115.2;30;11303279897;S
20241016;102318;115.2;20;11303279898;S
20241016;102318;115.18;80;11303279899;S
20241016;102318;115.18;500;11303279900;S
20241016;102318;115.16;30;11303279901;S
20241016;102318;115.16;20;11303279902;S
20241016;102329;115.2;10;11303281384;S
20241016;102329;115.2;40;11303281385;B
20241016;102337;115.18;10;11303282436;S
20241016;102344;115.22;10;11303283183;B
20241016;102348;115.16;180;11303283775;S
20241016;102348;115.16;10;11303283776;S
20241016;102348;115.16;20;11303283777;S
20241016;102348;115.14;1040;11303283778;S
20241016;102355;115.22;40;11303284675;B
20241016;102417;115.22;20;11303287129;S
20241016;102417;115.22;20;11303287130;S
20241016;102437;115.16;50;11303289914;S
20241016;102438;115.16;100;11303290008;B
20241016;102443;115.16;250;11303290695;S
20241016;102443;115.16;10;11303290696;S
20241016;102448;115.14;960;11303291614;S
20241016;102448;115.12;30;11303291615;S
20241016;102448;115.1;10;11303291616;S
20241016;102456;115.06;120;11303292814;S
20241016;102516;115.04;10;11303296002;S
20241016;102516;115.04;100;11303296003;S
20241016;102516;115.02;20;11303296004;S
20241016;102516;115.02;10;11303296005;S
20241016;102516;115.02;10;11303296006;S
20241016;102516;115.02;430;11303296007;S
20241016;102516;115.02;200;11303296008;S
20241016;102517;115.02;120;11303296163;B
20241016;102517;115.02;110;11303296164;S
20241016;102519;115.04;10;11303296375;B
20241016;102519;115.04;10;11303296376;B
20241016;102519;115.06;300;11303296377;B
20241016;102519;115.08;310;11303296378;B
20241016;102519;115.1;130;11303296379;B
20241016;102519;115.1;150;11303296380;B
20241016;102519;115.1;310;11303296381;B
20241016;102519;115.12;2010;11303296382;B
20241016;102530;115.1;10;11303297834;B
20241016;102534;115.06;130;11303298637;S
20241016;102534;115.06;30;11303298638;S
20241016;102543;115.02;30;11303299997;B
20241016;102545;115.02;260;11303300315;B
20241016;102558;115.04;10;11303303305;S
20241016;102601;115.06;50;11303304073;B
20241016;102605;115.08;170;11303305126;B
20241016;102607;115.06;300;11303305631;S
20241016;102610;115.1;50;11303306284;B
20241016;102610;115.12;50;11303306285;B
20241016;102639;115.22;10;11303310311;B
20241016;102651;115.2;50;11303311736;B
20241016;102731;115.2;50;11303319139;B
20241016;102731;115.2;120;11303319140;B
20241016;102731;115.2;30;11303319141;B
20241016;102745;115.2;1420;11303321676;B
20241016;102810;115.2;500;11303327023;B
20241016;102821;115.24;50;11303329453;B
20241016;102821;115.24;2000;11303329454;B
20241016;102821;115.26;50;11303329455;B
20241016;102821;115.26;500;11303329456;B
20241016;102821;115.28;50;11303329457;B
20241016;102931;115.28;50;11303340113;B
20241016;102931;115.3;20;11303340114;B
20241016;102931;115.3;10;11303340115;B
20241016;102931;115.3;170;11303340116;B
20241016;102931;115.3;1330;11303340117;B
20241016;102931;115.3;3340;11303340118;B
20241016;102937;115.32;110;11303340773;B
20241016;102938;115.32;210;11303340914;B
20241016;102958;115.32;3020;11303343578;B
20241016;102958;115.34;10;11303343579;B
20241016;102958;115.4;50;11303343595;B
20241016;102958;115.4;50;11303343596;B
20241016;103009;115.48;30;11303345543;B
20241016;103009;115.5;50;11303345544;B
20241016;103009;115.5;30;11303345545;B
20241016;103009;115.5;50;11303345546;B
20241016;103009;115.5;840;11303345547;B
20241016;103010;115.5;1000;11303345656;B
20241016;103010;115.5;1000;11303345833;B
20241016;103010;115.5;330;11303345834;B
20241016;103010;115.5;160;11303345836;B
20241016;103010;115.5;30;11303345837;B
20241016;103011;115.5;1000;11303345905;B
20241016;103014;115.5;1000;11303346292;B
20241016;103017;115.5;1300;11303346801;B
20241016;103017;115.52;20;11303346802;B
20241016;103017;115.54;200;11303346803;B
20241016;103017;115.54;300;11303346804;B
20241016;103017;115.56;180;11303346866;B
20241016;103019;115.54;150;11303347163;S
20241016;103021;115.54;250;11303347514;S
20241016;103027;115.52;500;11303348462;B
20241016;103028;115.52;50;11303348490;B
20241016;103028;115.56;150;11303348620;B
20241016;103028;115.56;490;11303348621;B
20241016;103028;115.58;360;11303348622;B
20241016;103028;115.58;2500;11303348626;B
20241016;103029;115.58;470;11303348758;B
20241016;103029;115.58;510;11303348759;B
20241016;103029;115.6;10;11303348760;B
20241016;103029;115.6;50;11303348761;B
20241016;103029;115.6;1160;11303348762;B
20241016;103034;115.58;100;11303349566;B
20241016;103035;115.58;100;11303349681;B
20241016;103036;115.58;100;11303349832;B
20241016;103042;115.56;220;11303351344;B
20241016;103042;115.56;290;11303351345;B
20241016;103043;115.58;1000;11303351582;B
20241016;103045;115.56;10;11303351975;B
20241016;103049;115.54;10;11303352913;S
20241016;103049;115.54;100;11303352914;S
20241016;103058;115.54;50;11303354643;S
20241016;103058;115.56;20;11303354644;B
20241016;103101;115.52;50;11303355011;S
20241016;103101;115.5;50;11303355012;S
20241016;103101;115.5;200;11303355013;S
20241016;103101;115.5;10;11303355014;S
20241016;103101;115.5;100;11303355015;S
20241016;103101;115.5;200;11303355016;S
20241016;103101;115.5;140;11303355017;S
20241016;103105;115.5;90;11303355708;B
20241016;103109;115.46;200;11303356706;S
20241016;103109;115.46;500;11303356707;S
20241016;103112;115.44;20;11303357467;B
20241016;103120;115.44;10;11303358721;B
20241016;103134;115.46;10;11303360722;B
20241016;103139;115.44;40;11303361858;S
20241016;103139;115.44;10;11303361859;S
20241016;103139;115.44;10;11303361860;S
20241016;103155;115.44;50;11303365414;S
20241016;103155;115.44;200;11303365415;S
20241016;103156;115.44;10;11303365699;S
20241016;103212;115.5;50;11303368126;B
20241016;103243;115.44;20;11303371889;S
20241016;103258;115.44;1270;11303374734;S
20241016;103258;115.44;100;11303374735;S
20241016;103258;115.44;200;11303374736;S
20241016;103258;115.44;10;11303374737;S
20241016;103258;115.4;100;11303374741;S
20241016;103258;115.32;200;11303374742;S
20241016;103258;115.32;300;11303374743;S
20241016;103258;115.3;20;11303374744;S
20241016;103258;115.28;50;11303374745;S
20241016;103258;115.28;330;11303374746;S
20241016;103340;115.32;10;11303380994;S
20241016;103343;115.3;10;11303381477;B
20241016;103352;115.28;10;11303383095;S
20241016;103352;115.2;10;11303383141;S
20241016;103402;115.26;10;11303384960;B
20241016;103406;115.28;90;11303385484;B
20241016;103406;115.3;80;11303385485;B
20241016;103406;115.3;130;11303385486;B
20241016;103413;115.3;10;11303386307;B
20241016;103428;115.3;10;11303388384;B
20241016;103436;115.26;20;11303389586;S
20241016;103439;115.22;10;11303390067;S
20241016;103439;115.18;20;11303390068;S
20241016;103439;115.18;10;11303390069;S
20241016;103441;115.24;10;11303390295;B
20241016;103441;115.26;30;11303390296;B
20241016;103501;115.28;50;11303392815;B
20241016;103503;115.26;30;11303393168;S
20241016;103507;115.3;50;11303393820;B
20241016;103507;115.3;310;11303393821;B
20241016;103515;115.32;5000;11303395171;B
20241016;103517;115.32;6990;11303395503;B
20241016;103517;115.48;10;11303395505;B
20241016;103517;115.48;10;11303395522;B
20241016;103534;115.5;190;11303398267;B
20241016;103534;115.5;250;11303398268;B
20241016;103534;115.5;750;11303398269;B
20241016;103534;115.5;10;11303398270;B
20241016;103534;115.5;50;11303398271;B
20241016;103551;115.58;10;11303400876;B
20241016;103623;115.32;20;11303410347;S
20241016;103623;115.32;400;11303410348;S
20241016;103631;115.38;20;11303413787;B
20241016;103648;115.38;10;11303416660;S
20241016;103709;115.4;10;11303419072;S
20241016;103709;115.4;20;11303419073;S
20241016;103709;115.4;20;11303419074;S
20241016;103719;115.4;10;11303420058;S
20241016;103719;115.38;290;11303420059;S
20241016;103747;115.4;20;11303423030;S
20241016;103807;115.48;10;11303425335;B
20241016;103845;115.46;10;11303428892;B
20241016;103904;115.46;100;11303430629;S
20241016;103907;115.48;10;11303430872;B
20241016;103912;115.48;20;11303431263;B
20241016;103917;115.48;10;11303432124;B
20241016;103919;115.46;290;11303432264;S
20241016;103926;115.4;10;11303432926;S
20241016;103934;115.4;1000;11303433651;S
20241016;103935;115.4;10;11303433743;S
20241016;103936;115.4;10;11303433780;S
20241016;103940;115.4;30;11303434265;S
20241016;103940;115.4;110;11303434266;S
20241016;103940;115.4;10;11303434267;S
20241016;104005;115.38;10;11303437944;S
20241016;104005;115.38;10;11303437945;S
20241016;104008;115.3;250;11303438444;S
20241016;104016;115.26;330;11303439442;S
20241016;104016;115.22;20;11303439443;S
20241016;104016;115.22;50;11303439444;S
20241016;104016;115.2;50;11303439445;S
20241016;104016;115.16;400;11303439446;S
20241016;104016;115.16;20;11303439447;S
20241016;104016;115.16;500;11303439448;S
20241016;104019;115.16;120;11303439735;B
20241016;104049;115.16;350;11303443196;S
20241016;104053;115.16;10;11303445240;B
20241016;104112;115.12;10;11303449044;S
20241016;104117;115.16;990;11303449823;B
20241016;104117;115.2;90;11303449824;B
20241016;104136;115.3;10;11303453565;B
20241016;104143;115.32;10;11303455127;B
20241016;104143;115.34;70;11303455128;B
20241016;104211;115.28;50;11303459524;B
20241016;104212;115.22;10;11303459571;S
20241016;104230;115.2;1000;11303461558;S
20241016;104230;115.2;300;11303461559;S
20241016;104239;115.2;400;11303462889;B
20241016;104240;115.2;500;11303463007;B
20241016;104241;115.2;20;11303463060;B
20241016;104257;115.16;500;11303466791;S
20241016;104312;115.16;120;11303469172;S
20241016;104323;115.16;180;11303471262;S
20241016;104331;115.16;180;11303472825;S
20241016;104332;115.16;910;11303473063;S
20241016;104337;115.14;20;11303473742;S
20241016;104339;115.16;90;11303474203;B
20241016;104342;115.18;3330;11303474499;S
20241016;104342;115.16;10;11303474500;S
20241016;104342;115.16;130;11303474501;S
20241016;104342;115.14;30;11303474502;S
20241016;104342;115.12;20;11303474503;S
20241016;104342;115.12;10;11303474504;S
20241016;104342;115.12;10;11303474505;S
20241016;104342;115.12;30;11303474506;S
20241016;104342;115.12;10;11303474507;S
20241016;104342;115.12;200;11303474508;S
20241016;104342;115.1;50;11303474509;S
20241016;104342;115.1;150;11303474510;S
20241016;104342;115.1;370;11303474511;S
20241016;104410;115.2;10;11303478983;B
20241016;104410;115.22;90;11303478984;B
20241016;104412;115.14;60;11303480097;S
20241016;104443;115.14;50;11303493241;S
20241016;104443;115.14;10;11303493242;S
20241016;104443;115.12;80;11303493243;S
20241016;104443;115.12;360;11303493244;S
20241016;104507;115.12;50;11303498254;S
20241016;104530;115.22;990;11303501760;B
20241016;104550;115.22;50;11303505337;B
20241016;104635;115.22;480;11303513806;B
20241016;104636;115.22;1710;11303514095;B
20241016;104636;115.22;20;11303514096;B
20241016;104713;115.38;200;11303519542;B
20241016;104713;115.38;300;11303519545;B
20241016;104713;115.4;50;11303519546;B
20241016;104713;115.4;170;11303519547;B
20241016;104716;115.44;30;11303520033;B
20241016;104717;115.4;110;11303520070;S
20241016;104720;115.44;20;11303520484;B
20241016;104739;115.4;80;11303523149;S
20241016;104745;115.4;250;11303523770;S
20241016;104754;115.38;10;11303524836;B
20241016;104754;115.38;80;11303524837;B
20241016;104754;115.4;10;11303524838;B
20241016;104908;115.3;30;11303534091;B
20241016;104908;115.32;10;11303534092;B
20241016;104913;115.24;10;11303534940;S
20241016;104913;115.24;50;11303534941;S
20241016;104913;115.2;10;11303534943;S
20241016;104920;115.22;10;11303535769;B
20241016;104922;115.24;10;11303536046;B
20241016;104927;115.22;50;11303536631;S
20241016;104930;115.16;10;11303537018;S
20241016;104932;115.16;10;11303537216;S
20241016;104945;115.3;700;11303538659;B
20241016;105007;115.26;20;11303541642;B
20241016;105116;115.26;10;11303548935;B
20241016;105129;115.18;10;11303550470;S
20241016;105154;115.34;10;11303554013;B
20241016;105211;115.36;40;11303557687;B
20241016;105230;115.24;30;11303562914;S
20241016;105230;115.24;10;11303562915;S
20241016;105237;115.24;10;11303564600;S
20241016;105237;115.24;10;11303564601;S
20241016;105238;115.24;10;11303564710;B
20241016;105245;115.28;10;11303566225;B
20241016;105247;115.3;30;11303566564;B
20241016;105251;115.28;10;11303567126;B
20241016;105251;115.3;990;11303567127;B
20241016;105326;115.2;10;11303572128;S
20241016;105332;115.3;550;11303572882;B
20241016;105354;115.3;600;11303576434;B
20241016;105414;115.48;100;11303581427;B
20241016;105419;115.44;220;11303582227;S
20241016;105419;115.44;200;11303582228;S
20241016;105419;115.44;30;11303582229;S
20241016;105427;115.48;40;11303583181;B
20241016;105441;115.48;80;11303586452;B
20241016;105443;115.48;10;11303586644;B
20241016;105450;115.44;10;11303588543;S
20241016;105450;115.44;590;11303588544;S
20241016;105451;115.48;1000;11303588581;B
20241016;105454;115.48;100;11303589481;B
20241016;105501;115.48;40;11303591005;B
20241016;105514;115.48;600;11303593274;B
20241016;105529;115.46;50;11303598087;S
20241016;105529;115.46;120;11303598088;S
20241016;105546;115.46;10;11303601306;S
20241016;105551;115.48;20;11303602335;B
20241016;105553;115.48;20;11303602789;B
20241016;105553;115.48;30;11303602850;B
20241016;105555;115.46;80;11303603114;S
20241016;105555;115.46;20;11303603115;S
20241016;105602;115.48;420;11303604816;B
20241016;105605;115.46;10;11303605490;S
20241016;105624;115.46;70;11303610145;S
20241016;105624;115.46;300;11303610146;S
20241016;105624;115.44;410;11303610147;S
20241016;105624;115.44;2500;11303610148;S
20241016;105624;115.44;130;11303610149;S
20241016;105624;115.44;100;11303610150;S
20241016;105624;115.42;230;11303610151;S
20241016;105629;115.4;40;11303611213;S
20241016;105629;115.4;100;11303611214;S
20241016;105629;115.38;100;11303611215;S
20241016;105631;115.36;10;11303611519;B
20241016;105631;115.36;10;11303611668;B
20241016;105632;115.36;10;11303611738;B
20241016;105635;115.36;20;11303612094;B
20241016;105635;115.38;20;11303612095;B
20241016;105651;115.4;20;11303614369;B
20241016;105714;115.36;100;11303618818;S
20241016;105714;115.36;70;11303618819;S
20241016;105714;115.36;600;11303618820;S
20241016;105714;115.36;130;11303618821;S
20241016;105724;115.34;230;11303621085;S
20241016;105724;115.34;70;11303621086;S
20241016;105725;115.34;690;11303621214;B
20241016;105826;115.34;60;11303629564;S
20241016;105853;115.32;30;11303639681;S
20241016;105857;115.32;10;11303641590;S
20241016;105908;115.32;10;11303646012;S
20241016;105910;115.34;40;11303646890;B
20241016;105914;115.32;30;11303648779;S
20241016;105921;115.32;10;11303650072;S
20241016;105930;115.32;50;11303651368;S
20241016;105930;115.32;740;11303651369;S
20241016;105930;115.3;10;11303651370;S
20241016;105930;115.3;1000;11303651371;S
20241016;105930;115.3;100;11303651372;S
20241016;105930;115.3;150;11303651373;S
20241016;105947;115.32;80;11303653751;B
20241016;105947;115.32;170;11303653752;B
20241016;105949;115.22;100;11303654119;S
20241016;110035;115.32;30;11303664058;B
20241016;110112;115.34;10;11303671388;B
20241016;110136;115.26;10;11303676880;S
20241016;110140;115.34;20;11303677963;B
20241016;110251;115.24;120;11303695949;S
20241016;110251;115.22;70;11303695950;S
20241016;110312;115.26;2000;11303706429;S
20241016;110321;115.26;150;11303715361;B
20241016;110343;115.2;10;11303734970;S
20241016;110357;115.2;160;11303746089;S
20241016;110357;115.2;60;11303746090;S
20241016;110400;115.2;20;11303749322;B
20241016;110414;115.18;10;11303761645;S
20241016;110414;115.18;10;11303761646;S
20241016;110414;115.18;50;11303761647;S
20241016;110429;115.18;20;11303776109;B
20241016;110429;115.18;410;11303776677;B
20241016;110430;115.2;600;11303777446;B
20241016;110430;115.2;460;11303777512;B
20241016;110430;115.2;50;11303777513;B
20241016;110455;115.16;30;11303801733;S
20241016;110502;115.16;10;11303808800;S
20241016;110506;115.18;30;11303813246;S
20241016;110612;115.18;90;11303881890;S
20241016;110628;115.22;10;11303898479;B
20241016;110628;115.24;10;11303898480;B
20241016;110723;115.18;210;11303946945;S
20241016;110723;115.16;60;11303946946;S
20241016;110723;115.16;10;11303946947;S
20241016;110723;115.16;50;11303946948;S
20241016;110723;115.14;170;11303946949;S
20241016;110723;115.14;580;11303946950;S
20241016;110723;115.12;50;11303946951;S
20241016;110723;115.12;10;11303946952;S
20241016;110723;115.12;10;11303946953;S
20241016;110723;115.12;880;11303946954;S
20241016;110723;115.12;400;11303946955;S
20241016;110723;115.12;170;11303946956;S
20241016;110723;115.1;130;11303946957;S
20241016;110723;115.1;500;11303946958;S
20241016;110723;115.1;1000;11303946959;S
20241016;110723;115.1;3330;11303946960;S
20241016;110723;115.1;130;11303946961;S
20241016;110723;115.1;200;11303946962;S
20241016;110723;115.04;10;11303946963;S
20241016;110723;115.04;20;11303946964;S
20241016;110723;115.04;70;11303946965;S
20241016;110724;115.08;790;11303947735;S
20241016;110729;115.2;10;11303953460;B
20241016;110732;115.08;30;11303956129;S
20241016;110735;115.08;10;11303959020;S
20241016;110745;115.14;10;11303968596;B
20241016;110810;115.08;30;11303993895;S
20241016;110827;115.08;10;11304010867;S
20241016;110843;115.1;10;11304026874;S
20241016;110843;115.08;10;11304026875;S
20241016;110844;115.06;10;11304027106;B
20241016;110852;115.02;10;11304036078;S
20241016;110852;115.02;30;11304036079;S
20241016;110852;115.02;20;11304036080;S
20241016;110852;115.02;10;11304036081;S
20241016;110852;115.02;10;11304036082;S
20241016;110852;115.02;10;11304036083;S
20241016;110852;115.02;10;11304036084;S
20241016;110852;115.02;10;11304036085;S
20241016;110852;115.02;540;11304036086;S
20241016;110854;115.02;50;11304038193;S
20241016;110928;115.06;270;11304072422;B
20241016;110928;115.04;50;11304072674;S
20241016;110928;115.04;50;11304072675;S
20241016;110932;115.06;40;11304076802;B
20241016;110932;115.06;10;11304076894;B
20241016;110937;115.06;140;11304081998;B
20241016;110942;115.08;480;11304086122;B
20241016;111021;115.14;70;11304120980;B
20241016;111042;115.16;10;11304142319;B
20241016;111042;115.18;10;11304142320;B
20241016;111113;115.16;30;11304173357;B
20241016;111117;115.16;1090;11304177815;B
20241016;111120;115.16;600;11304180712;B
20241016;111129;115.18;10;11304189196;B
20241016;111130;115.16;380;11304190317;B
20241016;111130;115.16;50;11304190318;B
20241016;111133;115.16;720;11304193415;B
20241016;111135;115.18;20;11304195327;B
20241016;111135;115.18;500;11304195935;B
20241016;111136;115.18;470;11304196388;B
20241016;111150;115.18;200;11304210894;B
20241016;111202;115.18;10;11304223036;B
20241016;111205;115.18;550;11304226615;B
20241016;111217;115.18;500;11304238741;B
20241016;111237;115.18;20;11304259815;B
20241016;111237;115.18;2000;11304259899;B
20241016;111238;115.18;650;11304260825;B
20241016;111240;115.18;10;11304262427;B
20241016;111246;115.18;150;11304268086;B
20241016;111249;115.18;40;11304270181;B
20241016;111256;115.18;500;11304275722;B
20241016;111257;115.18;10;11304277262;B
20241016;111300;115.18;1580;11304278926;B
20241016;111313;115.18;30;11304290628;B
20241016;111330;115.18;10;11304307457;B
20241016;111337;115.18;200;11304314937;B
20241016;111338;115.18;10;11304315528;B
20241016;111345;115.18;10;11304322982;B
20241016;111417;115.18;10;11304356137;B
20241016;111430;115.18;1000;11304368975;B
20241016;111431;115.18;10;11304370349;B
20241016;111451;115.16;10;11304389839;S
20241016;111451;115.16;50;11304389840;S
20241016;111451;115.14;10;11304389841;S
20241016;111451;115.12;10;11304389842;S
20241016;111451;115.1;20;11304389843;S
20241016;111451;115.1;20;11304389844;S
20241016;111451;115.1;50;11304389845;S
20241016;111451;115.1;10;11304389846;S
20241016;111451;115.1;880;11304389847;S
20241016;111451;115.08;10;11304389848;S
20241016;111451;115.08;100;11304389849;S
20241016;111451;115.08;1300;11304389850;S
20241016;111451;115.06;10;11304389851;S
20241016;111451;115.06;2100;11304389852;S
20241016;111451;115.06;10;11304389853;S
20241016;111451;115.06;130;11304389854;S
20241016;111451;115.06;480;11304389855;S
20241016;111515;115.08;40;11304415066;S
20241016;111517;115.16;10;11304417324;B
20241016;111549;115.16;470;11304448233;B
20241016;111549;115.16;330;11304448234;B
20241016;111559;115.18;10;11304457146;B
20241016;111627;115.18;100;11304482453;B
20241016;111633;115.18;10;11304488439;B
20241016;111710;115.16;20;11304524835;B
20241016;111717;115.16;570;11304531929;B
20241016;111717;115.18;5880;11304531930;B
20241016;111717;115.18;10;11304531931;B
20241016;111717;115.18;1940;11304531932;B
20241016;111717;115.18;500;11304531933;B
20241016;111717;115.18;400;11304531934;B
20241016;111717;115.18;130;11304531935;B
20241016;111717;115.18;570;11304531936;B
20241016;111717;115.2;400;11304531937;B
20241016;111717;115.2;500;11304531938;B
20241016;111717;115.22;1500;11304531939;B
20241016;111717;115.22;200;11304531940;B
20241016;111717;115.24;1300;11304531941;B
20241016;111717;115.28;2000;11304531942;B
20241016;111717;115.3;500;11304531943;B
20241016;111717;115.3;1000;11304531944;S
20241016;111800;115.2;10;11304573643;S
20241016;111803;115.22;40;11304577684;B
20241016;111803;115.24;40;11304577685;B
20241016;111803;115.24;600;11304577686;B
20241016;111803;115.26;110;11304577687;B
20241016;111803;115.26;130;11304577688;B
20241016;111803;115.28;200;11304577689;B
20241016;111803;115.28;200;11304577690;B
20241016;111803;115.3;180;11304577691;B
20241016;111811;115.26;10;11304585798;S
20241016;111818;115.18;10;11304592493;S
20241016;111853;115.18;10;11304628901;B
20241016;111853;115.2;20;11304628902;B
20241016;111859;115.18;10;11304634010;B
20241016;111951;115.12;10;11304683582;S
20241016;111951;115.1;140;11304683583;S
20241016;111951;115.1;20;11304683584;S
20241016;111951;115.1;1000;11304683585;S
20241016;111951;115.1;10;11304683586;S
20241016;111951;115.08;10;11304683587;S
20241016;111951;115.08;10;11304683588;S
20241016;111951;115.08;500;11304683589;S
20241016;111951;115.06;10;11304683596;S
20241016;111951;115.06;650;11304683597;S
20241016;111951;115.06;10;11304683598;S
20241016;111951;115.06;10;11304683599;S
20241016;111951;115.06;330;11304683603;S
20241016;111952;115.08;10;11304684570;B
20241016;111953;115.1;10;11304684912;B
20241016;111955;115.08;10;11304687571;B
20241016;112000;115.04;80;11304693058;S
20241016;112000;115.04;10;11304693059;S
20241016;112001;115.04;10;11304693563;S
20241016;112002;115.06;50;11304693676;B
20241016;112003;115.02;530;11304695540;S
20241016;112003;115.02;30;11304695541;S
20241016;112003;115.02;100;11304695542;S
20241016;112003;115.02;500;11304695543;S
20241016;112003;115.02;10;11304695544;S
20241016;112003;115.02;10;11304695545;S
20241016;112003;115.02;1000;11304695546;S
20241016;112003;115.02;10;11304695547;S
20241016;112003;115.02;160;11304695550;S
20241016;112005;115;2000;11304699340;S
20241016;112005;115;1000;11304699341;S
20241016;112005;115;100;11304699342;S
20241016;112005;115;1000;11304699343;S
20241016;112005;115;10;11304699344;S
20241016;112005;115;100;11304699345;S
20241016;112005;115;260;11304699346;S
20241016;112005;115;20;11304699347;S
20241016;112005;115;1940;11304699348;S
20241016;112005;115;100;11304699349;S
20241016;112005;115;20;11304699350;S
20241016;112005;115;20;11304699351;S
20241016;112005;115;20;11304699352;S
20241016;112005;115;20;11304699353;S
20241016;112005;115;50;11304699354;S
20241016;112005;115;50;11304699355;S
20241016;112005;115;1000;11304699356;S
20241016;112005;115;240;11304699357;S
20241016;112005;115;6070;11304699358;S
20241016;112005;115;1130;11304699389;S
20241016;112005;115;2800;11304699390;S
20241016;112005;115;10;11304699391;S
20241016;112005;115;1000;11304699392;S
20241016;112005;115;250;11304699393;S
20241016;112005;115;200;11304699394;S
20241016;112005;115;20;11304699395;S
20241016;112005;115;10;11304699396;S
20241016;112005;115;10;11304699397;S
20241016;112005;115;20;11304699398;S
20241016;112005;115;10;11304699399;S
20241016;112005;115;10;11304699400;S
20241016;112005;115;10;11304699401;S
20241016;112005;115;10;11304699402;S
20241016;112005;115;10;11304699403;S
20241016;112005;115;1700;11304699404;S
20241016;112005;115;100;11304699405;S
20241016;112005;115;10;11304699406;S
20241016;112005;115;100;11304699407;S
20241016;112005;114.98;100;11304699408;S
20241016;112005;114.94;20;11304699421;S
20241016;112005;114.94;100;11304699422;S
20241016;112006;114.9;50;11304699625;S
20241016;112006;114.9;20;11304699626;S
20241016;112006;114.9;60;11304699627;S
20241016;112006;114.9;20;11304699628;S
20241016;112006;114.9;10;11304699629;S
20241016;112006;114.86;840;11304699630;S
20241016;112006;114.84;40;11304699733;S
20241016;112006;114.84;10;11304699734;S
20241016;112006;114.84;470;11304700549;S
20241016;112007;114.9;30;11304701061;B
20241016;112010;114.9;70;11304705069;S
20241016;112010;114.84;70;11304705070;S
20241016;112010;114.84;50;11304705071;S
20241016;112010;114.84;70;11304705072;S
20241016;112035;114.88;10;11304732233;B
20241016;112039;114.88;100;11304737031;B
20241016;112049;114.88;20;11304746498;B
20241016;112049;114.88;180;11304746499;B
20241016;112049;114.92;10;11304746500;B
20241016;112049;114.92;100;11304746501;B
20241016;112049;114.94;100;11304746502;B
20241016;112049;114.98;500;11304746503;B
20241016;112049;114.98;740;11304746504;B
20241016;112049;115;210;11304746505;B
20241016;112049;115;210;11304746506;B
20241016;112049;115;300;11304746507;B
20241016;112049;115;1630;11304746508;B
20241016;112052;114.86;100;11304749724;S
20241016;112052;114.86;200;11304749725;S
20241016;112052;114.84;330;11304749726;S
20241016;112052;114.84;100;11304749727;S
20241016;112052;114.84;10;11304749728;S
20241016;112052;114.84;20;11304749729;S
20241016;112052;114.84;40;11304749730;S
20241016;112055;114.84;210;11304752916;S
20241016;112055;114.84;10;11304752917;S
20241016;112055;114.84;210;11304752918;S
20241016;112055;114.84;200;11304752919;S
20241016;112055;114.84;370;11304752920;B
20241016;112142;114.98;10;11304804285;B
20241016;112340;114.94;10;11304860235;B
20241016;112341;114.94;10;11304860390;B
20241016;112341;114.96;40;11304860391;B
20241016;112342;114.96;250;11304860519;B
20241016;112410;114.96;10;11304863520;B
20241016;112411;114.96;100;11304863673;B
20241016;112423;114.96;40;11304864864;B
20241016;112431;114.96;20;11304865771;B
20241016;112459;114.92;80;11304868825;S
20241016;112459;114.92;200;11304868826;S
20241016;112459;114.92;120;11304868827;S
20241016;112459;114.92;100;11304868828;B
20241016;112510;114.9;50;11304869542;S
20241016;112512;114.9;10;11304869660;S
20241016;112512;114.9;180;11304869661;S
20241016;112512;114.88;1500;11304869662;S
20241016;112512;114.88;310;11304869663;S
20241016;112522;114.92;10;11304870721;B
20241016;112540;114.88;10;11304872448;S
20241016;112540;114.88;210;11304872449;S
20241016;112601;114.9;10;11304874485;B
20241016;112645;114.94;70;11304881032;S
20241016;112728;114.9;10;11304888213;S
20241016;112732;114.9;20;11304888686;S
20241016;112749;114.94;10;11304891018;B
20241016;112757;114.9;970;11304892181;S
20241016;112757;114.9;20;11304892182;S
20241016;112757;114.9;10;11304892183;S
20241016;112757;114.88;40;11304892188;S
20241016;112817;114.88;100;11304894276;S
20241016;112824;114.9;10;11304895089;B
20241016;112824;114.9;50;11304895093;B
20241016;112824;114.88;60;11304895109;S
20241016;112824;114.86;50;11304895110;S
20241016;112824;114.86;300;11304895111;S
20241016;112824;114.86;40;11304895112;S
20241016;112824;114.86;40;11304895113;S
20241016;112824;114.84;50;11304895114;S
20241016;112824;114.84;460;11304895115;S
20241016;112825;114.84;240;11304895345;S
20241016;112825;114.84;210;11304895346;S
20241016;112825;114.84;80;11304895347;S
20241016;112825;114.84;70;11304895348;S
20241016;112825;114.84;250;11304895349;S
20241016;112825;114.84;190;11304895351;S
20241016;112825;114.84;20;11304895352;S
20241016;112825;114.84;20;11304895353;S
20241016;112825;114.84;90;11304895354;S
20241016;112828;114.84;1600;11304895854;S
20241016;112834;114.88;30;11304896599;B
20241016;112834;114.84;1500;11304896640;S
20241016;112835;114.84;140;11304896778;S
20241016;112934;114.88;20;11304903903;B
20241016;113000;114.84;230;11304907290;S
20241016;113000;114.84;1420;11304907291;S
20241016;113000;114.84;10;11304907292;S
20241016;113000;114.82;20;11304907296;S
20241016;113000;114.82;10;11304907297;S
20241016;113000;114.82;10;11304907298;S
20241016;113000;114.82;20;11304907299;S
20241016;113022;114.84;10;11304910766;B
20241016;113029;114.8;100;11304911739;S
20241016;113029;114.8;10;11304911740;S
20241016;113029;114.8;50;11304911741;S
20241016;113029;114.8;10;11304911742;S
20241016;113029;114.8;20;11304911743;S
20241016;113043;114.78;10;11304913284;S
20241016;113043;114.78;10;11304913285;S
20241016;113045;114.76;10;11304913885;S
20241016;113045;114.76;10;11304913886;S
20241016;113045;114.76;20;11304913887;S
20241016;113047;114.8;10;11304914065;B
20241016;113047;114.8;70;11304914066;B
20241016;113047;114.82;70;11304914067;B
20241016;113047;114.82;50;11304914068;B
20241016;113051;114.76;20;11304914930;S
20241016;113051;114.74;10;11304914932;S
20241016;113051;114.74;20;11304914933;S
20241016;113051;114.74;10;11304914934;S
20241016;113051;114.74;10;11304914935;S
20241016;113051;114.74;700;11304914936;S
20241016;113051;114.72;60;11304914937;S
20241016;113051;114.72;10;11304914938;S
20241016;113051;114.72;10;11304914939;S
20241016;113053;114.72;10;11304915309;S
20241016;113053;114.7;50;11304915312;S
20241016;113053;114.7;100;11304915313;S
20241016;113053;114.7;300;11304915314;S
20241016;113053;114.7;1200;11304915315;S
20241016;113053;114.7;20;11304915316;S
20241016;113053;114.7;20;11304915317;S
20241016;113053;114.7;10;11304915318;S
20241016;113053;114.7;10;11304915319;S
20241016;113053;114.7;2000;11304915320;S
20241016;113053;114.7;500;11304915321;S
20241016;113053;114.68;10;11304915323;S
20241016;113053;114.68;40;11304915579;S
20241016;113054;114.7;50;11304915685;B
20241016;113054;114.7;50;11304915686;B
20241016;113054;114.68;150;11304915744;S
20241016;113054;114.68;10;11304915745;S
20241016;113054;114.66;10;11304915746;S
20241016;113054;114.66;10;11304915747;S
20241016;113054;114.64;10;11304915748;S
20241016;113054;114.64;10;11304915749;S
20241016;113054;114.64;10;11304915750;S
20241016;113054;114.64;10;11304915751;S
20241016;113054;114.64;40;11304915752;S
20241016;113054;114.62;10;11304915753;S
20241016;113054;114.62;10;11304915754;S
20241016;113054;114.62;20;11304915755;S
20241016;113054;114.82;10;11304915848;B
20241016;113056;114.68;170;11304916255;S
20241016;113056;114.66;200;11304916256;S
20241016;113056;114.64;10;11304916257;S
20241016;113056;114.62;10;11304916258;S
20241016;113059;114.62;30;11304916974;S
20241016;113101;114.62;20;11304917372;S
20241016;113101;114.62;10;11304917373;S
20241016;113101;114.62;170;11304917374;S
20241016;113108;114.76;110;11304918517;B
20241016;113134;114.64;140;11304922273;S
20241016;113134;114.62;1930;11304922274;S
20241016;113134;114.62;100;11304922275;S
20241016;113134;114.6;10;11304922276;S
20241016;113134;114.6;2140;11304922277;S
20241016;113151;114.76;150;11304924766;B
20241016;113210;114.74;10;11304927075;B
20241016;113218;114.66;2000;11304928145;S
20241016;113221;114.66;1000;11304928539;B
20241016;113229;114.62;40;11304929222;S
20241016;113229;114.6;10;11304929223;S
20241016;113232;114.62;800;11304929646;B
20241016;113237;114.62;510;11304930300;B
20241016;113239;114.62;10;11304930449;B
20241016;113239;114.62;10;11304930471;B
20241016;113240;114.62;300;11304930513;B
20241016;113242;114.6;90;11304930761;S
20241016;113248;114.62;500;11304931487;B
20241016;113249;114.6;3330;11304931674;S
20241016;113251;114.62;200;11304931864;B
20241016;113300;114.6;200;11304932994;S
20241016;113303;114.62;10;11304933343;B
20241016;113307;114.62;10;11304933680;B
20241016;113311;114.62;300;11304934171;B
20241016;113314;114.6;14230;11304934425;S
20241016;113314;114.6;520;11304934426;S
20241016;113314;114.6;480;11304934427;S
20241016;113314;114.6;100;11304934428;S
20241016;113314;114.6;10;11304934429;S
20241016;113314;114.6;40;11304934430;S
20241016;113314;114.6;10;11304934431;S
20241016;113314;114.6;50;11304934432;S
20241016;113314;114.6;10;11304934433;S
20241016;113314;114.58;10;11304934434;S
20241016;113314;114.56;280;11304934446;S
20241016;113315;114.58;40;11304934502;S
20241016;113315;114.58;200;11304934550;B
20241016;113317;114.58;20;11304934764;B
20241016;113319;114.56;40;11304935024;S
20241016;113319;114.56;100;11304935027;S
20241016;113320;114.56;580;11304935065;S
20241016;113320;114.56;150;11304935066;S
20241016;113320;114.56;10;11304935067;S
20241016;113320;114.54;20;11304935068;S
20241016;113320;114.54;20;11304935069;S
20241016;113320;114.54;80;11304935070;S
20241016;113320;114.54;10;11304935071;S
20241016;113320;114.54;20;11304935072;S
20241016;113320;114.54;10;11304935073;S
20241016;113320;114.54;1450;11304935074;S
20241016;113320;114.54;1130;11304935075;S
20241016;113329;114.54;250;11304936251;S
20241016;113335;114.54;2160;11304936936;S
20241016;113335;114.54;100;11304936937;S
20241016;113339;114.52;10;11304937609;S
20241016;113339;114.52;10;11304937610;S
20241016;113339;114.52;80;11304937611;S
20241016;113342;114.52;10;11304938655;S
20241016;113342;114.52;10;11304938656;S
20241016;113345;114.54;10;11304939015;S
20241016;113349;114.54;180;11304939745;S
20241016;113349;114.52;990;11304939746;S
20241016;113349;114.52;10;11304939747;S
20241016;113349;114.5;250;11304939748;S
20241016;113349;114.5;350;11304939749;S
20241016;113349;114.5;90;11304939750;S
20241016;113349;114.5;30;11304939751;S
20241016;113349;114.5;30;11304939752;S
20241016;113349;114.5;100;11304939753;S
20241016;113349;114.5;10;11304939754;S
20241016;113349;114.5;10;11304939755;S
20241016;113349;114.5;250;11304939756;S
20241016;113349;114.5;30;11304939757;S
20241016;113349;114.5;10;11304939758;S
20241016;113349;114.5;50;11304939759;S
20241016;113349;114.48;10;11304939760;S
20241016;113349;114.48;2180;11304939761;S
20241016;113349;114.48;70;11304939762;S
20241016;113349;114.48;1040;11304939763;S
20241016;113349;114.46;130;11304939764;S
20241016;113349;114.44;110;11304939765;S
20241016;113350;114.42;100;11304939877;S
20241016;113350;114.4;10;11304939878;S
20241016;113350;114.4;10;11304939879;S
20241016;113350;114.36;30;11304939880;S
20241016;113354;114.38;10;11304940304;B
20241016;113358;114.38;350;11304940899;B
20241016;113400;114.38;10;11304941152;B
20241016;113400;114.36;10;11304941223;S
20241016;113402;114.38;440;11304941583;B
20241016;113402;114.4;260;11304941584;B
20241016;113402;114.4;130;11304941585;B
20241016;113406;114.42;10;11304942302;S
20241016;113408;114.42;220;11304942439;S
20241016;113414;114.44;20;11304943127;B
20241016;113416;114.42;500;11304943390;S
20241016;113430;114.44;10;11304945090;B
20241016;113446;114.44;1850;11304947279;B
20241016;113446;114.44;1650;11304947280;B
20241016;113446;114.44;670;11304947281;B
20241016;113446;114.44;1200;11304947289;B
20241016;113450;114.44;10;11304948022;B
20241016;113450;114.44;10;11304948023;B
20241016;113452;114.44;10;11304948204;B
20241016;113454;114.44;10;11304948479;B
20241016;113454;114.44;10;11304948480;B
20241016;113455;114.42;990;11304948589;S
20241016;113505;114.44;10;11304949600;B
20241016;113505;114.44;10;11304949601;B
20241016;113509;114.44;600;11304949988;B
20241016;113510;114.44;200;11304950041;B
20241016;113510;114.44;500;11304950042;B
20241016;113510;114.44;30;11304950048;B
20241016;113510;114.44;10;11304950049;B
20241016;113513;114.44;10;11304950409;B
20241016;113513;114.44;10;11304950519;B
20241016;113513;114.44;10;11304950520;B
20241016;113514;114.44;20;11304950755;B
20241016;113515;114.44;150;11304950963;B
20241016;113515;114.44;20;11304950964;B
20241016;113524;114.46;50;11304951936;S
20241016;113549;114.5;500;11304954324;B
20241016;113602;114.68;10;11304955987;B
20241016;113614;114.68;10;11304957030;B
20241016;113627;114.64;650;11304958500;B
20241016;113627;114.64;90;11304958501;B
20241016;113627;114.66;130;11304958502;B
20241016;113627;114.66;200;11304958503;B
20241016;113627;114.7;500;11304958504;B
20241016;113627;114.7;2090;11304958505;B
20241016;113627;114.7;240;11304958506;S
20241016;113633;114.7;100;11304959218;B
20241016;113659;114.7;30;11304961491;B
20241016;113703;114.72;30;11304961801;B
20241016;113707;114.72;10;11304962022;B
20241016;113713;114.72;40;11304962643;B
20241016;113716;114.7;150;11304962962;S
20241016;113722;114.74;50;11304963581;B
20241016;113723;114.74;10;11304963662;B
20241016;113732;114.72;600;11304964523;S
20241016;113732;114.7;450;11304964524;S
20241016;113756;114.72;150;11304967220;S
20241016;113756;114.7;350;11304967221;S
20241016;113758;114.76;10;11304967448;B
20241016;113806;114.76;400;11304968191;B
20241016;113811;114.76;20;11304968603;B
20241016;113817;114.76;40;11304969102;B
20241016;113818;114.76;20;11304969192;B
20241016;113904;114.7;20;11304974099;S
20241016;113904;114.6;20;11304974100;S
20241016;113904;114.6;90;11304974101;S
20241016;113904;114.58;10;11304974102;S
20241016;113904;114.58;10;11304974103;S
20241016;113904;114.58;10;11304974104;S
20241016;113904;114.58;10;11304974105;S
20241016;113904;114.58;100;11304974106;S
20241016;113929;114.56;80;11304977122;S
20241016;113948;114.58;40;11304978830;S
20241016;114032;114.58;50;11304983646;S
20241016;114032;114.58;230;11304983647;S
20241016;114037;114.58;10;11304984003;B
20241016;114040;114.54;10;11304984241;S
20241016;114040;114.54;20;11304984242;S
20241016;114045;114.54;250;11304984870;S
20241016;114045;114.52;50;11304984966;S
20241016;114045;114.52;30;11304984967;S
20241016;114045;114.5;20;11304984968;S
20241016;114136;114.46;10;11304990968;S
20241016;114136;114.46;20;11304990969;S
20241016;114136;114.46;10;11304990970;S
20241016;114137;114.46;10;11304991030;B
20241016;114137;114.46;340;11304991109;B
20241016;114141;114.44;100;11304991440;S
20241016;114144;114.46;240;11304991700;B
20241016;114151;114.46;1370;11304992280;B
20241016;114151;114.5;200;11304992281;B
20241016;114151;114.52;130;11304992282;B
20241016;114151;114.52;150;11304992283;B
20241016;114151;114.58;150;11304992284;B
20241016;114158;114.46;640;11304993177;S
20241016;114201;114.56;10;11304993378;B
20241016;114201;114.56;10;11304993422;B
20241016;114247;114.46;40;11304998131;S
20241016;114247;114.46;250;11304998132;S
20241016;114247;114.46;20;11304998133;S
20241016;114247;114.44;180;11304998134;S
20241016;114247;114.44;100;11304998135;S
20241016;114247;114.44;250;11304998136;S
20241016;114247;114.44;20;11304998137;S
20241016;114247;114.42;20;11304998138;S
20241016;114247;114.42;10;11304998139;S
20241016;114247;114.42;1480;11304998140;S
20241016;114247;114.4;100;11304998141;S
20241016;114247;114.4;50;11304998142;S
20241016;114247;114.4;10;11304998143;S
20241016;114247;114.4;470;11304998144;S
20241016;114322;114.54;40;11305001572;B
20241016;114347;114.54;10;11305004432;B
20241016;114456;114.54;30;11305012023;B
20241016;114456;114.54;10;11305012024;B
20241016;114456;114.54;10;11305012025;B
20241016;114457;114.44;60;11305012194;S
20241016;114457;114.44;180;11305012195;S
20241016;114457;114.42;30;11305012196;S
20241016;114457;114.42;130;11305012197;S
20241016;114457;114.42;340;11305012198;S
20241016;114457;114.4;60;11305012199;S
20241016;114525;114.42;30;11305015542;S
20241016;114525;114.4;120;11305015543;S
20241016;114541;114.42;270;11305017305;S
20241016;114629;114.46;100;11305023474;S
20241016;114629;114.5;500;11305023489;B
20241016;114629;114.56;10;11305023524;B
20241016;114632;114.5;330;11305023769;S
20241016;114635;114.52;180;11305024037;S
20241016;114635;114.5;70;11305024038;S
20241016;114635;114.5;1000;11305024094;S
20241016;114702;114.56;10;11305027259;B
20241016;114704;114.56;10;11305027510;B
20241016;114708;114.52;180;11305027957;S
20241016;114708;114.5;1820;11305027958;S
20241016;114717;114.56;170;11305028778;B
20241016;114717;114.58;740;11305028779;B
20241016;114717;114.58;2990;11305028780;B
20241016;114723;114.56;1300;11305029288;B
20241016;114726;114.58;10;11305029563;B
20241016;114728;114.58;20;11305029673;B
20241016;114730;114.56;40;11305029897;S
20241016;114730;114.54;150;11305029898;S
20241016;114730;114.52;150;11305029899;S
20241016;114730;114.52;500;11305029900;S
20241016;114730;114.5;1280;11305029901;S
20241016;114730;114.5;1000;11305029902;S
20241016;114730;114.5;200;11305029903;S
20241016;114730;114.5;130;11305029904;S
20241016;114730;114.42;970;11305029905;S
20241016;114730;114.42;1000;11305029906;S
20241016;114730;114.42;240;11305029907;S
20241016;114730;114.4;360;11305029908;S
20241016;114730;114.4;100;11305029909;S
20241016;114730;114.4;80;11305029910;S
20241016;114730;114.4;10;11305029911;S
20241016;114730;114.4;50;11305029912;S
20241016;114730;114.36;10;11305029913;S
20241016;114730;114.36;100;11305029914;S
20241016;114730;114.36;200;11305029915;S
20241016;114730;114.36;10;11305029916;S
20241016;114730;114.36;20;11305029917;S
20241016;114730;114.34;100;11305029918;S
20241016;114730;114.34;50;11305029919;S
20241016;114730;114.34;20;11305029920;S
20241016;114730;114.34;60;11305029921;S
20241016;114730;114.34;10;11305029922;S
20241016;114730;114.34;2000;11305029923;S
20241016;114730;114.32;2090;11305029924;S
20241016;114730;114.32;40;11305029925;S
20241016;114730;114.32;150;11305029926;S
20241016;114730;114.32;1040;11305029927;S
20241016;114730;114.3;200;11305029928;S
20241016;114730;114.3;250;11305029929;S
20241016;114730;114.3;20;11305029930;S
20241016;114730;114.3;500;11305029931;S
20241016;114730;114.3;3360;11305029932;S
20241016;114730;114.28;10;11305029933;S
20241016;114730;114.24;50;11305029934;S
20241016;114730;114.24;10;11305029935;S
20241016;114730;114.24;10;11305029936;S
20241016;114730;114.24;100;11305029937;S
20241016;114730;114.22;20;11305029938;S
20241016;114730;114.22;30;11305029939;S
20241016;114730;114.22;30;11305029940;S
20241016;114730;114.22;880;11305029941;S
20241016;114730;114.2;100;11305029942;S
20241016;114730;114.2;20;11305029943;S
20241016;114730;114.2;1740;11305029944;S
20241016;114730;114.2;10;11305029945;S
20241016;114730;114.2;20;11305029946;S
20241016;114730;114.2;90;11305029947;S
20241016;114730;114.2;10;11305029948;S
20241016;114730;114.2;1500;11305029949;S
20241016;114730;114.2;100;11305029950;S
20241016;114730;114.38;380;11305029951;S
20241016;114730;114.36;160;11305029952;S
20241016;114730;114.34;160;11305029953;S
20241016;114730;114.3;180;11305029954;S
20241016;114730;114.2;570;11305029955;S
20241016;114730;114.2;150;11305029956;S
20241016;114730;114.2;870;11305029965;S
20241016;114730;114.42;20;11305029966;B
20241016;114730;114.2;190;11305029971;S
20241016;114730;114.24;500;11305029972;B
20241016;114730;114.2;130;11305029973;S
20241016;114730;114.2;180;11305029974;S
20241016;114730;114.24;460;11305029988;B
20241016;114730;114.34;10;11305029991;B
20241016;114730;114.22;200;11305030055;S
20241016;114731;114.32;10;11305030120;S
20241016;114731;114.26;200;11305030121;S
20241016;114731;114.26;1790;11305030122;S
20241016;114731;114.26;460;11305030123;S
20241016;114731;114.2;1270;11305030124;S
20241016;114731;114.18;20;11305030125;S
20241016;114731;114.16;10;11305030126;S
20241016;114731;114.16;10;11305030127;S
20241016;114731;114.16;250;11305030128;S
20241016;114731;114.16;130;11305030129;S
20241016;114731;114.14;1000;11305030130;S
20241016;114731;114.14;850;11305030131;S
20241016;114731;114.14;10;11305030132;S
20241016;114743;114.22;300;11305031424;S
20241016;114743;114.22;690;11305031435;S
20241016;114743;114.22;200;11305031436;S
20241016;114743;114.2;10;11305031437;S
20241016;114743;114.18;110;11305031438;S
20241016;114743;114.14;20;11305031439;S
20241016;114743;114.14;10;11305031440;S
20241016;114743;114.14;20;11305031441;S
20241016;114743;114.14;940;11305031442;S
20241016;114749;114.24;20;11305032103;S
20241016;114749;114.24;250;11305032104;S
20241016;114749;114.22;200;11305032105;S
20241016;114749;114.22;100;11305032106;S
20241016;114749;114.22;10;11305032107;S
20241016;114749;114.14;1070;11305032108;S
20241016;114758;114.34;20;11305033171;B
20241016;114758;114.36;30;11305033172;B
20241016;114814;114.3;50;11305035187;S
20241016;114814;114.28;130;11305035188;S
20241016;114814;114.26;200;11305035189;S
20241016;114814;114.2;880;11305035190;S
20241016;114814;114.18;740;11305035191;S
20241016;114834;114.28;300;11305037357;S
20241016;114834;114.26;900;11305037358;S
20241016;114834;114.26;170;11305037359;S
20241016;114834;114.24;170;11305037360;S
20241016;114834;114.22;200;11305037361;S
20241016;114834;114.2;130;11305037362;S
20241016;114834;114.18;130;11305037363;S
20241016;114834;114.24;10;11305037375;S
20241016;114840;114.34;30;11305037868;B
20241016;114840;114.36;70;11305037869;B
20241016;114852;114.22;10;11305039025;S
20241016;114852;114.22;140;11305039026;S
20241016;114852;114.22;880;11305039027;S
20241016;114852;114.2;140;11305039028;S
20241016;114852;114.2;300;11305039029;S
20241016;114852;114.18;530;11305039030;S
20241016;114912;114.24;10;11305041288;S
20241016;114912;114.24;200;11305041289;S
20241016;114912;114.24;120;11305041290;S
20241016;114912;114.22;120;11305041291;S
20241016;114912;114.22;880;11305041292;S
20241016;114912;114.22;130;11305041293;S
20241016;114912;114.2;500;11305041294;S
20241016;114912;114.2;40;11305041295;S
20241016;114916;114.34;10;11305041675;B
20241016;114916;114.34;10;11305041676;B
20241016;114916;114.34;10;11305041677;B
20241016;114916;114.34;10;11305041678;B
20241016;114916;114.34;10;11305041679;B
20241016;114916;114.36;460;11305041680;B
20241016;114916;114.36;510;11305041681;B
20241016;114916;114.36;10;11305041682;B
20241016;114916;114.36;80;11305041683;B
20241016;114916;114.36;130;11305041684;B
20241016;114916;114.38;120;11305041685;B
20241016;114916;114.42;500;11305041686;B
20241016;114916;114.44;2100;11305041687;B
20241016;114916;114.46;30;11305041688;B
20241016;114922;114.34;10;11305042260;S
20241016;114922;114.34;110;11305042261;S
20241016;114922;114.34;200;11305042262;S
20241016;114922;114.32;110;11305042263;S
20241016;114922;114.3;500;11305042264;S
20241016;114922;114.28;10;11305042265;S
20241016;114922;114.28;130;11305042266;S
20241016;114922;114.26;2100;11305042267;S
20241016;114922;114.24;3360;11305042268;S
20241016;114922;114.24;1000;11305042269;S
20241016;114922;114.22;10;11305042270;S
20241016;114922;114.2;880;11305042271;S
20241016;114922;114.2;110;11305042272;S
20241016;114922;114.18;4400;11305042273;S
20241016;114922;114.16;10;11305042274;S
20241016;114922;114.14;2000;11305042275;S
20241016;114922;114.12;1000;11305042276;S
20241016;114922;114.12;1000;11305042277;S
20241016;114922;114.1;100;11305042278;S
20241016;114922;114.1;10;11305042279;S
20241016;114922;114.1;5000;11305042280;S
20241016;114922;114.1;10;11305042281;S
20241016;114922;114.1;10;11305042282;S
20241016;114922;114.1;300;11305042283;S
20241016;114922;114.1;10;11305042284;S
20241016;114922;114.1;20;11305042285;S
20241016;114922;114.1;10;11305042286;S
20241016;114922;114.1;1000;11305042287;S
20241016;114922;114.1;10;11305042288;S
20241016;114922;114.08;10;11305042289;S
20241016;114922;114.08;10;11305042290;S
20241016;114922;114.06;10;11305042291;S
20241016;114922;114.06;250;11305042292;S
20241016;114922;114.06;200;11305042293;S
20241016;114922;114.06;80;11305042294;S
20241016;114922;114.06;2000;11305042295;S
20241016;114922;114.06;10;11305042296;S
20241016;114922;114.04;500;11305042297;S
20241016;114922;114.04;50;11305042298;S
20241016;114922;114.04;10;11305042299;S
20241016;114922;114.04;20;11305042300;S
20241016;114922;114.02;250;11305042301;S
20241016;114922;114.02;10;11305042302;S
20241016;114922;114.02;50;11305042303;S
20241016;114922;114.02;10;11305042304;S
20241016;114922;114.02;1000;11305042305;S
20241016;114922;114.02;10;11305042306;S
20241016;114922;114.02;10;11305042307;S
20241016;114922;114;500;11305042308;S
20241016;114922;114;500;11305042309;S
20241016;114922;114;50;11305042310;S
20241016;114922;114;30;11305042311;S
20241016;114922;114;20;11305042312;S
20241016;114922;114;50;11305042313;S
20241016;114922;114;500;11305042314;S
20241016;114922;114;10;11305042315;S
20241016;114922;114;1000;11305042316;S
20241016;114922;114;200;11305042317;S
20241016;114922;114;20;11305042318;S
20241016;114922;114;20;11305042319;S
20241016;114922;114;50;11305042320;S
20241016;114922;114;100;11305042321;S
20241016;114922;114;100;11305042322;S
20241016;114922;114;100;11305042323;S
20241016;114922;114;50;11305042324;S
20241016;114922;114;580;11305042325;S
20241016;114922;114;20;11305042326;S
20241016;114922;114;20;11305042327;S
20241016;114922;114;10;11305042328;S
20241016;114922;114;30;11305042329;S
20241016;114922;114;4000;11305042330;S
20241016;114922;114;100;11305042331;S
20241016;114922;114;10;11305042332;S
20241016;114922;114;100;11305042333;S
20241016;114922;114;10;11305042334;S
20241016;114922;114;1000;11305042335;S
20241016;114922;114;500;11305042336;S
20241016;114922;114;110;11305042337;S
20241016;114922;114;1000;11305042338;S
20241016;114922;113.98;200;11305042339;S
20241016;114922;113.98;100;11305042340;S
20241016;114922;113.94;60;11305042341;S
20241016;114922;113.94;180;11305042342;S
20241016;114922;113.92;10;11305042343;S
20241016;114922;113.92;10;11305042344;S
20241016;114922;113.9;3930;11305042345;S
20241016;114922;113.9;1210;11305042346;S
20241016;114922;113.9;4500;11305042347;S
20241016;114922;113.9;50;11305042348;S
20241016;114922;113.9;880;11305042349;S
20241016;114922;113.9;1000;11305042350;S
20241016;114922;113.9;1400;11305042351;S
20241016;114922;113.88;120;11305042352;S
20241016;114922;113.86;10;11305042353;S
20241016;114922;113.84;20;11305042354;S
20241016;114922;113.84;10;11305042355;S
20241016;114922;113.84;10;11305042356;S
20241016;114922;113.82;20;11305042357;S
20241016;114922;113.82;900;11305042358;S
20241016;114922;113.82;10;11305042359;S
20241016;114922;113.78;100;11305042360;S
20241016;114922;113.78;10;11305042361;S
20241016;114922;113.72;10;11305042362;S
20241016;114922;113.72;730;11305042363;S
20241016;114922;113.7;50;11305042364;S
20241016;114922;113.7;50;11305042365;S
20241016;114922;113.7;10;11305042366;S
20241016;114922;113.7;1000;11305042367;S
20241016;114922;113.68;20;11305042368;S
20241016;114922;113.66;10;11305042369;S
20241016;114922;113.64;10;11305042370;S
20241016;114922;113.64;20;11305042371;S
20241016;114922;113.64;540;11305042372;S
20241016;114922;113.92;150;11305042373;S
20241016;114922;113.92;100;11305042374;S
20241016;114922;113.92;2090;11305042378;S
20241016;114922;113.84;3360;11305042379;S
20241016;114922;113.74;130;11305042380;S
20241016;114922;113.7;260;11305042381;S
20241016;114922;114.04;10;11305042382;B
20241016;114922;113.94;50;11305042395;S
20241016;114922;113.82;270;11305042419;S
20241016;114922;113.92;100;11305042420;B
20241016;114922;113.94;30;11305042421;S
20241016;114922;113.88;350;11305042422;S
20241016;114922;113.82;620;11305042423;S
20241016;114922;113.82;100;11305042424;S
20241016;114922;113.82;70;11305042425;S
20241016;114922;113.82;180;11305042426;S
20241016;114922;113.82;50;11305042427;S
20241016;114922;113.82;500;11305042428;S
20241016;114922;113.82;10;11305042429;S
20241016;114922;113.82;600;11305042430;S
20241016;114922;113.82;150;11305042431;S
20241016;114922;113.82;10;11305042436;S
20241016;114922;113.84;400;11305042462;S
20241016;114922;113.84;200;11305042463;S
20241016;114922;113.82;1080;11305042464;S
20241016;114922;113.8;210;11305042465;S
20241016;114922;113.64;330;11305042466;S
20241016;114922;113.62;10;11305042467;S
20241016;114922;113.6;10;11305042468;S
20241016;114922;113.6;1320;11305042469;S
20241016;114922;113.58;10;11305042470;S
20241016;114922;113.58;130;11305042471;S
20241016;114922;113.56;100;11305042472;S
20241016;114922;113.56;1000;11305042473;S
20241016;114922;113.54;10;11305042474;S
20241016;114922;113.52;10;11305042475;S
20241016;114922;113.52;900;11305042476;S
20241016;114922;113.52;250;11305042477;S
20241016;114922;113.52;90;11305042478;S
20241016;114922;113.52;40;11305042479;S
20241016;114922;113.5;10;11305042480;S
20241016;114922;113.5;50;11305042481;S
20241016;114922;113.5;280;11305042482;S
20241016;114922;113.9;10;11305042483;B
20241016;114923;113.68;100;11305042500;S
20241016;114923;113.86;10;11305042504;B
20241016;114923;113.82;20;11305042510;S
20241016;114923;113.9;300;11305042515;B
20241016;114923;113.9;50;11305042517;B
20241016;114923;113.92;10;11305042524;B
20241016;114923;113.92;50;11305042525;B
20241016;114923;113.82;70;11305042526;S
20241016;114923;113.82;70;11305042527;S
20241016;114923;113.82;200;11305042528;S
20241016;114923;113.8;30;11305042529;S
20241016;114923;113.76;360;11305042530;S
20241016;114923;113.76;60;11305042531;S
20241016;114923;113.76;50;11305042532;S
20241016;114923;113.76;30;11305042533;S
20241016;114923;113.84;10;11305042537;S
20241016;114923;113.78;1490;11305042538;S
20241016;114923;113.78;400;11305042540;S
20241016;114923;113.9;10;11305042559;B
20241016;114923;113.78;500;11305042560;S
20241016;114923;113.78;990;11305042563;S
20241016;114923;113.76;60;11305042564;S
20241016;114923;113.74;2450;11305042565;S
20241016;114923;113.74;10;11305042566;S
20241016;114923;113.74;50;11305042575;S
20241016;114923;113.74;860;11305042576;S
20241016;114923;113.74;1030;11305042581;S
20241016;114923;113.8;1500;11305042592;S
20241016;114923;113.88;130;11305042652;B
20241016;114923;113.9;370;11305042653;B
20241016;114923;113.8;360;11305042655;S
20241016;114923;113.8;300;11305042657;S
20241016;114923;113.82;250;11305042665;S
20241016;114923;113.82;250;11305042683;S
20241016;114923;113.82;250;11305042686;S
20241016;114923;113.82;200;11305042687;S
20241016;114923;113.8;2680;11305042688;S
20241016;114923;113.76;370;11305042689;S
20241016;114924;113.72;170;11305042690;S
20241016;114924;113.72;10;11305042692;S
20241016;114924;113.72;1000;11305042693;S
20241016;114924;113.86;130;11305042694;B
20241016;114924;113.9;130;11305042695;B
20241016;114924;113.92;40;11305042696;B
20241016;114924;113.88;10;11305042700;B
20241016;114924;113.72;2000;11305042706;S
20241016;114924;113.72;200;11305042710;S
20241016;114924;113.72;200;11305042711;S
20241016;114924;113.88;90;11305042712;B
20241016;114924;113.82;450;11305042727;S
20241016;114924;113.82;200;11305042728;S
20241016;114924;113.8;200;11305042729;S
20241016;114924;113.72;3180;11305042730;S
20241016;114924;113.7;500;11305042731;S
20241016;114924;113.7;500;11305042732;S
20241016;114924;113.62;100;11305042733;S
20241016;114924;113.6;10;11305042734;S
20241016;114924;113.6;60;11305042735;S
20241016;114926;113.92;50;11305042934;B
20241016;114928;113.98;10;11305043169;B
20241016;114928;113.98;40;11305043170;B
20241016;114929;113.98;100;11305043259;B
20241016;114933;113.98;470;11305043694;B
20241016;114933;113.98;10;11305043727;B
20241016;114935;113.94;10;11305043955;S
20241016;114935;113.92;20;11305043956;S
20241016;114935;113.92;200;11305043957;S
20241016;114935;113.9;260;11305043958;S
20241016;114935;113.88;2510;11305043959;S
20241016;114936;113.92;40;11305043981;B
20241016;114936;113.9;20;11305044037;B
20241016;114941;113.84;10;11305044475;S
20241016;114941;113.84;150;11305044476;S
20241016;114941;113.82;130;11305044477;S
20241016;114945;113.94;30;11305044939;B
20241016;114946;113.92;30;11305045046;S
20241016;114946;113.9;10;11305045308;S
20241016;114948;113.88;10;11305045770;B
20241016;114948;113.82;840;11305045834;S
20241016;114949;113.82;1560;11305045963;S
20241016;114949;113.82;490;11305045964;S
20241016;114951;113.78;30;11305046117;S
20241016;114951;113.76;1000;11305046118;S
20241016;114951;113.76;80;11305046119;S
20241016;114951;113.72;200;11305046120;S
20241016;114951;113.64;10;11305046121;S
20241016;114951;113.6;700;11305046122;S
20241016;114951;113.6;1000;11305046123;S
20241016;114951;113.6;1380;11305046124;S
20241016;114952;113.76;10;11305046191;B
20241016;114957;113.62;10;11305047349;S
20241016;114957;113.62;120;11305047350;S
20241016;114957;113.62;500;11305047351;S
20241016;114957;113.6;120;11305047352;S
20241016;114958;113.72;10;11305047394;B
20241016;114958;113.62;50;11305047422;S
20241016;114958;113.6;2800;11305047423;S
20241016;114958;113.6;60;11305047424;S
20241016;114958;113.58;130;11305047425;S
20241016;114958;113.56;300;11305047426;S
20241016;114958;113.56;130;11305047427;S
20241016;114958;113.54;200;11305047428;S
20241016;114958;113.54;1000;11305047429;S
20241016;114958;113.5;220;11305047430;S
20241016;114958;113.5;10;11305047431;S
20241016;114958;113.5;50;11305047432;S
20241016;114958;113.5;500;11305047433;S
20241016;114958;113.5;500;11305047434;S
20241016;114958;113.5;10;11305047435;S
20241016;114958;113.5;200;11305047436;S
20241016;114958;113.5;50;11305047437;S
20241016;114958;113.44;10;11305047438;S
20241016;114958;113.44;150;11305047439;S
20241016;114958;113.42;20;11305047440;S
20241016;114958;113.42;60;11305047441;S
20241016;114958;113.42;520;11305047442;S
20241016;114958;113.42;100;11305047443;S
20241016;114958;113.42;1000;11305047444;S
20241016;114958;113.42;130;11305047445;S
20241016;114958;113.4;1510;11305047446;S
20241016;114958;113.4;10;11305047447;S
20241016;114958;113.4;600;11305047448;S
20241016;114958;113.4;50;11305047449;S
20241016;114958;113.4;70;11305047450;S
20241016;114959;113.62;20;11305047469;B
20241016;114959;113.62;10;11305047475;B
20241016;115001;113.64;40;11305047741;B
20241016;115001;113.64;30;11305047783;B
20241016;115002;113.64;30;11305047837;B
20241016;115002;113.64;30;11305047853;B
20241016;115002;113.64;30;11305047902;B
20241016;115003;113.64;30;11305047930;B
20241016;115003;113.52;60;11305047944;S
20241016;115003;113.5;150;11305047945;S
20241016;115003;113.42;40;11305047946;S
20241016;115003;113.4;930;11305047947;S
20241016;115003;113.4;600;11305047948;S
20241016;115003;113.38;1000;11305047949;S
20241016;115003;113.36;220;11305047950;S
20241016;115003;113.42;150;11305047967;S
20241016;115003;113.36;900;11305047968;S
20241016;115003;113.62;30;11305047975;B
20241016;115003;113.58;30;11305047993;B
20241016;115004;113.38;10;11305048006;S
20241016;115004;113.36;140;11305048007;S
20241016;115004;113.58;30;11305048045;B
20241016;115004;113.58;880;11305048059;B
20241016;115004;113.6;2000;11305048060;B
20241016;115004;113.62;500;11305048061;B
20241016;115004;113.64;100;11305048062;B
20241016;115004;113.7;1000;11305048063;B
20241016;115004;113.7;130;11305048064;B
20241016;115004;113.72;460;11305048065;B
20241016;115004;113.84;60;11305048066;B
20241016;115004;113.88;2070;11305048067;B
20241016;115004;113.9;2000;11305048068;B
20241016;115004;113.9;50;11305048069;B
20241016;115004;113.92;100;11305048070;B
20241016;115004;114;650;11305048071;B
20241016;115004;113.82;30;11305048120;S
20241016;115008;113.72;10;11305048571;B
20241016;115009;113.72;590;11305048607;B
20241016;115011;113.82;50;11305048795;B
20241016;115016;113.92;10;11305049208;S
20241016;115016;113.9;10;11305049209;S
20241016;115019;113.84;10;11305049470;B
20241016;115019;113.84;10;11305049489;B
20241016;115019;113.84;30;11305049491;B
20241016;115019;113.84;10;11305049509;B
20241016;115020;113.84;10;11305049518;B
20241016;115020;113.84;10;11305049526;B
20241016;115020;113.84;10;11305049538;B
20241016;115020;113.84;10;11305049551;B
20241016;115020;113.84;10;11305049567;B
20241016;115020;113.84;10;11305049573;B
20241016;115021;113.84;10;11305049584;B
20241016;115021;113.84;50;11305049589;B
20241016;115023;113.92;10;11305049808;S
20241016;115024;113.92;10;11305049892;S
20241016;115024;113.9;10;11305049893;S
20241016;115024;113.9;10;11305049894;S
20241016;115024;113.9;10;11305049895;S
20241016;115024;113.9;60;11305049896;S
20241016;115024;113.84;120;11305049897;S
20241016;115024;113.82;880;11305049898;S
20241016;115024;113.82;120;11305049899;S
20241016;115024;113.8;10;11305049900;S
20241016;115024;113.8;500;11305049901;S
20241016;115024;113.78;20;11305049902;S
20241016;115024;113.78;1250;11305049903;S
20241016;115024;113.92;100;11305049923;B
20241016;115025;113.88;10;11305050008;S
20241016;115025;113.78;850;11305050009;S
20241016;115025;113.78;40;11305050010;S
20241016;115025;113.92;10;11305050020;B
20241016;115026;113.88;10;11305050054;S
20241016;115026;113.9;10;11305050083;S
20241016;115026;113.8;10;11305050140;B
20241016;115028;113.8;320;11305050255;B
20241016;115029;113.9;10;11305050395;B
20241016;115029;113.9;10;11305050410;B
20241016;115029;113.92;10;11305050453;S
20241016;115030;113.94;10;11305050466;B
20241016;115032;113.94;100;11305050723;B
20241016;115035;113.88;10;11305051067;S
20241016;115037;113.9;10;11305051273;B
20241016;115043;113.9;50;11305051833;B
20241016;115044;113.84;10;11305051917;S
20241016;115044;113.82;90;11305051918;S
20241016;115044;113.8;1000;11305051919;S
20241016;115044;113.8;90;11305051920;S
20241016;115044;113.78;10;11305051921;S
20241016;115044;113.76;230;11305051922;S
20241016;115044;113.72;570;11305051923;S
20241016;115047;113.9;100;11305052244;B
20241016;115055;113.9;760;11305053020;B
20241016;115055;113.9;1000;11305053021;B
20241016;115055;113.92;20;11305053022;B
20241016;115055;113.94;890;11305053023;B
20241016;115055;113.96;500;11305053024;B
20241016;115055;113.96;130;11305053025;B
20241016;115055;113.98;2000;11305053026;B
20241016;115055;114;1590;11305053027;B
20241016;115055;114;2010;11305053028;B
20241016;115055;114;1000;11305053029;B
20241016;115055;114;100;11305053030;B
20241016;115056;114.02;80;11305053085;B
20241016;115057;113.98;270;11305053166;B
20241016;115057;114.02;100;11305053167;B
20241016;115057;114.02;10;11305053168;B
20241016;115057;114.02;190;11305053174;B
20241016;115057;114.04;50;11305053175;B
20241016;115104;114.06;10;11305053874;S
20241016;115104;113.96;880;11305053875;S
20241016;115104;113.94;500;11305053876;S
20241016;115104;113.92;10;11305053877;S
20241016;115104;113.9;600;11305053878;S
20241016;115105;114.06;10;11305053939;B
20241016;115106;114.04;500;11305054068;B
20241016;115106;114.06;130;11305054069;B
20241016;115116;114.06;240;11305055102;S
20241016;115116;114.06;130;11305055116;S
20241016;115123;114.1;30;11305055934;B
20241016;115123;114.12;170;11305055935;B
20241016;115123;114.12;200;11305055936;B
20241016;115123;114.12;30;11305055937;B
20241016;115123;114.16;10;11305055938;B
20241016;115123;114.16;130;11305055939;B
20241016;115123;114.18;430;11305055940;B
20241016;115138;114.02;20;11305057711;S
20241016;115138;114;10;11305057712;S
20241016;115138;114;10;11305057713;S
20241016;115138;114;20;11305057714;S
20241016;115138;114;200;11305057715;S
20241016;115139;113.92;880;11305057828;S
20241016;115139;113.9;1400;11305057829;S
20241016;115139;113.9;100;11305057830;S
20241016;115139;113.9;80;11305057831;S
20241016;115139;113.88;80;11305057832;S
20241016;115139;113.88;500;11305057833;S
20241016;115139;113.86;920;11305057834;S
20241016;115139;113.84;100;11305057835;S
20241016;115139;113.76;240;11305057836;S
20241016;115147;113.78;80;11305058953;S
20241016;115147;113.76;430;11305058954;S
20241016;115147;113.76;80;11305058955;S
20241016;115147;113.74;1000;11305058956;S
20241016;115147;113.72;1840;11305058957;S
20241016;115147;113.72;20;11305058958;S
20241016;115147;113.72;1550;11305058959;S
20241016;115149;113.92;10;11305059215;B
20241016;115155;113.88;240;11305059809;B
20241016;115155;113.88;490;11305059810;B
20241016;115155;113.9;100;11305059811;B
20241016;115155;113.92;100;11305059812;B
20241016;115155;113.94;820;11305059813;B
20241016;115205;113.92;10;11305060839;S
20241016;115205;113.82;70;11305060840;S
20241016;115205;113.8;500;11305060841;S
20241016;115205;113.78;170;11305060842;S
20241016;115205;113.76;20;11305060843;S
20241016;115205;113.76;50;11305060844;S
20241016;115205;113.74;880;11305060845;S
20241016;115205;113.72;300;11305060846;S
20241016;115205;113.94;20;11305060859;B
20241016;115207;113.9;10;11305061150;B
20241016;115211;113.9;160;11305061517;B
20241016;115211;113.94;160;11305061518;B
20241016;115219;113.94;50;11305062646;S
20241016;115225;114;900;11305063391;B
20241016;115243;114;100;11305065435;S
20241016;115243;114;30;11305065436;S
20241016;115243;113.98;30;11305065437;S
20241016;115243;113.94;140;11305065438;S
20241016;115247;114.08;50;11305065934;B
20241016;115247;114.08;500;11305065935;B
20241016;115247;114.08;130;11305065936;B
20241016;115247;114.1;200;11305065937;B
20241016;115247;114.1;60;11305065938;B
20241016;115247;114.12;10;11305065939;B
20241016;115247;114.16;50;11305065940;B
20241016;115247;114.16;400;11305065941;B
20241016;115247;114.16;100;11305065942;B
20241016;115247;114.18;2100;11305065943;B
20241016;115247;114.2;10;11305065944;B
20241016;115247;114.2;1390;11305065945;B
20241016;115247;114.02;60;11305066042;S
20241016;115247;114.02;200;11305066043;S
20241016;115247;114;60;11305066044;S
20241016;115247;114;680;11305066045;B
20241016;115251;114.14;500;11305066357;B
20241016;115251;114.16;150;11305066358;B
20241016;115251;114.22;1350;11305066359;B
20241016;115254;114.2;50;11305066720;B
20241016;115323;114.2;50;11305070085;B
20241016;115341;114.2;700;11305072128;B
20241016;115357;114.2;20;11305073742;B
20241016;115410;114.12;150;11305075573;S
20241016;115410;114.12;50;11305075574;S
