<DATE>;<TIME>;<LAST>;<VOL>;<ID>;<OPER>
20241022;095931;112;10;11323551013;S
20241022;095931;112;70;11323551014;B
20241022;095931;112;10;11323551015;B
20241022;095931;112;130;11323551016;B
20241022;095931;112;60;11323551017;B
20241022;095931;112;70;11323551018;B
20241022;095931;112;20;11323551019;S
20241022;100003;112.02;10;11323562277;S
20241022;100004;112.2;10;11323562895;B
20241022;100004;112.2;10;11323563598;B
20241022;100004;112.24;10;11323563706;B
20241022;100004;112.26;10;11323564383;B
20241022;100005;112.22;10;11323565192;B
20241022;100005;112.08;10;11323565229;S
20241022;100005;112.22;190;11323565754;B
20241022;100005;112.24;210;11323565755;B
20241022;100005;112.24;20;11323565890;B
20241022;100006;112.22;10;11323566388;B
20241022;100010;112.18;20;11323568108;S
20241022;100010;112.22;20;11323568220;B
20241022;100010;112.22;10;11323568221;B
20241022;100021;112.18;10;11323571371;B
20241022;100027;112.1;4410;11323572730;S
20241022;100027;112.08;10;11323572731;S
20241022;100027;112.08;10;11323572732;S
20241022;100027;112.04;10;11323572733;S
20241022;100027;112.02;490;11323572734;S
20241022;100027;112;7070;11323572735;S
20241022;100030;112;890;11323573400;S
20241022;100030;112.04;150;11323573423;B
20241022;100031;112;130;11323573516;S
20241022;100031;112.04;4410;11323573523;S
20241022;100031;112.04;1020;11323573527;S
20241022;100031;112;1990;11323574243;S
20241022;100031;112;1290;11323574244;S
20241022;100032;111.9;10;11323574344;S
20241022;100032;111.94;20;11323574374;B
20241022;100032;111.9;20;11323574379;S
20241022;100033;111.84;150;11323574585;S
20241022;100033;111.84;10;11323574586;S
20241022;100034;111.82;1040;11323574693;S
20241022;100034;111.82;1420;11323574796;S
20241022;100034;111.82;1960;11323574797;S
20241022;100034;111.82;3390;11323574799;S
20241022;100035;111.8;10;11323574979;S
20241022;100035;111.8;50;11323574980;S
20241022;100035;111.8;120;11323574981;S
20241022;100038;111.72;20;11323575896;S
20241022;100038;111.72;10;11323575906;S
20241022;100038;111.7;70;11323575907;S
20241022;100038;111.7;30;11323575923;S
20241022;100038;111.7;200;11323575949;S
20241022;100039;111.68;10;11323576292;S
20241022;100040;111.66;10;11323576425;S
20241022;100040;111.66;200;11323576426;S
20241022;100040;111.62;10;11323576427;S
20241022;100040;111.6;180;11323576428;S
20241022;100041;111.62;10;11323576711;S
20241022;100041;111.6;40;11323576712;S
20241022;100041;111.66;150;11323576751;B
20241022;100043;111.6;320;11323577133;S
20241022;100049;111.64;10;11323578307;B
20241022;100049;111.64;30;11323578308;B
20241022;100049;111.64;220;11323578310;B
20241022;100053;111.76;200;11323579063;S
20241022;100053;111.68;10;11323579064;S
20241022;100053;111.66;370;11323579065;S
20241022;100053;111.64;180;11323579066;S
20241022;100053;111.62;200;11323579067;S
20241022;100053;111.62;150;11323579068;S
20241022;100053;111.62;940;11323579069;B
20241022;100055;111.8;10;11323579427;B
20241022;100055;111.82;390;11323579428;B
20241022;100135;111.82;10;11323587762;B
20241022;100139;111.82;10;11323588656;B
20241022;100140;111.82;40;11323588689;B
20241022;100140;111.82;10;11323588690;B
20241022;100140;111.86;150;11323588691;B
20241022;100149;111.86;10;11323590593;B
20241022;100154;111.86;150;11323591696;B
20241022;100201;111.86;10;11323593099;B
20241022;100202;111.86;50;11323593306;B
20241022;100223;111.84;10;11323599387;B
20241022;100226;111.78;30;11323599951;S
20241022;100226;111.78;70;11323599952;S
20241022;100247;111.7;10;11323604310;S
20241022;100247;111.68;100;11323604311;S
20241022;100247;111.68;10;11323604312;S
20241022;100250;111.7;90;11323604733;S
20241022;100250;111.68;250;11323604734;S
20241022;100253;111.78;10;11323605782;B
20241022;100253;111.8;4320;11323605783;B
20241022;100253;111.82;130;11323605784;B
20241022;100253;111.84;220;11323605785;B
20241022;100253;111.88;320;11323605786;B
20241022;100258;111.72;10;11323606466;S
20241022;100258;111.7;1080;11323606467;S
20241022;100258;111.68;740;11323606468;S
20241022;100258;111.68;570;11323606469;S
20241022;100258;111.68;210;11323606470;S
20241022;100258;111.64;200;11323606471;S
20241022;100258;111.64;100;11323606472;S
20241022;100258;111.62;130;11323606473;S
20241022;100258;111.6;710;11323606474;S
20241022;100258;111.6;20;11323606475;S
20241022;100258;111.6;400;11323606476;S
20241022;100258;111.58;20;11323606477;S
20241022;100258;111.56;400;11323606478;S
20241022;100258;111.54;50;11323606479;S
20241022;100258;111.54;20;11323606480;S
20241022;100258;111.54;150;11323606481;S
20241022;100258;111.54;200;11323606482;S
20241022;100258;111.52;300;11323606483;S
20241022;100258;111.52;100;11323606484;S
20241022;100258;111.52;770;11323606485;S
20241022;100259;111.56;200;11323606685;S
20241022;100259;111.5;10;11323606686;S
20241022;100259;111.48;10;11323606687;S
20241022;100259;111.48;250;11323606688;S
20241022;100259;111.46;40;11323606689;S
20241022;100259;111.44;630;11323606690;S
20241022;100259;111.44;20;11323606691;S
20241022;100259;111.44;730;11323606692;B
20241022;100259;111.44;980;11323606693;B
20241022;100259;111.44;820;11323606694;B
20241022;100259;111.44;150;11323606695;B
20241022;100259;111.44;1200;11323606697;B
20241022;100259;111.44;950;11323606698;B
20241022;100259;111.42;20;11323606702;S
20241022;100259;111.42;40;11323606703;S
20241022;100300;111.54;120;11323606835;S
20241022;100300;111.52;10;11323606968;S
20241022;100315;111.54;170;11323609080;B
20241022;100319;111.56;10;11323610019;S
20241022;100320;111.52;30;11323610374;S
20241022;100325;111.54;310;11323611679;S
20241022;100325;111.54;120;11323611680;S
20241022;100336;111.6;10;11323613762;S
20241022;100342;111.6;10;11323614749;S
20241022;100343;111.6;30;11323614917;S
20241022;100343;111.6;30;11323614918;S
20241022;100343;111.58;70;11323614919;S
20241022;100343;111.66;10;11323614939;B
20241022;100353;111.8;30;11323616239;B
20241022;100417;111.84;470;11323620114;B
20241022;100417;111.84;50;11323620115;B
20241022;100417;111.86;1700;11323620116;B
20241022;100417;111.86;50;11323620117;B
20241022;100417;111.88;90;11323620118;B
20241022;100417;111.88;300;11323620119;B
20241022;100417;111.88;130;11323620120;B
20241022;100417;111.98;540;11323620121;B
20241022;100423;111.9;40;11323621058;B
20241022;100429;111.94;100;11323622039;B
20241022;100432;111.9;50;11323622596;B
20241022;100435;111.76;10;11323622980;S
20241022;100445;111.9;10;11323624776;B
20241022;100506;111.94;40;11323628360;B
20241022;100512;111.92;200;11323629458;S
20241022;100526;111.94;10;11323631961;B
20241022;100558;111.94;10;11323637278;B
20241022;100600;111.92;40;11323637526;S
20241022;100621;111.84;10;11323641056;B
20241022;100621;111.86;10;11323641057;B
20241022;100621;111.86;400;11323641058;B
20241022;100621;111.88;2080;11323641059;B
20241022;100621;111.88;150;11323641060;B
20241022;100621;111.9;2350;11323641061;B
20241022;100631;111.9;160;11323642796;B
20241022;100636;111.9;10;11323643352;B
20241022;100646;111.84;20;11323645381;S
20241022;100700;111.88;400;11323647296;B
20241022;100700;111.9;20;11323647297;B
20241022;100702;111.9;10;11323647810;B
20241022;100704;111.9;40;11323648235;B
20241022;100704;111.9;10;11323648310;B
20241022;100705;111.9;5000;11323648338;B
20241022;100708;111.9;140;11323648925;B
20241022;100709;111.9;30;11323649039;B
20241022;100725;111.9;10;11323652343;B
20241022;100725;111.88;500;11323652344;S
20241022;100726;111.84;150;11323652619;S
20241022;100726;111.82;50;11323652620;S
20241022;100745;111.8;10;11323655653;S
20241022;100745;111.8;870;11323655654;S
20241022;100753;111.8;130;11323657292;S
20241022;100753;111.8;20;11323657293;S
20241022;100753;111.8;30;11323657294;S
20241022;100753;111.8;430;11323657295;S
20241022;100753;111.8;70;11323657296;S
20241022;100756;111.78;20;11323658028;S
20241022;100756;111.78;80;11323658029;S
20241022;100805;111.74;30;11323659501;S
20241022;100805;111.72;100;11323659502;S
20241022;100808;111.6;100;11323660437;S
20241022;100814;111.6;180;11323661485;S
20241022;100815;111.76;10;11323661797;B
20241022;100815;111.76;20;11323661798;B
20241022;100831;111.7;10;11323663900;B
20241022;100833;111.6;10;11323664134;S
20241022;100833;111.7;190;11323664137;B
20241022;100833;111.7;60;11323664138;B
20241022;100834;111.58;40;11323664317;S
20241022;100834;111.58;10;11323664318;S
20241022;100855;111.58;20;11323667443;B
20241022;100901;111.58;60;11323668463;S
20241022;100901;111.56;940;11323668464;S
20241022;100908;111.56;10;11323669922;S
20241022;100908;111.54;40;11323669923;S
20241022;100910;111.54;60;11323670381;S
20241022;100910;111.54;500;11323670382;S
20241022;100910;111.54;10;11323670383;S
20241022;100910;111.54;30;11323670384;S
20241022;100910;111.54;50;11323670385;S
20241022;100917;111.54;10;11323671613;S
20241022;100917;111.54;160;11323671614;S
20241022;100917;111.54;280;11323671726;S
20241022;100917;111.52;460;11323671727;S
20241022;100917;111.52;30;11323671728;S
20241022;100917;111.5;10;11323671729;S
20241022;100917;111.5;10;11323671730;S
20241022;100917;111.5;10;11323671731;S
20241022;100917;111.5;200;11323671732;S
20241022;100917;111.5;500;11323671733;S
20241022;100917;111.5;10;11323671734;S
20241022;100917;111.5;500;11323671735;S
20241022;100917;111.48;300;11323671736;S
20241022;100917;111.48;500;11323671737;S
20241022;100917;111.46;300;11323671738;S
20241022;100917;111.46;1000;11323671739;S
20241022;100917;111.46;1000;11323671740;S
20241022;100917;111.44;150;11323671741;S
20241022;100917;111.44;50;11323671742;S
20241022;100917;111.44;300;11323671743;S
20241022;100917;111.44;130;11323671744;S
20241022;100917;111.4;20;11323671745;S
20241022;100917;111.4;10;11323671746;S
20241022;100917;111.4;10;11323671747;S
20241022;100917;111.4;10;11323671748;S
20241022;100917;111.4;2000;11323671749;S
20241022;100917;111.38;20;11323671750;S
20241022;100917;111.38;50;11323671751;S
20241022;100917;111.38;50;11323671752;S
20241022;100917;111.36;30;11323671753;S
20241022;100917;111.36;20;11323671754;S
20241022;100917;111.36;540;11323671755;S
20241022;100917;111.34;100;11323671756;S
20241022;100917;111.34;300;11323671757;S
20241022;100917;111.32;60;11323671758;S
20241022;100918;111.36;20;11323671778;S
20241022;100918;111.34;40;11323671779;S
20241022;100918;111.34;80;11323671780;S
20241022;100918;111.4;190;11323671910;S
20241022;100918;111.38;40;11323671911;S
20241022;100918;111.4;100;11323671943;S
20241022;100918;111.38;180;11323671944;S
20241022;100918;111.32;440;11323671945;S
20241022;100918;111.32;10;11323671946;S
20241022;100918;111.32;20;11323671947;S
20241022;100918;111.32;50;11323671948;S
20241022;100918;111.32;150;11323671949;S
20241022;100918;111.32;40;11323671950;S
20241022;100918;111.32;7890;11323671951;S
20241022;100919;111.42;140;11323672031;S
20241022;100919;111.42;350;11323672036;S
20241022;100919;111.52;390;11323672191;S
20241022;100923;111.52;310;11323672598;S
20241022;100924;111.5;200;11323672885;S
20241022;100930;111.52;170;11323673635;B
20241022;100930;111.54;520;11323673636;B
20241022;100930;111.54;170;11323673637;B
20241022;100932;111.54;10;11323674074;S
20241022;100942;111.64;10;11323675495;B
20241022;100943;111.64;50;11323675665;B
20241022;100945;111.54;150;11323675921;S
20241022;100950;111.54;1330;11323676542;S
20241022;100950;111.54;10;11323676543;S
20241022;101003;111.5;800;11323678671;S
20241022;101013;111.46;10;11323680496;S
20241022;101013;111.54;1990;11323680523;B
20241022;101013;111.54;480;11323680524;B
20241022;101013;111.58;30;11323680525;B
20241022;101023;111.5;220;11323682112;B
20241022;101102;111.48;10;11323687800;S
20241022;101110;111.48;30;11323689345;S
20241022;101112;111.48;10;11323689516;S
20241022;101112;111.48;50;11323689517;S
20241022;101146;111.5;50;11323693954;S
20241022;101146;111.5;890;11323693955;S
20241022;101146;111.5;70;11323693956;S
20241022;101146;111.48;1650;11323693957;S
20241022;101146;111.48;90;11323693958;S
20241022;101146;111.46;30;11323693959;S
20241022;101146;111.44;200;11323693960;S
20241022;101147;111.44;50;11323694049;S
20241022;101147;111.42;3630;11323694050;S
20241022;101147;111.4;110;11323694051;S
20241022;101147;111.4;200;11323694052;S
20241022;101147;111.38;10;11323694053;S
20241022;101147;111.38;1000;11323694054;S
20241022;101151;111.4;20;11323694475;S
20241022;101151;111.38;2200;11323694476;S
20241022;101151;111.38;200;11323694477;S
20241022;101151;111.36;80;11323694478;S
20241022;101151;111.54;100;11323694558;B
20241022;101152;111.4;10;11323694871;S
20241022;101216;111.52;10;11323698293;B
20241022;101218;111.52;10;11323698590;B
20241022;101218;111.52;10;11323698621;B
20241022;101220;111.52;10;11323698759;B
20241022;101222;111.52;10;11323699216;B
20241022;101223;111.52;10;11323699541;B
20241022;101225;111.52;10;11323699725;B
20241022;101227;111.52;10;11323700024;B
20241022;101229;111.52;10;11323700363;B
20241022;101234;111.52;10;11323700991;B
20241022;101238;111.54;60;11323701596;B
20241022;101309;111.54;10;11323705138;B
20241022;101313;111.52;30;11323705879;S
20241022;101327;111.52;10;11323707781;S
20241022;101347;111.52;10;11323710492;S
20241022;101355;111.54;30;11323711503;B
20241022;101359;111.54;10;11323711978;B
20241022;101405;111.54;30;11323712654;B
20241022;101412;111.54;10;11323713766;B
20241022;101426;111.54;10;11323715597;B
20241022;101441;111.52;30;11323717838;S
20241022;101441;111.52;200;11323717839;S
20241022;101441;111.52;60;11323717840;S
20241022;101441;111.52;60;11323717841;S
20241022;101441;111.5;60;11323717842;S
20241022;101441;111.48;10;11323717843;S
20241022;101441;111.48;10;11323717844;S
20241022;101441;111.46;20;11323717845;S
20241022;101441;111.46;150;11323717846;S
20241022;101448;111.46;10;11323719186;S
20241022;101448;111.46;60;11323719187;B
20241022;101450;111.46;90;11323719420;B
20241022;101450;111.5;50;11323719421;B
20241022;101457;111.54;100;11323720659;B
20241022;101534;111.5;10;11323730543;S
20241022;101544;111.44;10;11323732471;S
20241022;101609;111.44;20;11323739528;B
20241022;101610;111.44;20;11323739890;B
20241022;101614;111.44;960;11323741568;B
20241022;101614;111.44;40;11323741569;B
20241022;101626;111.42;10;11323745201;S
20241022;101626;111.42;50;11323745202;S
20241022;101626;111.4;10;11323745203;S
20241022;101626;111.4;340;11323745204;S
20241022;101640;111.42;10;11323748044;S
20241022;101643;111.42;10;11323748497;B
20241022;101643;111.4;240;11323748521;S
20241022;101644;111.4;420;11323748610;S
20241022;101644;111.4;30;11323748611;S
20241022;101644;111.4;10;11323748612;S
20241022;101644;111.38;10;11323748613;S
20241022;101644;111.38;30;11323748614;S
20241022;101647;111.38;500;11323749083;S
20241022;101648;111.38;470;11323749702;S
20241022;101648;111.38;10;11323749703;S
20241022;101648;111.36;20;11323749704;S
20241022;101648;111.4;10;11323749755;B
20241022;101650;111.36;180;11323749964;S
20241022;101650;111.36;320;11323749965;S
20241022;101654;111.36;500;11323750601;S
20241022;101656;111.38;10;11323750945;B
20241022;101657;111.38;10;11323751260;B
20241022;101657;111.36;180;11323751333;S
20241022;101657;111.36;300;11323751334;S
20241022;101657;111.36;20;11323751335;S
20241022;101658;111.38;10;11323751461;B
20241022;101701;111.36;130;11323752075;S
20241022;101701;111.36;1000;11323752076;S
20241022;101705;111.36;300;11323752733;B
20241022;101716;111.36;790;11323753963;B
20241022;101716;111.36;170;11323753964;B
20241022;101716;111.36;40;11323753965;B
20241022;101717;111.36;50;11323754119;B
20241022;101717;111.36;10;11323754120;B
20241022;101717;111.36;10;11323754121;B
20241022;101717;111.36;20;11323754122;B
20241022;101717;111.38;800;11323754123;B
20241022;101717;111.38;110;11323754124;B
20241022;101718;111.42;50;11323754238;B
20241022;101724;111.42;10;11323755166;B
20241022;101730;111.42;100;11323755976;B
20241022;101737;111.4;10;11323757185;S
20241022;101738;111.42;50;11323757345;B
20241022;101738;111.46;10;11323757346;B
20241022;101738;111.48;40;11323757347;B
20241022;101751;111.5;10;11323761899;B
20241022;101806;111.5;10;11323767525;B
20241022;101806;111.5;190;11323767554;B
20241022;101806;111.5;70;11323767555;B
20241022;101806;111.5;10;11323767556;B
20241022;101806;111.52;10;11323767557;B
20241022;101806;111.52;70;11323767558;B
20241022;101806;111.54;90;11323767559;B
20241022;101806;111.54;50;11323767603;B
20241022;101817;111.54;20;11323770977;B
20241022;101817;111.54;70;11323770978;B
20241022;101817;111.56;70;11323770979;B
20241022;101817;111.56;90;11323770980;B
20241022;101820;111.5;20;11323771874;B
20241022;101823;111.48;20;11323772537;B
20241022;101835;111.48;50;11323774377;B
20241022;101843;111.48;50;11323775304;B
20241022;101846;111.48;30;11323775647;B
20241022;101846;111.48;70;11323775648;B
20241022;101908;111.48;100;11323778491;B
20241022;101912;111.48;30;11323778861;B
20241022;101943;111.56;10;11323783058;S
20241022;101943;111.56;10;11323783059;S
20241022;101946;111.56;20;11323783419;B
20241022;101947;111.54;10;11323783486;S
20241022;101952;111.56;10;11323783858;B
20241022;101953;111.56;10;11323783919;B
20241022;101953;111.56;10;11323783976;B
20241022;101954;111.56;10;11323783999;B
20241022;101954;111.56;20;11323784073;B
20241022;101955;111.56;10;11323784077;B
20241022;101957;111.54;40;11323784346;S
20241022;102006;111.52;200;11323785344;S
20241022;102006;111.5;120;11323785345;S
20241022;102006;111.48;720;11323785346;S
20241022;102006;111.48;120;11323785347;S
20241022;102006;111.46;290;11323785348;S
20241022;102006;111.44;3000;11323785349;S
20241022;102006;111.42;200;11323785350;S
20241022;102006;111.4;1000;11323785351;S
20241022;102006;111.38;130;11323785352;S
20241022;102006;111.36;20;11323785353;S
20241022;102006;111.36;200;11323785354;S
20241022;102007;111.38;10;11323785363;S
20241022;102016;111.42;1380;11323786690;S
20241022;102016;111.42;320;11323786691;S
20241022;102016;111.4;320;11323786692;S
20241022;102016;111.38;10;11323786693;S
20241022;102016;111.38;200;11323786694;S
20241022;102016;111.36;800;11323786695;S
20241022;102016;111.36;200;11323786696;S
20241022;102016;111.36;100;11323786697;S
20241022;102017;111.52;100;11323786889;B
20241022;102018;111.52;10;11323787309;B
20241022;102026;111.52;200;11323791745;B
20241022;102027;111.5;10;11323792564;S
20241022;102027;111.46;230;11323792565;S
20241022;102027;111.44;690;11323792566;S
20241022;102027;111.44;230;11323792567;S
20241022;102027;111.42;200;11323792568;S
20241022;102027;111.4;50;11323792569;S
20241022;102027;111.38;100;11323792570;S
20241022;102027;111.36;490;11323792571;S
20241022;102034;111.42;180;11323797134;S
20241022;102034;111.4;300;11323797135;S
20241022;102034;111.4;180;11323797136;S
20241022;102034;111.38;510;11323797137;S
20241022;102034;111.38;90;11323797139;B
20241022;102041;111.36;510;11323801659;S
20241022;102041;111.36;40;11323801660;S
20241022;102043;111.38;10;11323802482;B
20241022;102044;111.38;200;11323803154;B
20241022;102055;111.38;70;11323810705;B
20241022;102106;111.36;20;11323817924;S
20241022;102107;111.36;20;11323818999;S
20241022;102131;111.36;160;11323832922;S
20241022;102131;111.36;30;11323832923;S
20241022;102131;111.36;110;11323832924;S
20241022;102141;111.38;1740;11323834162;B
20241022;102141;111.38;50;11323834163;B
20241022;102142;111.4;10;11323834352;B
20241022;102142;111.4;10;11323834353;S
20241022;102145;111.4;50;11323834974;S
20241022;102145;111.4;120;11323834975;S
20241022;102145;111.38;200;11323834976;S
20241022;102145;111.38;120;11323834977;S
20241022;102145;111.36;10;11323834978;S
20241022;102145;111.36;490;11323834979;S
20241022;102150;111.4;10;11323835823;S
20241022;102150;111.4;40;11323835824;S
20241022;102154;111.4;80;11323836544;S
20241022;102154;111.4;910;11323836545;S
20241022;102203;111.42;70;11323838482;S
20241022;102203;111.42;920;11323838483;S
20241022;102212;111.46;10;11323840470;S
20241022;102212;111.42;40;11323840471;S
20241022;102245;111.48;10;11323846703;B
20241022;102347;111.48;20;11323857082;B
20241022;102350;111.48;10;11323857963;B
20241022;102350;111.48;10;11323858090;B
20241022;102351;111.48;60;11323858188;B
20241022;102351;111.5;10;11323858189;B
20241022;102355;111.54;10;11323858604;B
20241022;102400;111.54;30;11323859274;B
20241022;102404;111.54;10;11323859824;B
20241022;102405;111.52;30;11323859872;S
20241022;102405;111.5;70;11323859873;S
20241022;102414;111.56;20;11323860836;B
20241022;102418;111.52;30;11323861257;S
20241022;102429;111.56;80;11323862524;B
20241022;102429;111.56;100;11323862525;B
20241022;102429;111.58;170;11323862526;B
20241022;102442;111.56;100;11323864017;B
20241022;102442;111.58;30;11323864018;B
20241022;102442;111.6;10;11323864019;B
20241022;102442;111.6;100;11323864020;B
20241022;102442;111.6;20;11323864021;B
20241022;102500;111.6;100;11323866025;B
20241022;102506;111.52;10;11323866785;S
20241022;102506;111.5;90;11323866786;S
20241022;102514;111.5;270;11323867741;S
20241022;102514;111.5;20;11323867742;S
20241022;102514;111.48;100;11323867743;S
20241022;102539;111.46;10;11323869725;B
20241022;102614;111.42;10;11323873827;S
20241022;102614;111.46;10;11323873835;B
20241022;102634;111.42;50;11323876226;S
20241022;102636;111.4;10;11323876607;S
20241022;102648;111.4;80;11323878059;S
20241022;102648;111.4;10;11323878060;S
20241022;102648;111.4;210;11323878061;S
20241022;102648;111.4;1000;11323878062;S
20241022;102653;111.38;880;11323878627;S
20241022;102653;111.38;120;11323878628;S
20241022;102653;111.38;970;11323878629;S
20241022;102653;111.38;2150;11323878630;S
20241022;102655;111.38;350;11323878911;S
20241022;102655;111.38;200;11323879016;S
20241022;102701;111.38;20;11323879834;S
20241022;102701;111.38;50;11323879835;S
20241022;102701;111.38;80;11323879836;S
20241022;102703;111.38;990;11323880119;S
20241022;102703;111.38;20;11323880131;S
20241022;102705;111.38;30;11323880427;S
20241022;102705;111.38;30;11323880428;S
20241022;102705;111.38;40;11323880429;S
20241022;102707;111.38;1520;11323880612;S
20241022;102713;111.38;2380;11323882017;B
20241022;102713;111.38;130;11323882018;B
20241022;102713;111.38;480;11323882019;B
20241022;102742;111.4;30;11323887169;S
20241022;102755;111.4;300;11323888938;S
20241022;102755;111.38;200;11323888939;S
20241022;102810;111.4;20;11323890795;B
20241022;102824;111.4;30;11323892440;B
20241022;102830;111.38;1100;11323893200;S
20241022;102836;111.38;710;11323893910;S
20241022;102836;111.38;10;11323893911;S
20241022;102836;111.38;50;11323893912;S
20241022;102836;111.38;230;11323893913;S
20241022;102845;111.38;20;11323895139;S
20241022;102904;111.44;10;11323897324;B
20241022;103004;111.44;10;11323906106;B
20241022;103017;111.42;10;11323907892;S
20241022;103017;111.4;10;11323907893;S
20241022;103047;111.38;50;11323911787;S
20241022;103104;111.38;30;11323913726;S
20241022;103104;111.38;100;11323913727;S
20241022;103104;111.36;10;11323913728;S
20241022;103104;111.36;1000;11323913729;S
20241022;103104;111.36;210;11323913730;S
20241022;103104;111.36;3500;11323913731;S
20241022;103117;111.38;100;11323914980;S
20241022;103117;111.38;20;11323914981;S
20241022;103123;111.38;10;11323915590;B
20241022;103124;111.38;10;11323915688;B
20241022;103124;111.38;10;11323915754;B
20241022;103125;111.38;50;11323915775;B
20241022;103125;111.44;10;11323915801;B
20241022;103134;111.36;550;11323917643;S
20241022;103143;111.36;140;11323918915;S
20241022;103228;111.38;20;11323925022;S
20241022;103228;111.38;30;11323925023;S
20241022;103230;111.36;30;11323925275;S
20241022;103230;111.36;110;11323925276;S
20241022;103230;111.36;90;11323925277;S
20241022;103241;111.36;3100;11323926638;S
20241022;103245;111.36;2240;11323927022;S
20241022;103252;111.36;70;11323927667;S
20241022;103253;111.36;990;11323927677;S
20241022;103302;111.36;990;11323928794;S
20241022;103311;111.36;990;11323929742;S
20241022;103311;111.36;10;11323929743;S
20241022;103321;111.36;440;11323930693;S
20241022;103327;111.36;3000;11323931563;S
20241022;103327;111.36;950;11323931568;S
20241022;103337;111.38;150;11323932806;B
20241022;103346;111.4;10;11323933796;B
20241022;103352;111.4;180;11323934554;B
20241022;103358;111.4;100;11323935205;B
20241022;103401;111.4;150;11323935667;B
20241022;103405;111.4;10;11323936068;B
20241022;103427;111.4;20;11323938674;B
20241022;103512;111.38;10;11323945110;S
20241022;103512;111.38;20;11323945111;S
20241022;103514;111.4;330;11323945474;B
20241022;103514;111.4;10;11323945475;B
20241022;103517;111.38;10;11323946238;S
20241022;103518;111.38;20;11323946681;S
20241022;103519;111.36;1250;11323946985;S
20241022;103552;111.36;10;11323950830;S
20241022;103553;111.4;50;11323951039;B
20241022;103556;111.4;10;11323951496;B
20241022;103608;111.36;80;11323953327;S
20241022;103608;111.36;80;11323953414;S
20241022;103609;111.36;80;11323953548;S
20241022;103619;111.36;10;11323956364;S
20241022;103622;111.36;800;11323957154;S
20241022;103623;111.36;220;11323957643;S
20241022;103624;111.38;50;11323957732;B
20241022;103630;111.36;270;11323958658;S
20241022;103630;111.36;10;11323958659;S
20241022;103630;111.36;10;11323958660;S
20241022;103630;111.36;20;11323958661;S
20241022;103630;111.36;100;11323958662;S
20241022;103630;111.36;400;11323958663;S
20241022;103644;111.34;390;11323961344;S
20241022;103645;111.34;50;11323961608;S
20241022;103645;111.34;50;11323961609;S
20241022;103650;111.34;10;11323962695;S
20241022;103651;111.36;10;11323962897;B
20241022;103704;111.34;50;11323964884;S
20241022;103705;111.36;40;11323964969;B
20241022;103720;111.34;90;11323967521;S
20241022;103720;111.34;20;11323967522;S
20241022;103720;111.34;20;11323967523;S
20241022;103720;111.34;1000;11323967524;S
20241022;103720;111.34;10;11323967525;S
20241022;103721;111.34;30;11323967692;B
20241022;103726;111.32;1100;11323968471;S
20241022;103749;111.32;30;11323972682;S
20241022;103750;111.32;50;11323972846;S
20241022;103754;111.32;290;11323973296;S
20241022;103809;111.32;4830;11323975751;S
20241022;103809;111.32;10;11323975752;S
20241022;103809;111.32;10;11323975753;S
20241022;103809;111.32;1000;11323975754;S
20241022;103809;111.3;50;11323975798;S
20241022;103810;111.3;30370;11323975908;S
20241022;103810;111.3;12100;11323975909;S
20241022;103810;111.3;60;11323975910;S
20241022;103810;111.3;1150;11323975923;S
20241022;103810;111.3;10;11323975931;S
20241022;103810;111.3;500;11323975949;S
20241022;103810;111.3;50;11323975976;S
20241022;103810;111.3;50;11323976002;S
20241022;103810;111.3;500;11323976003;S
20241022;103810;111.3;4160;11323976008;S
20241022;103810;111.3;40;11323976009;S
20241022;103810;111.3;20;11323976010;S
20241022;103810;111.3;10;11323976011;S
20241022;103810;111.3;250;11323976012;S
20241022;103810;111.3;1000;11323976013;S
20241022;103810;111.3;100;11323976014;S
20241022;103810;111.3;10;11323976015;S
20241022;103810;111.3;10;11323976016;S
20241022;103810;111.3;20;11323976017;S
20241022;103810;111.28;10;11323976018;S
20241022;103810;111.22;30;11323976022;S
20241022;103810;111.22;30;11323976023;S
20241022;103810;111.22;10;11323976024;S
20241022;103810;111.24;50;11323976038;B
20241022;103810;111.22;200;11323976065;S
20241022;103810;111.2;50;11323976066;S
20241022;103810;111.2;10;11323976067;S
20241022;103810;111.2;370;11323976068;S
20241022;103811;111.2;900;11323976134;S
20241022;103811;111.2;150;11323976153;S
20241022;103811;111.2;400;11323976198;S
20241022;103811;111.2;120;11323976308;S
20241022;103811;111.2;10;11323976309;S
20241022;103811;111.2;10;11323976310;S
20241022;103811;111.2;10;11323976311;S
20241022;103812;111.2;30;11323976718;S
20241022;103812;111.2;470;11323976719;S
20241022;103813;111.2;530;11323976873;S
20241022;103813;111.2;20;11323976874;S
20241022;103813;111.18;20;11323976875;S
20241022;103813;111.14;50;11323976876;S
20241022;103813;111.12;10;11323976877;S
20241022;103813;111.1;10;11323976878;S
20241022;103813;111.1;110;11323976879;S
20241022;103813;111.1;890;11323976910;S
20241022;103813;111.08;10;11323976911;S
20241022;103813;111.08;150;11323976912;S
20241022;103813;111.1;180;11323976968;B
20241022;103813;111.06;30;11323977019;S
20241022;103813;111.06;1600;11323977020;S
20241022;103813;111.04;10;11323977021;S
20241022;103813;111.04;30;11323977022;S
20241022;103813;111.04;50;11323977023;S
20241022;103813;111.04;20;11323977024;S
20241022;103813;111.04;400;11323977025;S
20241022;103813;111.04;500;11323977026;S
20241022;103813;111.04;10;11323977027;S
20241022;103813;111.04;10;11323977028;S
20241022;103813;111.04;10;11323977029;S
20241022;103813;111.04;10;11323977030;S
20241022;103813;111.04;10;11323977031;S
20241022;103813;111.04;30;11323977032;S
20241022;103813;111.04;20;11323977033;S
20241022;103813;111.04;10;11323977034;S
20241022;103813;111.04;10;11323977035;S
20241022;103813;111.02;80;11323977036;S
20241022;103813;111.02;30;11323977037;S
20241022;103813;111.02;50;11323977038;S
20241022;103813;111.02;1950;11323977039;S
20241022;103813;111.02;130;11323977040;S
20241022;103813;111.06;10;11323977113;B
20241022;103813;111.06;100;11323977114;B
20241022;103813;111.02;870;11323977116;S
20241022;103813;111.02;10;11323977117;S
20241022;103813;111.02;300;11323977118;S
20241022;103813;111.02;50;11323977119;S
20241022;103813;111.02;50;11323977120;S
20241022;103813;111.02;900;11323977121;S
20241022;103813;111;10;11323977122;S
20241022;103813;111;110;11323977123;S
20241022;103813;111;10;11323977124;S
20241022;103813;111;10;11323977125;S
20241022;103813;111;10;11323977126;S
20241022;103813;111;2500;11323977127;S
20241022;103813;111;10;11323977128;S
20241022;103813;111;10;11323977129;S
20241022;103813;111;50;11323977130;S
20241022;103813;111;4490;11323977131;S
20241022;103813;111;10;11323977132;S
20241022;103813;111;44700;11323977133;S
20241022;103813;111;5300;11323977134;S
20241022;103813;111;10;11323977135;S
20241022;103813;111;1000;11323977136;S
20241022;103813;111;10;11323977137;S
20241022;103813;111;470;11323977138;S
20241022;103813;111;530;11323977139;S
20241022;103813;111;10;11323977140;S
20241022;103813;111;50;11323977141;S
20241022;103813;111;10;11323977142;S
20241022;103813;111;100;11323977143;S
20241022;103813;111;30;11323977144;S
20241022;103813;111;20;11323977145;S
20241022;103813;111;1000;11323977146;S
20241022;103813;111;20;11323977147;S
20241022;103813;111;10;11323977148;S
20241022;103813;111;90;11323977149;S
20241022;103813;111;30;11323977150;S
20241022;103813;111;10;11323977151;S
20241022;103813;111;20;11323977152;S
20241022;103813;111;20;11323977153;S
20241022;103813;111;20;11323977154;S
20241022;103813;111;10;11323977155;S
20241022;103813;111;30;11323977156;S
20241022;103813;110.98;20;11323977162;B
20241022;103813;110.98;180;11323977163;B
20241022;103813;110.94;40;11323977179;S
20241022;103813;110.9;10;11323977180;S
20241022;103813;110.92;40;11323977193;S
20241022;103813;110.92;2160;11323977194;S
20241022;103813;110.94;30;11323977221;B
20241022;103813;110.94;500;11323977251;B
20241022;103814;110.94;20;11323977318;B
20241022;103814;110.94;10;11323977320;B
20241022;103814;110.94;10;11323977322;B
20241022;103814;110.9;20;11323977331;S
20241022;103814;110.94;60;11323977345;B
20241022;103814;110.94;10;11323977380;B
20241022;103814;110.94;30;11323977397;B
20241022;103814;110.9;10;11323977406;S
20241022;103814;110.94;10;11323977420;B
20241022;103814;110.94;10;11323977421;B
20241022;103814;110.94;10;11323977426;B
20241022;103814;110.94;10;11323977427;B
20241022;103814;110.94;10;11323977438;B
20241022;103814;110.92;50;11323977502;S
20241022;103814;110.94;10;11323977586;B
20241022;103814;110.94;170;11323977598;B
20241022;103814;110.9;460;11323977606;S
20241022;103814;110.9;10;11323977607;S
20241022;103814;110.9;10;11323977608;S
20241022;103814;110.9;20;11323977609;S
20241022;103815;110.9;480;11323977664;S
20241022;103815;110.88;300;11323977665;S
20241022;103815;110.86;50;11323977666;S
20241022;103815;110.84;10;11323977667;S
20241022;103815;110.82;160;11323977668;S
20241022;103815;110.82;40;11323977682;S
20241022;103815;110.9;50;11323977690;B
20241022;103817;110.88;10;11323978335;S
20241022;103818;110.9;750;11323978461;B
20241022;103823;110.86;10;11323979589;B
20241022;103823;110.84;50;11323979590;S
20241022;103823;110.84;250;11323979591;S
20241022;103825;110.84;260;11323979833;B
20241022;103825;110.84;740;11323979834;B
20241022;103827;110.84;240;11323980071;B
20241022;103828;110.82;10;11323980398;S
20241022;103828;110.8;50;11323980399;S
20241022;103828;110.8;30;11323980400;S
20241022;103828;110.8;350;11323980401;S
20241022;103829;110.8;150;11323980645;S
20241022;103829;110.8;50;11323980646;S
20241022;103830;110.84;50;11323980738;B
20241022;103839;110.82;4460;11323982443;B
20241022;103839;110.82;40;11323982444;B
20241022;103842;110.8;330;11323983512;S
20241022;103842;110.8;20;11323983513;S
20241022;103842;110.8;10;11323983514;S
20241022;103842;110.78;260;11323983515;S
20241022;103842;110.76;50;11323983516;S
20241022;103842;110.76;260;11323983517;S
20241022;103842;110.74;50;11323983518;S
20241022;103842;110.74;50;11323983519;S
20241022;103842;110.7;30;11323983520;S
20241022;103842;110.7;50;11323983521;S
20241022;103842;110.7;10;11323983522;S
20241022;103842;110.7;10;11323983523;S
20241022;103842;110.7;50;11323983524;S
20241022;103842;110.7;2260;11323983525;S
20241022;103842;110.68;3040;11323983526;S
20241022;103842;110.64;250;11323983527;S
20241022;103842;110.64;130;11323983528;S
20241022;103842;110.62;80;11323983529;S
20241022;103842;110.62;800;11323983530;S
20241022;103842;110.6;20;11323983531;S
20241022;103842;110.6;2500;11323983532;S
20241022;103842;110.6;1600;11323983533;S
20241022;103842;110.6;20;11323983534;S
20241022;103842;110.6;120;11323983535;B
20241022;103842;110.6;880;11323983536;B
20241022;103842;110.6;120;11323983537;B
20241022;103842;110.6;190;11323983545;B
20241022;103842;110.6;1200;11323983578;B
20241022;103842;110.6;250;11323983582;B
20241022;103842;110.6;220;11323983628;B
20241022;103842;110.6;1200;11323983631;B
20241022;103843;110.6;90;11323983717;B
20241022;103843;110.58;30;11323983718;S
20241022;103843;110.6;10;11323983720;B
20241022;103843;110.6;1890;11323983747;B
20241022;103843;110.6;50;11323983887;B
20241022;103843;110.6;1650;11323983911;B
20241022;103844;110.6;250;11323983927;B
20241022;103844;110.6;1000;11323983991;B
20241022;103845;110.6;1000;11323984163;B
20241022;103845;110.6;1000;11323984165;B
20241022;103845;110.6;1000;11323984166;B
20241022;103846;110.58;20;11323984308;S
20241022;103846;110.58;200;11323984309;S
20241022;103846;110.58;150;11323984310;S
20241022;103846;110.56;100;11323984311;S
20241022;103846;110.54;40;11323984312;S
20241022;103846;110.54;10;11323984313;S
20241022;103846;110.54;20;11323984314;S
20241022;103846;110.54;270;11323984315;S
20241022;103849;110.6;20;11323984758;B
20241022;103849;110.6;1000;11323984945;B
20241022;103852;110.6;1000;11323985750;B
20241022;103852;110.6;200;11323985764;B
20241022;103855;110.6;2000;11323986252;B
20241022;103856;110.56;100;11323986622;S
20241022;103856;110.56;200;11323986623;S
20241022;103858;110.6;780;11323987412;B
20241022;103859;110.6;1000;11323987698;B
20241022;103859;110.6;1000;11323987699;B
20241022;103859;110.6;1000;11323987700;B
20241022;103859;110.6;1000;11323987775;B
20241022;103900;110.6;50;11323987800;B
20241022;103900;110.6;140;11323987826;B
20241022;103903;110.6;810;11323988231;B
20241022;103903;110.6;1000;11323988232;B
20241022;103903;110.6;320;11323988233;B
20241022;103903;110.6;1000;11323988252;B
20241022;103904;110.6;1000;11323988358;B
20241022;103905;110.6;500;11323988502;B
20241022;103906;110.6;180;11323988692;B
20241022;103906;110.6;820;11323988693;B
20241022;103909;110.6;180;11323990024;B
20241022;103909;110.6;1000;11323990025;B
20241022;103910;110.58;140;11323990113;S
20241022;103910;110.58;40;11323990114;S
20241022;103913;110.6;1000;11323990592;B
20241022;103913;110.6;1000;11323990593;B
20241022;103915;110.6;330;11323991030;B
20241022;103916;110.58;160;11323991130;S
20241022;103916;110.58;50;11323991131;S
20241022;103916;110.58;1000;11323991132;S
20241022;103916;110.58;130;11323991133;S
20241022;103916;110.58;140;11323991134;S
20241022;103916;110.56;520;11323991135;S
20241022;103916;110.6;670;11323991136;B
20241022;103916;110.6;100;11323991137;B
20241022;103917;110.6;150;11323991213;B
20241022;103917;110.6;10;11323991296;B
20241022;103919;110.6;740;11323991937;B
20241022;103919;110.6;230;11323991938;B
20241022;103919;110.62;100;11323991939;B
20241022;103919;110.64;10;11323991940;B
20241022;103923;110.74;50;11323992712;B
20241022;103924;110.74;50;11323992967;B
20241022;103929;110.74;20;11323993715;B
20241022;103929;110.78;30;11323993716;B
20241022;103929;110.8;1150;11323993717;B
20241022;103929;110.8;30;11323993718;B
20241022;103929;110.86;1770;11323993719;B
20241022;103930;110.86;10;11323993882;B
20241022;103930;110.86;10;11323993986;B
20241022;103931;110.86;10;11323994173;B
20241022;103931;110.86;80;11323994174;B
20241022;103932;110.92;10;11323994338;B
20241022;103933;110.9;10;11323994447;B
20241022;103933;110.92;10;11323994606;B
20241022;103934;110.9;10;11323994688;B
20241022;103936;110.88;10;11323994954;B
20241022;103937;110.92;10;11323995049;B
20241022;103937;110.86;10;11323995135;B
20241022;103938;110.88;10;11323995242;B
20241022;103939;110.88;10;11323995540;B
20241022;103940;110.88;10;11323995701;B
20241022;103940;110.86;10;11323995813;B
20241022;103941;110.88;10;11323995982;B
20241022;103942;110.9;10;11323996129;B
20241022;103943;110.9;10;11323996229;B
20241022;103943;110.9;10;11323996288;B
20241022;103944;110.9;10;11323996372;B
20241022;103945;110.9;10;11323996451;B
20241022;103945;110.88;10;11323996523;B
20241022;103946;110.88;10;11323996554;B
20241022;103947;110.9;10;11323996663;B
20241022;103948;110.94;10;11323996761;B
20241022;103948;110.96;10;11323996884;B
20241022;103949;110.96;10;11323996959;B
20241022;103950;110.96;10;11323997053;B
20241022;103951;110.96;10;11323997155;B
20241022;103951;110.96;10;11323997233;B
20241022;103952;110.96;10;11323997354;B
20241022;103953;110.96;10;11323997468;B
20241022;103953;110.98;10;11323997479;B
20241022;103954;110.98;10;11323997550;B
20241022;103955;110.96;10;11323997662;B
20241022;103956;110.96;10;11323997876;B
20241022;103957;110.96;10;11323998063;B
20241022;103957;110.96;10;11323998257;B
20241022;103958;110.96;10;11323998370;B
20241022;103959;110.96;100;11323998435;B
20241022;103959;110.98;400;11323998436;B
20241022;103959;111;10;11323998437;B
20241022;103959;111;10;11323998438;B
20241022;103959;111;110;11323998439;B
20241022;103959;111;10;11323998440;B
20241022;103959;111;200;11323998441;B
20241022;103959;111.02;90;11323998442;B
20241022;103959;111.04;70;11323998443;B
20241022;103959;111;10;11323998466;B
20241022;104000;111;120;11323998522;B
20241022;104000;111;200;11323998523;B
20241022;104000;111;70;11323998524;B
20241022;104000;111.02;70;11323998525;B
20241022;104000;111.04;1140;11323998526;B
20241022;104000;111.04;10;11323998571;B
20241022;104002;111.02;10;11323998837;B
20241022;104003;111.04;10;11323998971;B
20241022;104005;111.02;10;11323999145;B
20241022;104009;111.02;10;11323999675;B
20241022;104010;111.02;10;11323999757;B
20241022;104011;111.02;10;11323999886;B
20241022;104013;111;10;11324000319;B
20241022;104032;110.98;20;11324003113;B
20241022;104032;110.98;20;11324003114;B
20241022;104049;111.04;50;11324005888;B
20241022;104049;111.04;200;11324005889;B
20241022;104056;110.92;20;11324006650;S
20241022;104107;110.92;10;11324008888;S
20241022;104107;110.92;100;11324008889;S
20241022;104107;110.92;350;11324008890;S
20241022;104107;110.9;40;11324008891;S
20241022;104115;110.92;10;11324009767;B
20241022;104120;110.9;10;11324010613;S
20241022;104121;110.9;20;11324011022;S
20241022;104121;110.92;10;11324011087;B
20241022;104132;110.9;40;11324013920;B
20241022;104134;110.92;10;11324014207;B
20241022;104134;110.9;20;11324014415;B
20241022;104138;110.88;100;11324015194;S
20241022;104138;110.88;890;11324015195;B
20241022;104140;110.92;100;11324015940;B
20241022;104154;110.86;10;11324018117;S
20241022;104154;110.8;110;11324018118;S
20241022;104154;110.8;10;11324018119;S
20241022;104154;110.78;210;11324018120;S
20241022;104154;110.78;110;11324018121;S
20241022;104154;110.76;100;11324018122;S
20241022;104215;110.74;10;11324020985;S
20241022;104215;110.74;50;11324020986;S
20241022;104218;110.74;200;11324021211;B
20241022;104218;110.74;100;11324021214;B
20241022;104220;110.72;50;11324021514;B
20241022;104223;110.74;630;11324022111;B
20241022;104224;110.88;20;11324022170;B
20241022;104225;110.8;100;11324022264;S
20241022;104225;110.92;100;11324022273;B
20241022;104232;110.78;50;11324023000;S
20241022;104232;110.78;250;11324023001;S
20241022;104248;110.82;20;11324025042;S
20241022;104309;110.82;230;11324027808;S
20241022;104309;110.82;180;11324027809;S
20241022;104311;110.82;10;11324028063;B
20241022;104311;110.82;100;11324028075;B
20241022;104312;110.82;100;11324028240;B
20241022;104316;110.82;10;11324028763;B
20241022;104321;110.82;30;11324029527;B
20241022;104322;110.8;90;11324029717;S
20241022;104323;110.8;90;11324029811;S
20241022;104327;110.8;420;11324030478;S
20241022;104327;110.8;20;11324030479;S
20241022;104327;110.76;180;11324030480;S
20241022;104327;110.74;180;11324030481;S
20241022;104327;110.72;200;11324030482;S
20241022;104333;110.82;10;11324031343;B
20241022;104357;110.82;10;11324034023;B
20241022;104406;110.82;320;11324035111;B
20241022;104413;110.8;10;11324036056;S
20241022;104413;110.78;140;11324036057;S
20241022;104413;110.76;130;11324036058;S
20241022;104413;110.76;1130;11324036059;S
20241022;104413;110.74;200;11324036060;S
20241022;104413;110.72;200;11324036061;S
20241022;104413;110.72;50;11324036062;S
20241022;104413;110.7;1000;11324036063;S
20241022;104413;110.7;10;11324036064;S
20241022;104413;110.7;1630;11324036065;S
20241022;104417;110.84;10;11324037089;B
20241022;104438;110.84;10;11324040819;S
20241022;104440;110.84;10;11324041211;S
20241022;104443;110.92;10;11324041726;B
20241022;104520;110.9;10;11324048790;B
20241022;104537;110.9;120;11324051299;B
20241022;104537;110.9;30;11324051300;B
20241022;104543;110.9;220;11324052069;B
20241022;104552;110.9;280;11324053536;S
20241022;104552;110.9;10;11324053537;S
20241022;104554;110.9;10;11324053804;B
20241022;104604;110.9;10;11324055140;B
20241022;104611;110.84;30;11324056084;S
20241022;104614;110.9;10;11324056629;B
20241022;104620;110.82;10;11324057416;S
20241022;104620;110.8;10;11324057417;S
20241022;104620;110.78;80;11324057418;S
20241022;104627;110.8;10;11324058439;S
20241022;104627;110.78;50;11324058440;S
20241022;104627;110.76;10;11324058441;S
20241022;104627;110.76;10;11324058442;S
20241022;104627;110.76;20;11324058443;S
20241022;104637;110.72;300;11324059625;S
20241022;104645;110.74;10;11324061009;S
20241022;104645;110.72;490;11324061010;S
20241022;104652;110.72;600;11324061947;S
20241022;104721;110.86;50;11324065539;B
20241022;104756;110.76;50;11324069426;S
20241022;104757;110.76;10;11324069604;S
20241022;104757;110.76;350;11324069605;B
20241022;104829;110.76;10;11324073281;S
20241022;104829;110.76;90;11324073282;S
20241022;104855;110.84;10;11324076545;B
20241022;104911;110.86;50;11324079301;B
20241022;104911;110.86;40;11324079302;B
20241022;104931;110.78;10;11324084970;S
20241022;104931;110.78;10;11324084971;S
20241022;105016;110.78;10;11324089617;S
20241022;105016;110.78;10;11324089618;S
20241022;105016;110.78;10;11324089619;S
20241022;105016;110.78;10;11324089620;S
20241022;105016;110.76;10;11324089621;S
20241022;105016;110.76;10;11324089622;S
20241022;105016;110.76;20;11324089623;S
20241022;105016;110.74;10;11324089624;S
20241022;105016;110.74;90;11324089625;S
20241022;105016;110.74;20;11324089626;S
20241022;105016;110.72;20;11324089627;S
20241022;105016;110.72;780;11324089628;S
20241022;105056;110.82;10;11324093755;B
20241022;105056;110.9;20;11324093756;B
20241022;105216;110.78;10;11324107210;S
20241022;105216;110.76;50;11324107211;S
20241022;105216;110.76;10;11324107212;S
20241022;105216;110.76;20;11324107213;S
20241022;105216;110.76;200;11324107214;S
20241022;105216;110.74;50;11324107215;S
20241022;105216;110.74;10;11324107216;S
20241022;105216;110.74;150;11324107217;S
20241022;105237;110.86;10;11324113787;B
20241022;105237;110.86;10;11324113788;B
20241022;105259;110.86;10;11324119031;B
20241022;105326;110.86;20;11324124238;B
20241022;105334;110.84;50;11324125235;S
20241022;105334;110.84;100;11324125236;S
20241022;105358;110.78;10;11324128427;S
20241022;105416;110.78;10;11324132146;S
20241022;105416;110.76;120;11324132147;S
20241022;105416;110.74;20;11324132148;S
20241022;105416;110.74;50;11324132149;S
20241022;105416;110.74;50;11324132150;S
20241022;105416;110.74;40;11324132151;S
20241022;105419;110.84;10;11324132931;B
20241022;105419;110.86;10;11324132932;B
20241022;105431;110.84;10;11324137794;B
20241022;105442;110.76;10;11324140670;S
20241022;105442;110.74;70;11324140671;S
20241022;105442;110.72;350;11324140672;S
20241022;105526;110.82;30;11324150885;S
20241022;105526;110.78;120;11324150886;S
20241022;105526;110.76;200;11324150887;S
20241022;105526;110.76;120;11324150888;S
20241022;105526;110.74;10;11324150889;S
20241022;105526;110.74;200;11324150890;S
20241022;105526;110.72;320;11324150891;S
20241022;105536;110.74;20;11324153368;S
20241022;105538;110.82;10;11324154026;B
20241022;105615;110.82;10;11324163486;B
20241022;105615;110.86;50;11324163487;B
20241022;105615;110.86;20;11324163488;B
20241022;105615;110.86;200;11324163489;B
20241022;105615;110.86;150;11324163490;B
20241022;105615;110.88;2160;11324163491;B
20241022;105615;110.88;190;11324163492;B
20241022;105615;110.9;5000;11324163493;B
20241022;105615;110.9;200;11324163494;B
20241022;105615;110.9;190;11324163495;B
20241022;105615;110.92;130;11324163496;B
20241022;105615;110.92;200;11324163497;B
20241022;105615;110.96;500;11324163498;B
20241022;105615;110.98;1000;11324163499;B
20241022;105615;111;10;11324163524;B
20241022;105628;110.94;150;11324166652;B
20241022;105716;110.94;10;11324175801;B
20241022;105719;110.94;140;11324176214;B
20241022;105736;110.9;10;11324178137;S
20241022;105736;110.9;10;11324178138;S
20241022;105811;110.9;180;11324181564;B
20241022;105811;110.9;10;11324181565;B
20241022;105813;111;200;11324181737;B
20241022;105852;111;100;11324185440;B
20241022;105901;111.06;10;11324187114;B
20241022;105901;111.08;20;11324187115;B
20241022;105901;111.08;20;11324187116;B
20241022;105920;111.1;10;11324189693;B
20241022;105927;111.1;100;11324190590;B
20241022;105937;111.06;50;11324191357;S
20241022;105941;111.1;30;11324191605;B
20241022;105941;111.1;10;11324191606;B
20241022;105941;111.14;20;11324191607;B
20241022;105941;111.16;20;11324191608;B
20241022;105941;111.18;920;11324191609;B
20241022;105941;111.18;10;11324191621;B
20241022;105943;111.08;30;11324191779;S
20241022;105943;111.06;50;11324191780;S
20241022;105943;111.06;30;11324191781;S
20241022;105943;111.06;1720;11324191782;B
20241022;105949;111.18;10;11324192210;B
20241022;105958;111.18;960;11324193189;B
20241022;105958;111.18;30;11324193190;B
20241022;105958;111.2;10;11324193191;B
20241022;110014;111.1;100;11324195054;B
20241022;110014;111.08;10;11324195063;S
20241022;110014;111.08;10;11324195126;S
20241022;110017;111.1;1400;11324195501;B
20241022;110017;111.14;40;11324195502;B
20241022;110017;111.16;40;11324195503;B
20241022;110017;111.16;120;11324195504;B
20241022;110017;111.16;250;11324195505;B
20241022;110057;111.16;100;11324199842;B
20241022;110057;111.16;50;11324199843;B
20241022;110104;111.16;10;11324200430;B
20241022;110123;111.16;230;11324203307;S
20241022;110126;111.08;10;11324203815;S
20241022;110134;111.08;10;11324205358;S
20241022;110144;111.16;10;11324207365;B
20241022;110215;111.16;140;11324213271;B
20241022;110215;111.16;10;11324213272;B
20241022;110215;111.16;2000;11324213273;B
20241022;110215;111.18;150;11324213274;B
20241022;110220;111.2;10;11324214268;B
20241022;110221;111.2;490;11324214445;B
20241022;110221;111.2;10;11324214446;B
20241022;110224;111.24;10;11324214813;B
20241022;110224;111.24;100;11324214908;B
20241022;110224;111.26;50;11324214909;B
20241022;110224;111.28;10;11324214910;B
20241022;110224;111.28;40;11324214911;B
20241022;110235;111.26;220;11324217119;B
20241022;110235;111.28;110;11324217120;B
20241022;110235;111.28;30;11324217121;B
20241022;110235;111.3;10;11324217122;B
20241022;110235;111.3;30;11324217123;B
20241022;110235;111.32;10;11324217124;B
20241022;110235;111.34;90;11324217125;B
20241022;110247;111.36;10;11324220265;B
20241022;110300;111.2;100;11324224175;S
20241022;110300;111.2;50;11324224176;S
20241022;110300;111.18;150;11324224177;S
20241022;110300;111.16;150;11324224178;S
20241022;110303;111.32;10;11324225123;B
20241022;110316;111.34;10;11324229105;B
20241022;110320;111.36;10;11324230208;B
20241022;110322;111.36;10;11324230884;B
20241022;110323;111.38;10;11324231258;B
20241022;110324;111.36;410;11324231472;B
20241022;110335;111.3;20;11324234620;S
20241022;110335;111.22;200;11324234621;S
20241022;110335;111.18;20;11324234622;S
20241022;110335;111.14;500;11324234623;S
20241022;110335;111.14;160;11324234624;S
20241022;110337;111.32;10;11324234938;B
20241022;110341;111.34;10;11324235622;B
20241022;110343;111.34;10;11324236027;B
20241022;110343;111.36;10;11324236145;B
20241022;110408;111.3;50;11324241506;B
20241022;110418;111.3;90;11324243539;B
20241022;110418;111.32;10;11324243540;B
20241022;110428;111.32;50;11324245493;B
20241022;110527;111.16;10;11324254580;S
20241022;110533;111.22;10;11324255919;B
20241022;110552;111.24;10;11324258634;B
20241022;110552;111.26;10;11324258635;B
20241022;110552;111.26;10;11324258636;B
20241022;110552;111.28;40;11324258637;B
20241022;110552;111.3;30;11324258638;B
20241022;110635;111.26;10;11324266448;B
20241022;110635;111.28;10;11324266449;B
20241022;110635;111.28;330;11324266450;B
20241022;110635;111.28;10;11324266451;B
20241022;110635;111.28;40;11324266500;S
20241022;110650;111.2;10;11324268809;S
20241022;110650;111.2;10;11324268810;S
20241022;110650;111.16;90;11324268811;S
20241022;110650;111.16;20;11324268812;S
20241022;110650;111.14;100;11324268813;S
20241022;110650;111.12;1570;11324268814;S
20241022;110747;111.12;590;11324277307;S
20241022;110747;111.1;3000;11324277308;S
20241022;110747;111.1;2410;11324277309;S
20241022;110749;111.1;30;11324277776;S
20241022;110752;111.1;60;11324278377;S
20241022;110757;111.1;500;11324279246;S
20241022;110757;111.1;200;11324279247;S
20241022;110757;111.08;50;11324279302;S
20241022;110757;111.08;80;11324279303;S
20241022;110808;111.04;30;11324281231;S
20241022;110808;111.04;230;11324281232;S
20241022;110808;111.04;20;11324281233;S
20241022;110808;111.02;200;11324281234;S
20241022;110808;111.02;80;11324281235;S
20241022;110808;111;100;11324281236;S
20241022;110808;111;390;11324281237;S
20241022;110808;111;20;11324281238;S
20241022;110808;111;40;11324281239;S
20241022;110808;111;100;11324281240;S
20241022;110808;111;30;11324281241;S
20241022;110808;111;10;11324281242;S
20241022;110808;111;80;11324281243;S
20241022;110808;110.94;40;11324281244;S
20241022;110808;110.92;10;11324281245;S
20241022;110808;110.92;400;11324281246;S
20241022;110808;110.9;10;11324281247;S
20241022;110808;110.9;100;11324281248;S
20241022;110808;110.9;2110;11324281249;S
20241022;110808;110.9;30;11324281335;S
20241022;110809;110.94;50;11324281489;B
20241022;110814;110.92;150;11324282240;S
20241022;110817;110.92;20;11324282830;S
20241022;110837;110.94;10;11324286319;S
20241022;110839;110.96;50;11324286617;S
20241022;110844;110.96;10;11324287516;S
20241022;110851;110.96;20;11324288617;S
20241022;110901;110.96;10;11324290488;S
20241022;110909;110.98;20;11324291767;S
20241022;110944;111;750;11324297617;S
20241022;110944;111;50;11324297618;S
20241022;110944;111;10;11324297619;S
20241022;110944;110.98;110;11324297620;S
20241022;110944;110.98;60;11324297621;S
20241022;110944;110.98;80;11324297622;S
20241022;110944;110.98;4640;11324297623;B
20241022;110948;111;30;11324298288;B
20241022;111000;111.14;10;11324300184;B
20241022;111006;111.04;10;11324301223;S
20241022;111045;111.04;10;11324307605;S
20241022;111045;111.04;10;11324307606;S
20241022;111045;111.02;10;11324307607;S
20241022;111045;111.02;10;11324307608;S
20241022;111045;111;30;11324307609;S
20241022;111057;111;2970;11324309767;S
20241022;111057;111;4450;11324309768;S
20241022;111057;111;500;11324309769;S
20241022;111057;111;110;11324309770;S
20241022;111057;110.98;6900;11324309771;S
20241022;111100;110.96;200;11324310405;S
20241022;111100;110.96;60;11324310406;S
20241022;111114;110.96;10;11324312664;S
20241022;111125;110.96;2980;11324320816;S
20241022;111125;110.94;10;11324320829;S
20241022;111140;110.96;10;11324337328;S
20241022;111147;110.94;50;11324344262;S
20241022;111155;110.94;160;11324352334;S
20241022;111155;110.94;460;11324352335;S
20241022;111156;111.02;50;11324353070;B
20241022;111156;110.94;40;11324353074;S
20241022;111159;110.96;160;11324356033;B
20241022;111203;110.94;30;11324358485;S
20241022;111203;110.94;1470;11324358847;S
20241022;111205;110.92;10;11324360069;S
20241022;111207;110.92;10;11324362462;S
20241022;111208;110.92;10;11324362689;S
20241022;111212;110.92;730;11324365976;S
20241022;111212;110.92;70;11324365977;S
20241022;111212;110.9;790;11324365978;S
20241022;111212;110.9;20;11324365979;S
20241022;111212;110.9;10;11324365980;S
20241022;111212;110.88;10;11324365984;S
20241022;111212;110.88;20;11324365985;S
20241022;111212;110.88;10;11324365986;S
20241022;111212;110.88;1000;11324366052;S
20241022;111212;110.86;10;11324366053;S
20241022;111212;110.86;20;11324366054;S
20241022;111232;110.84;10;11324384044;B
20241022;111241;110.82;610;11324393066;S
20241022;111241;110.84;40;11324393496;B
20241022;111245;110.82;270;11324396938;S
20241022;111249;110.82;10;11324400682;B
20241022;111249;110.82;10;11324400728;B
20241022;111250;110.82;280;11324402848;B
20241022;111256;110.8;20;11324408874;S
20241022;111256;110.82;10;11324408967;B
20241022;111258;110.82;10;11324410510;B
20241022;111302;110.8;70;11324413623;S
20241022;111302;110.8;20;11324413624;S
20241022;111302;110.8;90;11324414314;S
20241022;111309;110.8;890;11324421130;S
20241022;111309;110.8;50;11324421131;S
20241022;111309;110.8;190;11324421132;S
20241022;111316;110.82;10;11324428738;B
20241022;111320;110.8;10;11324432991;S
20241022;111320;110.8;420;11324432992;S
20241022;111320;110.78;50;11324432993;S
20241022;111320;110.78;460;11324432994;S
20241022;111321;110.78;100;11324434108;S
20241022;111337;110.76;900;11324450496;S
20241022;111357;110.78;70;11324471213;S
20241022;111357;110.78;130;11324471214;S
20241022;111417;110.78;100;11324493077;B
20241022;111425;110.78;8230;11324501334;B
20241022;111425;110.8;200;11324501338;B
20241022;111425;110.82;400;11324501339;B
20241022;111425;110.82;10;11324501340;B
20241022;111425;110.82;500;11324501341;B
20241022;111430;110.98;20;11324506850;B
20241022;111434;110.82;40;11324510878;S
20241022;111440;110.98;200;11324516668;B
20241022;111440;110.98;2160;11324516669;B
20241022;111440;111;500;11324516670;B
20241022;111440;111;100;11324516671;B
20241022;111440;111;200;11324516672;B
20241022;111443;111;30;11324520450;S
20241022;111456;111;310;11324534489;S
20241022;111515;110.82;10;11324551605;S
20241022;111515;110.8;2160;11324551606;S
20241022;111515;110.78;500;11324551607;S
20241022;111515;110.78;400;11324551608;S
20241022;111515;110.76;100;11324551609;S
20241022;111515;110.76;280;11324551610;S
20241022;111515;110.76;100;11324551611;S
20241022;111515;110.76;90;11324551612;S
20241022;111515;110.74;50;11324551613;S
20241022;111515;110.74;210;11324551614;S
20241022;111515;110.74;1500;11324551615;S
20241022;111515;110.74;20;11324551616;S
20241022;111515;110.74;410;11324551617;S
20241022;111515;110.74;200;11324551618;S
20241022;111515;110.72;1050;11324551619;S
20241022;111515;110.72;40;11324551620;S
20241022;111515;110.72;30;11324551621;S
20241022;111515;110.72;10;11324551622;S
20241022;111515;110.72;10;11324551623;S
20241022;111515;110.72;70;11324551624;S
20241022;111515;110.72;80;11324551625;S
20241022;111515;110.72;200;11324551626;S
20241022;111515;110.72;10;11324551627;S
20241022;111515;110.72;50;11324551628;S
20241022;111515;110.72;10;11324551629;S
20241022;111515;110.72;200;11324551630;S
20241022;111515;110.72;30;11324551631;S
20241022;111515;110.72;750;11324551632;S
20241022;111515;110.72;10;11324551633;S
20241022;111515;110.72;100;11324551634;S
20241022;111515;110.7;80;11324551635;S
20241022;111515;110.7;80;11324551636;S
20241022;111515;110.7;1320;11324551637;S
20241022;111515;110.7;90;11324551638;S
20241022;111515;110.7;5340;11324551639;S
20241022;111635;110.72;10;11324637081;S
20241022;111703;110.72;20;11324667240;S
20241022;111721;110.72;20;11324687839;S
20241022;111730;110.78;10;11324697993;B
20241022;111730;110.8;10;11324697994;B
20241022;111730;110.84;10;11324697995;B
20241022;111730;110.84;200;11324697996;B
20241022;111730;110.86;320;11324697997;B
20241022;111730;110.88;10;11324697998;B
20241022;111730;110.88;500;11324697999;B
20241022;111730;110.88;160;11324698000;B
20241022;111730;110.9;200;11324698001;B
20241022;111730;110.9;330;11324698002;B
20241022;111733;110.9;170;11324700893;B
20241022;111733;110.9;80;11324700894;B
20241022;111738;110.92;20;11324706845;B
20241022;111754;110.92;200;11324721264;B
20241022;111845;110.9;10;11324772034;B
20241022;111918;110.94;10;11324806099;B
20241022;111920;110.9;10;11324807608;S
20241022;111943;110.96;10;11324833902;B
20241022;112008;110.98;10;11324860285;B
20241022;112008;111;20;11324860286;B
20241022;112008;111;10;11324860287;B
20241022;112008;111;1080;11324860288;B
20241022;112008;111.02;980;11324860289;B
20241022;112008;111.02;200;11324860290;B
20241022;112008;111.08;400;11324860291;B
20241022;112008;111.1;130;11324860292;B
20241022;112008;111.1;1170;11324860293;B
20241022;112008;111.08;10;11324860463;B
20241022;112155;110.9;50;11324971128;S
20241022;112157;110.96;10;11324973274;B
20241022;112210;110.9;120;11324986394;S
20241022;112219;110.96;110;11324996480;B
20241022;112235;110.94;10;11325015196;B
20241022;112308;110.94;20;11325051758;B
20241022;112310;110.9;1000;11325053416;S
20241022;112321;110.94;20;11325065429;B
20241022;112342;110.94;10;11325085413;B
20241022;112351;110.94;10;11325095421;B
20241022;112409;110.92;10;11325114954;S
20241022;112414;110.94;10;11325120713;B
20241022;112423;110.94;10;11325130985;B
20241022;112423;110.96;40;11325130986;B
20241022;112443;110.96;20;11325152569;B
20241022;112453;110.94;40;11325164747;B
20241022;112453;110.96;60;11325164748;B
20241022;112510;110.96;130;11325182519;B
20241022;112510;110.96;20;11325182520;B
20241022;112520;110.98;20;11325193879;B
20241022;112548;110.96;10;11325226378;S
20241022;112548;110.96;10;11325226379;S
20241022;112623;110.98;30;11325260093;B
20241022;112628;110.92;310;11325266392;S
20241022;112628;110.92;10;11325266393;S
20241022;112628;110.92;120;11325266394;S
20241022;112628;110.9;1830;11325266395;S
20241022;112628;110.9;10;11325266396;S
20241022;112628;110.9;10;11325266397;S
20241022;112628;110.9;10;11325266398;S
20241022;112628;110.9;10;11325266399;S
20241022;112628;110.9;120;11325266400;S
20241022;112644;110.88;10;11325284146;B
20241022;112704;110.9;280;11325305412;B
20241022;112710;110.82;20;11325311367;S
20241022;112722;110.9;10;11325324522;B
20241022;112810;110.9;2280;11325377959;B
20241022;112810;110.9;760;11325377960;B
20241022;112832;110.9;10;11325391895;B
20241022;112949;110.9;10;11325398806;S
20241022;112949;110.9;10;11325398807;S
20241022;113111;110.96;20;11325405969;B
20241022;113149;110.96;10;11325409363;B
20241022;113150;110.9;490;11325409478;S
20241022;113150;110.9;10;11325409479;S
20241022;113150;110.88;20;11325409480;S
20241022;113150;110.86;20;11325409481;S
20241022;113150;110.84;10;11325409482;S
20241022;113150;110.84;40;11325409483;S
20241022;113150;110.82;500;11325409484;S
20241022;113150;110.82;600;11325409485;S
20241022;113150;110.8;10;11325409486;S
20241022;113215;110.94;30;11325411579;B
20241022;113254;110.94;10;11325415391;B
20241022;113307;110.94;10;11325416562;B
20241022;113314;110.96;10;11325417323;B
20241022;113351;110.96;210;11325420392;B
20241022;113359;110.98;250;11325421146;B
20241022;113359;110.98;50;11325421147;B
20241022;113412;110.98;100;11325422122;B
20241022;113412;111;70;11325422123;B
20241022;113412;111.04;30;11325422124;B
20241022;113412;111.08;10;11325422125;B
20241022;113412;111.08;290;11325422126;B
20241022;113426;111;10;11325423091;S
20241022;113426;110.98;20;11325423092;S
20241022;113426;110.96;130;11325423093;S
20241022;113426;110.94;20;11325423094;S
20241022;113438;111.06;10;11325424602;B
20241022;113438;111.06;20;11325424603;B
20241022;113438;111.08;470;11325424604;B
20241022;113449;111.08;10;11325425827;B
20241022;113507;111.08;90;11325427872;B
20241022;113508;110.98;10;11325427962;S
20241022;113529;110.96;10;11325430824;S
20241022;113529;110.96;50;11325430825;S
20241022;113529;110.96;20;11325430826;S
20241022;113529;110.94;770;11325430827;S
20241022;113529;110.94;300;11325430828;S
20241022;113532;110.98;10;11325431035;B
20241022;113540;110.98;10;11325431842;B
20241022;113611;110.92;20;11325435148;B
20241022;113611;110.94;20;11325435149;B
20241022;113611;110.94;200;11325435150;B
20241022;113611;110.96;10;11325435151;B
20241022;113611;110.96;280;11325435152;B
20241022;113611;110.98;180;11325435153;B
20241022;113611;110.98;290;11325435154;B
20241022;113614;110.88;50;11325435350;S
20241022;113614;110.84;750;11325435351;S
20241022;113701;110.8;10;11325440390;S
20241022;113701;110.8;10;11325440391;S
20241022;113701;110.8;80;11325440392;S
20241022;113703;110.84;10;11325440628;B
20241022;113710;110.84;170;11325441304;B
20241022;113716;110.84;20;11325441930;B
20241022;113734;110.86;20;11325443853;S
20241022;113734;110.84;10;11325443854;S
20241022;113734;110.84;10;11325443855;S
20241022;113734;110.84;10;11325443856;S
20241022;113734;110.84;10;11325443857;S
20241022;113734;110.84;10;11325443858;S
20241022;113734;110.84;10;11325443859;S
20241022;113734;110.82;10;11325443860;S
20241022;113837;110.82;200;11325449571;S
20241022;113837;110.8;120;11325449572;S
20241022;113837;110.8;10;11325449573;S
20241022;113837;110.8;10;11325449574;S
20241022;113837;110.8;10;11325449575;S
20241022;113837;110.8;10;11325449576;S
20241022;113837;110.8;10;11325449577;S
20241022;113837;110.8;100;11325449578;S
20241022;113837;110.8;50;11325449579;S
20241022;113837;110.8;10;11325449580;S
20241022;113837;110.8;40;11325449581;S
20241022;113837;110.8;70;11325449582;S
20241022;113837;110.8;80;11325449583;S
20241022;113837;110.8;780;11325449585;B
20241022;113908;110.8;30;11325452234;B
20241022;113926;110.86;190;11325453877;B
20241022;113926;110.88;20;11325453878;B
20241022;113926;110.9;200;11325453879;B
20241022;113926;110.94;20;11325453880;B
20241022;113926;110.94;60;11325453881;B
20241022;113926;110.96;990;11325453882;B
20241022;113926;110.98;2210;11325453883;B
20241022;113926;110.98;130;11325453884;B
20241022;113926;110.98;40;11325453920;S
20241022;113948;110.98;50;11325455925;S
20241022;113948;110.98;10;11325455926;S
20241022;114021;110.98;180;11325458729;B
20241022;114021;111.02;20;11325458730;B
20241022;114021;111.04;30;11325458731;B
20241022;114021;111.04;20;11325458732;B
20241022;114021;111.04;200;11325458733;B
20241022;114021;111.06;650;11325458734;B
20241022;114021;111.08;140;11325458735;B
20241022;114021;111.08;50;11325458736;B
20241022;114021;111.1;130;11325458737;B
20241022;114035;111.1;480;11325459865;S
20241022;114053;111.06;10;11325461459;B
20241022;114053;111.06;10;11325461460;B
20241022;114053;111.08;10;11325461461;B
20241022;114053;111.08;10;11325461462;B
20241022;114053;111.08;10;11325461463;B
20241022;114053;111.08;10;11325461464;B
20241022;114053;111.08;10;11325461465;B
20241022;114053;111.08;10;11325461466;B
20241022;114053;111.08;10;11325461467;B
20241022;114053;111.1;200;11325461468;B
20241022;114053;111.1;550;11325461469;B
20241022;114053;111.1;500;11325461470;B
20241022;114101;111.16;80;11325462053;S
20241022;114101;111.14;420;11325462054;S
20241022;114114;111.14;450;11325463115;S
20241022;114116;111.18;10;11325463246;B
20241022;114118;111.14;500;11325463532;S
20241022;114153;111.16;10;11325466935;S
20241022;114200;111.2;20;11325467558;B
20241022;114200;111.2;10;11325467559;B
20241022;114200;111.24;20;11325467560;B
20241022;114235;111.3;10;11325470551;B
20241022;114235;111.3;10;11325470552;B
20241022;114307;111.24;10;11325473523;S
20241022;114325;111.24;10;11325475059;B
20241022;114351;111.28;10;11325476961;B
20241022;114351;111.28;590;11325476962;B
20241022;114351;111.3;20;11325476963;B
20241022;114351;111.32;720;11325476964;B
20241022;114353;111.3;200;11325477118;B
20241022;114412;111.2;40;11325478494;S
20241022;114412;111.2;10;11325478509;S
20241022;114412;111.16;70;11325478510;S
20241022;114414;111.28;20;11325478748;B
20241022;114420;111.16;100;11325479333;S
20241022;114422;111.26;10;11325479506;B
20241022;114424;111.28;770;11325479601;S
20241022;114425;111.28;100;11325479678;S
20241022;114426;111.28;130;11325479767;S
20241022;114433;111.26;50;11325480528;B
20241022;114437;111.2;500;11325480894;S
20241022;114437;111.2;190;11325480899;B
20241022;114450;111.24;180;11325482128;S
20241022;114453;111.24;100;11325482370;S
20241022;114453;111.26;20;11325482382;B
20241022;114453;111.26;420;11325482383;B
20241022;114457;111.24;30;11325482686;S
20241022;114458;111.2;180;11325482734;S
20241022;114458;111.2;2000;11325482735;S
20241022;114458;111.2;60;11325482736;S
20241022;114458;111.2;90;11325482751;B
20241022;114510;111.2;50;11325483539;B
20241022;114518;111.18;110;11325484272;B
20241022;114518;111.18;90;11325484273;B
20241022;114525;111.14;200;11325484946;S
20241022;114525;111.14;10;11325484947;S
20241022;114525;111.12;110;11325484948;S
20241022;114525;111.1;100;11325484949;S
20241022;114525;111.1;110;11325484950;S
20241022;114525;111.08;80;11325484951;S
20241022;114525;111.06;150;11325484952;S
20241022;114525;111.04;200;11325484953;S
20241022;114525;111.02;60;11325484954;S
20241022;114525;111;20;11325484955;S
20241022;114525;111;100;11325484956;S
20241022;114525;111;130;11325484957;S
20241022;114525;110.96;70;11325484958;S
20241022;114552;111.02;100;11325487245;S
20241022;114631;111.04;250;11325490224;B
20241022;114635;111.04;50;11325490458;B
20241022;114704;111.12;150;11325492729;B
20241022;114712;111.06;230;11325493415;S
20241022;114712;111.06;130;11325493416;S
20241022;114712;111.04;10;11325493417;S
20241022;114712;111.04;280;11325493418;S
20241022;114712;111.04;230;11325493419;S
20241022;114712;111.04;760;11325493420;S
20241022;114712;111.04;350;11325493421;S
20241022;114725;111.14;50;11325494407;B
20241022;114725;111.14;450;11325494408;B
20241022;114730;111.14;100;11325494959;B
20241022;114731;111.14;10;11325495020;B
20241022;114741;111.1;15000;11325496064;B
20241022;114744;111.14;270;11325496299;B
20241022;114749;111.14;50;11325496694;B
20241022;114751;111.14;160;11325496833;B
20241022;114751;111.14;6960;11325496834;B
20241022;114751;111.14;700;11325496835;B
20241022;114751;111.14;10;11325496836;B
20241022;114751;111.2;20;11325496837;B
20241022;114803;111.14;20;11325497989;S
20241022;114803;111.12;10;11325497990;S
20241022;114803;111.12;200;11325497991;S
20241022;114803;111.12;60;11325497992;S
20241022;114811;111.2;10;11325498661;S
20241022;114811;111.14;200;11325498662;S
20241022;114818;111.12;1910;11325499146;B
20241022;114818;111.12;1060;11325499147;B
20241022;114818;111.12;30;11325499148;B
20241022;114825;111.06;10;11325499662;S
20241022;114825;111.06;50;11325499663;S
20241022;114825;111.06;1710;11325499664;S
20241022;114825;111.06;130;11325499665;S
20241022;114825;111.04;10;11325499666;S
20241022;114825;111.04;90;11325499667;S
20241022;114827;111.14;10;11325499834;B
20241022;114829;111.14;1000;11325499970;B
20241022;114831;111.12;10;11325500104;B
20241022;114831;111.14;1780;11325500105;B
20241022;114909;111.24;20;11325503420;B
20241022;114909;111.26;10;11325503421;B
20241022;114909;111.26;70;11325503422;B
20241022;114929;111.28;500;11325505054;B
20241022;114942;111.24;10;11325506293;S
20241022;114949;111.26;100;11325506874;B
20241022;114949;111.26;130;11325506875;B
20241022;114949;111.28;1770;11325506876;B
20241022;114949;111.28;730;11325506877;B
20241022;115000;111.28;10;11325507717;B
20241022;115000;111.28;70;11325507718;B
20241022;115002;111.28;30;11325507946;B
20241022;115002;111.28;120;11325507947;B
20241022;115003;111.3;10;11325507961;B
20241022;115005;111.3;10;11325508130;B
20241022;115005;111.3;10;11325508131;B
20241022;115005;111.3;380;11325508132;B
20241022;115006;111.2;10;11325508280;S
20241022;115006;111.18;10;11325508281;S
20241022;115006;111.18;30;11325508282;S
20241022;115006;111.18;140;11325508283;S
20241022;115006;111.16;20;11325508284;S
20241022;115006;111.16;120;11325508285;S
20241022;115006;111.16;380;11325508286;S
20241022;115006;111.16;420;11325508287;S
20241022;115006;111.14;1470;11325508288;S
20241022;115006;111.14;30;11325508289;S
20241022;115013;111.24;10;11325508699;B
20241022;115028;111.24;10;11325509617;B
20241022;115040;111.26;100;11325510439;B
20241022;115040;111.26;10;11325510440;B
20241022;115040;111.26;200;11325510441;B
20241022;115040;111.28;10;11325510442;B
20241022;115040;111.28;60;11325510443;B
20241022;115040;111.28;10;11325510444;B
20241022;115040;111.28;1610;11325510445;B
20241022;115052;111.24;30;11325511248;S
20241022;115052;111.28;20;11325511293;B
20241022;115054;111.28;20;11325511414;B
20241022;115103;111.28;10;11325512026;B
20241022;115106;111.24;10;11325512298;S
20241022;115111;111.28;50;11325512574;B
20241022;115111;111.28;10;11325512575;B
20241022;115122;111.28;250;11325513422;S
20241022;115133;111.3;10;11325514205;B
20241022;115133;111.3;10;11325514212;B
20241022;115144;111.3;10;11325514949;B
20241022;115157;111.28;50;11325516118;S
20241022;115157;111.28;10;11325516119;S
20241022;115221;111.3;10;11325518174;B
20241022;115224;111.26;20;11325518848;S
20241022;115224;111.24;30;11325518849;S
20241022;115240;111.26;1000;11325519865;S
20241022;115240;111.24;40;11325519866;S
20241022;115240;111.24;300;11325519867;S
20241022;115240;111.24;4110;11325519868;S
20241022;115240;111.24;730;11325519870;S
20241022;115254;111.24;160;11325520749;S
20241022;115254;111.24;110;11325520750;S
20241022;115254;111.24;30;11325520751;S
20241022;115254;111.22;110;11325520752;S
20241022;115254;111.22;100;11325520753;S
20241022;115254;111.14;50;11325520754;S
20241022;115254;111.14;1000;11325520755;S
20241022;115254;111.12;200;11325520756;S
20241022;115254;111.12;200;11325520757;S
20241022;115254;111.1;600;11325520758;S
20241022;115254;111.1;200;11325520759;S
20241022;115254;111.1;200;11325520760;S
20241022;115254;111.08;360;11325520761;S
20241022;115254;111.08;130;11325520762;S
20241022;115254;111.06;1100;11325520763;S
20241022;115307;111.1;50;11325521775;S
20241022;115307;111.08;110;11325521776;S
20241022;115307;111.06;40;11325521777;S
20241022;115325;111.2;10;11325523177;B
20241022;115354;111.2;100;11325525583;S
20241022;115406;111.2;10;11325526751;B
20241022;115427;111.2;30;11325528741;B
20241022;115451;111.2;50;11325530462;S
20241022;115508;111.22;10;11325531549;B
20241022;115509;111.22;10;11325531640;B
20241022;115520;111.22;30;11325532425;B
20241022;115520;111.24;10;11325532426;B
20241022;115520;111.24;30;11325532427;B
20241022;115527;111.24;290;11325532867;S
20241022;115528;111.2;20;11325532958;S
20241022;115528;111.2;160;11325532959;S
20241022;115528;111.2;140;11325532960;S
20241022;115528;111.2;10;11325532961;S
20241022;115528;111.2;40;11325532962;S
20241022;115528;111.2;60;11325532963;S
20241022;115528;111.2;40;11325532964;S
20241022;115528;111.2;100;11325532965;S
20241022;115542;111.2;1300;11325533994;B
20241022;115542;111.2;80;11325533995;B
20241022;115607;111.2;130;11325536392;B
20241022;115607;111.2;70;11325536393;B
20241022;115634;111.2;100;11325538835;B
20241022;115702;111.2;380;11325540785;B
20241022;115706;111.14;20;11325541019;S
20241022;115706;111.14;10;11325541020;S
20241022;115706;111.12;590;11325541021;S
20241022;115715;111.2;50;11325541902;B
20241022;115717;111.2;10;11325542057;B
20241022;115725;111.2;10;11325542517;B
20241022;115757;111.2;600;11325544526;B
20241022;115757;111.2;120;11325544527;B
20241022;115757;111.22;1280;11325544528;B
20241022;115807;111.22;10;11325545229;B
20241022;115841;111.22;150;11325547858;B
20241022;115957;111.22;10;11325552974;B
20241022;115959;111.24;500;11325553099;B
20241022;120000;111.24;10;11325553171;B
20241022;120001;111.2;50;11325553320;S
20241022;120004;111.2;190;11325553664;B
20241022;120004;111.22;260;11325553665;B
20241022;120004;111.22;200;11325553666;B
20241022;120004;111.22;190;11325553667;B
20241022;120004;111.22;130;11325553668;B
20241022;120004;111.24;30;11325553669;B
20241022;120022;111.22;10;11325555363;B
20241022;120025;111.12;60;11325555532;S
20241022;120028;111.22;10;11325555760;B
20241022;120041;111.22;10;11325556738;B
20241022;120058;111.2;280;11325558095;B
20241022;120058;111.2;180;11325558096;S
20241022;120058;111.2;130;11325558097;S
20241022;120108;111.2;400;11325558870;S
20241022;120137;111.24;200;11325560829;B
20241022;120147;111.24;70;11325561505;B
20241022;120148;111.24;20;11325561662;B
20241022;120150;111.24;100;11325561746;B
20241022;120154;111.2;60;11325562577;S
20241022;120154;111.2;60;11325562578;S
20241022;120226;111.24;500;11325565247;B
20241022;120229;111.2;8890;11325566386;S
20241022;120229;111.2;100;11325566387;S
20241022;120229;111.18;10;11325566390;S
20241022;120229;111.2;20;11325566407;B
20241022;120231;111.12;350;11325566851;S
20241022;120231;111.12;10;11325566852;S
20241022;120231;111.12;30;11325566853;S
20241022;120239;111.1;10;11325568009;S
20241022;120239;111.1;90;11325568010;S
20241022;120239;111.1;50;11325568011;S
20241022;120239;111.08;50;11325568012;S
20241022;120239;111.06;10;11325568016;S
20241022;120239;111.06;50;11325568017;S
20241022;120239;111.06;10;11325568018;S
20241022;120239;111.06;440;11325568019;S
20241022;120239;111.06;160;11325568020;S
20241022;120239;111.06;1320;11325568021;S
20241022;120239;111.04;1350;11325568022;S
20241022;120239;111.04;10;11325568023;S
20241022;120239;111.02;350;11325568026;S
20241022;120239;111.02;100;11325568027;S
20241022;120239;111.02;900;11325568028;S
20241022;120239;111.02;1000;11325568029;S
20241022;120239;111.02;20;11325568030;S
20241022;120239;111;50;11325568035;S
20241022;120239;111;40;11325568036;S
20241022;120239;111;10;11325568037;S
20241022;120239;111;100;11325568038;S
20241022;120239;111;10;11325568039;S
20241022;120239;111;90;11325568040;S
20241022;120239;111;180;11325568041;S
20241022;120239;111;100;11325568042;S
20241022;120239;111;20;11325568043;S
20241022;120239;111;100;11325568044;S
20241022;120239;111;100;11325568045;S
20241022;120239;111;10;11325568046;S
20241022;120239;111;100;11325568047;S
20241022;120239;111;1300;11325568048;S
20241022;120239;111;20;11325568049;S
20241022;120255;111.06;10;11325569626;B
20241022;120255;111.08;10;11325569632;B
20241022;120255;111.12;10;11325569658;B
20241022;120255;111.12;10;11325569659;B
20241022;120256;111.12;10;11325569680;B
20241022;120256;111.12;10;11325569685;B
20241022;120354;111.2;10;11325573823;B
20241022;120404;111.2;10;11325574810;B
20241022;120404;111.2;500;11325574815;B
20241022;120408;111.22;20;11325575427;B
20241022;120408;111.22;940;11325575428;B
20241022;120408;111.22;680;11325575434;B
20241022;120408;111.24;10;11325575445;B
20241022;120410;111.24;7150;11325575858;B
20241022;120410;111.24;10;11325575859;B
20241022;120410;111.24;10;11325575860;B
20241022;120410;111.26;10;11325575866;B
20241022;120410;111.28;10;11325575867;B
20241022;120410;111.28;50;11325575868;B
20241022;120411;111.3;160;11325575913;B
20241022;120411;111.3;10;11325575914;B
20241022;120411;111.3;160;11325575915;B
20241022;120411;111.3;90;11325575916;B
20241022;120411;111.3;200;11325575917;B
20241022;120411;111.32;10;11325575920;B
20241022;120411;111.32;30;11325575921;B
20241022;120411;111.32;2000;11325575922;B
20241022;120411;111.34;10;11325575933;B
20241022;120411;111.36;10;11325575934;B
20241022;120411;111.36;30;11325575935;B
20241022;120411;111.36;10;11325575936;B
20241022;120411;111.36;90;11325575937;B
20241022;120412;111.32;10;11325576153;S
20241022;120412;111.28;10;11325576154;S
20241022;120412;111.26;130;11325576155;S
20241022;120412;111.26;200;11325576156;S
20241022;120412;111.22;650;11325576157;S
20241022;120424;111.22;200;11325577307;S
20241022;120424;111.22;1800;11325577308;B
20241022;120502;111.34;10;11325580514;B
20241022;120502;111.34;20;11325580515;B
20241022;120502;111.36;10;11325580516;B
20241022;120502;111.36;200;11325580517;B
20241022;120502;111.36;90;11325580518;B
20241022;120502;111.38;100;11325580521;B
20241022;120502;111.38;10;11325580522;B
20241022;120502;111.38;30;11325580523;B
20241022;120502;111.4;10;11325580548;B
20241022;120502;111.4;100;11325580549;B
20241022;120502;111.4;10;11325580550;B
20241022;120502;111.4;20;11325580551;B
20241022;120502;111.4;10;11325580552;B
20241022;120502;111.4;1170;11325580553;B
20241022;120503;111.42;10;11325580604;B
20241022;120503;111.42;100;11325580605;B
20241022;120503;111.42;580;11325580606;B
20241022;120503;111.42;200;11325580607;B
20241022;120503;111.44;20;11325580608;B
20241022;120503;111.44;1000;11325580609;B
20241022;120503;111.44;10;11325580610;B
20241022;120503;111.44;2500;11325580611;B
20241022;120503;111.46;10;11325580612;B
20241022;120503;111.46;10;11325580613;B
20241022;120503;111.46;100;11325580614;B
20241022;120503;111.46;10;11325580615;B
20241022;120503;111.46;10;11325580616;B
20241022;120503;111.46;130;11325580617;B
20241022;120503;111.46;30;11325580618;B
20241022;120503;111.46;50;11325580619;B
20241022;120503;111.46;30;11325580620;B
20241022;120503;111.46;280;11325580621;B
20241022;120503;111.46;130;11325580622;B
20241022;120503;111.48;30;11325580623;B
20241022;120503;111.48;100;11325580624;B
20241022;120503;111.48;100;11325580625;B
20241022;120503;111.48;680;11325580626;B
20241022;120503;111.48;10;11325580627;B
20241022;120503;111.48;20;11325580628;B
20241022;120503;111.5;19850;11325580629;B
20241022;120505;111.5;3300;11325580832;B
20241022;120505;111.5;2420;11325580833;B
20241022;120505;111.5;140;11325580834;B
20241022;120505;111.5;10;11325580835;B
20241022;120505;111.5;1350;11325580836;B
20241022;120528;111.46;20;11325582507;B
20241022;120531;111.48;700;11325582806;B
20241022;120534;111.5;50;11325583012;B
20241022;120538;111.48;250;11325583284;B
20241022;120547;111.5;180;11325583876;B
20241022;120553;111.5;2110;11325584499;B
20241022;120556;111.5;50;11325584736;B
20241022;120557;111.5;80;11325584784;B
20241022;120559;111.5;250;11325584948;B
20241022;120559;111.5;60;11325584949;B
20241022;120603;111.5;60;11325585218;B
20241022;120603;111.5;40;11325585219;B
20241022;120603;111.5;2870;11325585254;B
20241022;120603;111.5;40;11325585255;B
20241022;120603;111.5;100;11325585256;B
20241022;120603;111.5;3000;11325585257;B
20241022;120603;111.5;20;11325585258;B
20241022;120603;111.5;200;11325585259;B
20241022;120603;111.5;10;11325585260;B
20241022;120603;111.5;250;11325585261;B
20241022;120603;111.5;250;11325585262;B
20241022;120609;111.5;10;11325585636;S
20241022;120610;111.52;10;11325585696;B
20241022;120610;111.52;190;11325585697;B
20241022;120612;111.54;260;11325585803;B
20241022;120612;111.54;640;11325585804;B
20241022;120613;111.54;50;11325585913;B
20241022;120620;111.54;200;11325586564;B
20241022;120622;111.54;210;11325586666;B
20241022;120622;111.54;30;11325586670;B
20241022;120628;111.54;10;11325587246;B
20241022;120629;111.54;140;11325587388;B
20241022;120629;111.54;210;11325587389;B
20241022;120634;111.54;60;11325587811;B
20241022;120634;111.54;70;11325587812;B
20241022;120634;111.54;80;11325587866;B
20241022;120634;111.54;300;11325587879;B
20241022;120634;111.54;10;11325587880;B
20241022;120634;111.52;10;11325587885;S
20241022;120634;111.52;90;11325587886;S
20241022;120635;111.52;110;11325587942;S
20241022;120635;111.52;10;11325587943;S
20241022;120640;111.58;30;11325588417;B
20241022;120644;111.58;70;11325588715;B
20241022;120644;111.58;20;11325588716;B
20241022;120644;111.58;10;11325588717;B
20241022;120644;111.58;10;11325588768;B
20241022;120647;111.58;80;11325588961;B
20241022;120648;111.58;240;11325588970;S
20241022;120648;111.58;30;11325588971;B
20241022;120651;111.58;80;11325589399;B
20241022;120651;111.58;150;11325589400;B
20241022;120652;111.58;10;11325589506;B
20241022;120652;111.58;20;11325589507;B
20241022;120656;111.58;40;11325589824;B
20241022;120656;111.58;60;11325589825;B
20241022;120656;111.58;10;11325589826;B
20241022;120658;111.58;360;11325590006;B
20241022;120700;111.6;10;11325590248;B
20241022;120700;111.6;30;11325590249;B
20241022;120702;111.6;170;11325590463;B
20241022;120702;111.6;10;11325590464;B
20241022;120702;111.6;250;11325590465;B
20241022;120702;111.6;1000;11325590466;B
20241022;120702;111.64;110;11325590467;B
20241022;120702;111.64;20;11325590468;B
20241022;120702;111.66;10;11325590469;B
20241022;120702;111.68;100;11325590470;B
20241022;120702;111.68;330;11325590471;B
20241022;120702;111.68;10;11325590478;B
20241022;120703;111.68;170;11325590538;B
20241022;120716;111.64;10;11325591668;B
20241022;120716;111.66;100;11325591669;B
20241022;120716;111.66;10;11325591670;B
20241022;120716;111.66;940;11325591671;B
20241022;120720;111.66;120;11325591968;B
20241022;120722;111.66;290;11325592139;B
20241022;120722;111.66;100;11325592140;B
20241022;120722;111.68;290;11325592141;B
20241022;120722;111.68;50;11325592142;B
20241022;120722;111.68;70;11325592143;B
20241022;120722;111.7;870;11325592144;B
20241022;120722;111.7;100;11325592145;B
20241022;120722;111.7;10;11325592146;B
20241022;120722;111.7;70;11325592147;B
20241022;120722;111.72;130;11325592148;B
20241022;120722;111.74;270;11325592149;B
20241022;120722;111.74;2550;11325592150;B
20241022;120723;111.74;2000;11325592228;B
20241022;120724;111.74;1250;11325592275;B
20241022;120724;111.76;750;11325592276;B
20241022;120725;111.76;10;11325592599;B
20241022;120726;111.76;10;11325592613;B
20241022;120726;111.76;10;11325592623;B
20241022;120726;111.76;10;11325592633;B
20241022;120726;111.76;10;11325592642;B
20241022;120726;111.76;10;11325592647;B
20241022;120726;111.76;10;11325592668;B
20241022;120727;111.78;50;11325592805;B
20241022;120727;111.78;450;11325592806;B
20241022;120727;111.78;10;11325592817;B
20241022;120727;111.78;10;11325592874;B
20241022;120728;111.78;10;11325592963;B
20241022;120728;111.78;10;11325592975;B
20241022;120729;111.78;10;11325593101;B
20241022;120730;111.78;10;11325593156;B
20241022;120731;111.76;10;11325593231;S
20241022;120731;111.68;10;11325593232;S
20241022;120731;111.78;10;11325593287;B
20241022;120732;111.76;10;11325593356;B
20241022;120733;111.76;50;11325593378;B
20241022;120733;111.76;10;11325593388;B
20241022;120733;111.76;20;11325593407;B
20241022;120734;111.76;10;11325593418;B
20241022;120734;111.78;10;11325593419;B
20241022;120734;111.78;10;11325593482;B
20241022;120735;111.78;30;11325593596;B
20241022;120736;111.78;30;11325593677;B
20241022;120736;111.78;30;11325593717;B
20241022;120736;111.78;10;11325593727;B
20241022;120736;111.78;20;11325593728;B
20241022;120736;111.78;30;11325593746;B
20241022;120737;111.78;10;11325593823;B
20241022;120738;111.78;10;11325593878;B
20241022;120738;111.78;50;11325593882;B
20241022;120738;111.78;500;11325593883;B
20241022;120738;111.78;450;11325593884;B
20241022;120738;111.78;600;11325593885;B
20241022;120738;111.8;250;11325593886;B
20241022;120738;111.8;20;11325593887;B
20241022;120738;111.8;980;11325593888;B
20241022;120738;111.82;20;11325593889;B
20241022;120738;111.82;130;11325593890;B
20241022;120739;111.84;10;11325593932;B
20241022;120739;111.84;10;11325593940;B
20241022;120739;111.84;10;11325593947;B
20241022;120740;111.84;10;11325593960;B
20241022;120740;111.84;10;11325594013;B
20241022;120740;111.84;10;11325594029;B
20241022;120740;111.84;10;11325594035;B
20241022;120740;111.84;10;11325594040;B
20241022;120740;111.84;10;11325594048;B
20241022;120741;111.84;10;11325594057;B
20241022;120742;111.84;1000;11325594286;B
20241022;120743;111.84;10;11325594365;B
20241022;120743;111.84;10;11325594376;B
20241022;120743;111.88;10;11325594384;B
20241022;120743;111.88;10;11325594395;B
20241022;120745;111.84;10;11325594577;S
20241022;120745;111.74;20;11325594578;S
20241022;120745;111.86;10;11325594584;B
20241022;120745;111.84;10;11325594604;S
20241022;120747;111.88;10;11325594728;B
20241022;120747;111.84;10;11325594730;S
20241022;120748;111.82;10;11325594806;B
20241022;120748;111.82;10;11325594863;S
20241022;120750;111.84;10;11325594936;B
20241022;120750;111.8;10;11325594939;S
20241022;120750;111.82;10;11325594952;B
20241022;120751;111.84;10;11325595011;B
20241022;120751;111.82;10;11325595131;B
20241022;120752;111.82;10;11325595172;B
20241022;120753;111.84;10;11325595238;B
20241022;120754;111.78;10;11325595305;S
20241022;120754;111.68;10;11325595306;S
20241022;120754;111.84;10;11325595311;B
20241022;120754;111.84;10;11325595342;B
20241022;120755;111.82;10;11325595399;S
20241022;120756;111.84;10;11325595613;B
20241022;120759;111.82;30;11325595937;B
20241022;120759;111.82;30;11325595971;B
20241022;120800;111.82;30;11325596000;B
20241022;120800;111.82;10;11325596007;B
20241022;120800;111.82;10;11325596008;B
20241022;120800;111.84;10;11325596009;B
20241022;120800;111.84;30;11325596029;B
20241022;120808;111.82;300;11325596718;B
20241022;120808;111.82;100;11325596719;B
20241022;120809;111.82;10;11325596749;S
20241022;120809;111.84;10;11325596754;B
20241022;120809;111.84;10;11325596767;B
20241022;120809;111.84;10;11325596777;B
20241022;120809;111.84;10;11325596782;B
20241022;120809;111.84;10;11325596784;B
20241022;120809;111.84;10;11325596792;B
20241022;120810;111.84;10;11325596892;B
20241022;120811;111.84;10;11325596904;B
20241022;120811;111.84;10;11325596916;B
20241022;120814;111.82;100;11325597198;S
20241022;120814;111.84;20;11325597265;B
20241022;120815;111.84;20;11325597280;B
20241022;120815;111.84;20;11325597310;B
20241022;120815;111.84;20;11325597323;B
20241022;120815;111.84;20;11325597351;B
20241022;120815;111.84;20;11325597364;B
20241022;120815;111.84;20;11325597371;B
20241022;120816;111.84;20;11325597407;B
20241022;120816;111.84;20;11325597420;B
20241022;120816;111.86;20;11325597445;B
20241022;120816;111.86;20;11325597474;B
20241022;120818;111.86;20;11325597588;B
20241022;120819;111.86;40;11325597640;B
20241022;120819;111.86;120;11325597641;B
20241022;120819;111.84;50;11325597674;S
20241022;120819;111.82;120;11325597675;S
20241022;120819;111.82;140;11325597676;S
20241022;120819;111.8;140;11325597677;S
20241022;120819;111.78;10;11325597678;S
20241022;120819;111.74;10;11325597679;S
20241022;120819;111.72;50;11325597680;S
20241022;120819;111.72;200;11325597681;S
20241022;120819;111.7;2160;11325597682;S
20241022;120819;111.68;500;11325597683;S
20241022;120819;111.68;130;11325597684;S
20241022;120819;111.66;110;11325597685;S
20241022;120819;111.64;1000;11325597686;S
20241022;120819;111.62;100;11325597687;S
20241022;120819;111.6;10;11325597688;S
20241022;120819;111.58;2430;11325597689;S
20241022;120819;111.54;2000;11325597690;S
20241022;120819;111.52;840;11325597691;S
20241022;120823;111.76;10;11325598097;B
20241022;120824;111.76;10;11325598107;B
20241022;120824;111.76;10;11325598119;B
20241022;120824;111.76;10;11325598153;B
20241022;120824;111.76;10;11325598154;B
20241022;120824;111.76;10;11325598166;B
20241022;120824;111.76;10;11325598174;B
20241022;120824;111.76;10;11325598198;B
20241022;120825;111.76;10;11325598219;B
20241022;120825;111.76;10;11325598248;B
20241022;120825;111.76;10;11325598255;B
20241022;120825;111.76;10;11325598262;B
20241022;120825;111.76;10;11325598278;B
20241022;120826;111.76;20;11325598321;B
20241022;120826;111.76;20;11325598330;B
20241022;120826;111.76;20;11325598357;B
20241022;120826;111.74;10;11325598408;B
20241022;120828;111.76;500;11325598535;B
20241022;120828;111.76;200;11325598536;B
20241022;120830;111.74;10;11325598641;B
20241022;120830;111.74;10;11325598648;B
20241022;120830;111.74;30;11325598681;B
20241022;120831;111.74;30;11325598695;B
20241022;120831;111.74;10;11325598705;B
20241022;120831;111.76;20;11325598706;B
20241022;120831;111.78;30;11325598725;B
20241022;120831;111.78;30;11325598729;B
20241022;120831;111.8;30;11325598737;B
20241022;120831;111.78;10;11325598742;B
20241022;120831;111.82;20;11325598743;B
20241022;120832;111.82;30;11325598753;B
20241022;120832;111.82;30;11325598758;B
20241022;120832;111.82;10;11325598780;B
20241022;120833;111.8;10;11325598817;S
20241022;120833;111.78;10;11325598818;S
20241022;120833;111.78;10;11325598866;B
20241022;120834;111.76;10;11325598944;B
20241022;120835;111.74;10;11325599030;S
20241022;120835;111.72;40;11325599031;S
20241022;120835;111.78;10;11325599035;B
20241022;120837;111.78;10;11325599158;B
20241022;120840;111.78;10;11325599386;B
20241022;120841;111.78;10;11325599487;B
20241022;120843;111.74;10;11325599666;S
20241022;120843;111.72;10;11325599667;S
20241022;120857;111.76;30;11325600754;B
20241022;120857;111.76;20;11325600763;B
20241022;120857;111.78;10;11325600764;B
20241022;120857;111.78;30;11325600782;B
20241022;120858;111.76;20;11325600839;B
20241022;120858;111.78;10;11325600840;B
20241022;120906;111.78;10;11325601408;B
20241022;120908;111.78;30;11325601511;B
20241022;120908;111.78;30;11325601523;B
20241022;120908;111.74;10;11325601534;S
20241022;120909;111.78;30;11325601540;B
20241022;120909;111.78;30;11325601553;B
20241022;120910;111.78;10;11325601669;B
20241022;120926;111.78;10;11325602868;B
20241022;120926;111.78;100;11325602869;B
20241022;120926;111.78;100;11325602870;B
20241022;120926;111.78;50;11325602871;B
20241022;120926;111.8;100;11325602872;B
20241022;120926;111.8;310;11325602873;B
20241022;120926;111.8;40;11325602874;B
20241022;120933;111.8;50;11325603426;S
20241022;120935;111.8;250;11325603549;S
20241022;120935;111.8;250;11325603627;S
20241022;120935;111.8;240;11325603628;S
20241022;120937;111.8;10;11325603756;B
20241022;120938;111.82;10;11325603828;B
20241022;120954;111.76;10;11325604993;S
20241022;120955;111.74;10;11325605072;S
20241022;120955;111.74;10;11325605106;S
20241022;120958;111.76;10;11325605335;B
20241022;120959;111.76;30;11325605387;B
20241022;121000;111.78;10;11325605454;B
20241022;121005;111.8;10;11325605980;B
20241022;121006;111.78;10;11325606010;S
20241022;121007;111.8;10;11325606101;B
20241022;121007;111.8;10;11325606134;B
20241022;121033;111.76;10;11325608212;S
20241022;121033;111.74;10;11325608213;S
20241022;121033;111.74;60;11325608214;S
20241022;121034;111.74;40;11325608287;S
20241022;121034;111.72;40;11325608288;S
20241022;121036;111.8;10;11325608526;B
20241022;121041;111.74;10;11325608876;S
20241022;121041;111.72;80;11325608877;S
20241022;121041;111.7;500;11325608878;S
20241022;121041;111.7;80;11325608879;S
20241022;121041;111.66;150;11325608880;S
20241022;121041;111.64;200;11325608881;S
20241022;121041;111.6;980;11325608882;B
20241022;121042;111.62;200;11325608989;S
20241022;121042;111.6;2160;11325608990;S
20241022;121042;111.58;1060;11325608991;S
20241022;121042;111.58;200;11325608992;S
20241022;121042;111.56;20;11325608993;S
20241022;121042;111.56;500;11325608994;S
20241022;121042;111.5;410;11325608995;S
20241022;121046;111.64;10;11325609270;B
20241022;121046;111.64;10;11325609297;B
20241022;121046;111.72;10;11325609303;B
20241022;121047;111.72;10;11325609310;B
20241022;121047;111.7;10;11325609350;B
20241022;121047;111.68;10;11325609422;S
20241022;121048;111.68;10;11325609477;S
20241022;121048;111.72;10;11325609517;B
20241022;121051;111.54;610;11325609693;S
20241022;121051;111.54;20;11325609694;S
20241022;121051;111.5;3300;11325609695;S
20241022;121051;111.48;200;11325609696;S
20241022;121051;111.42;20;11325609697;S
20241022;121051;111.4;250;11325609698;S
20241022;121051;111.4;20;11325609699;S
20241022;121051;111.4;130;11325609700;S
20241022;121051;111.4;1210;11325609701;S
20241022;121051;111.38;1930;11325609702;S
20241022;121055;111.38;100;11325610043;S
20241022;121100;111.5;10;11325610443;B
20241022;121226;111.54;10;11325622545;B
20241022;121300;111.48;50;11325625401;S
20241022;121318;111.48;250;11325626782;S
20241022;121321;111.46;50;11325627032;S
20241022;121356;111.44;10;11325629470;S
20241022;121443;111.44;40;11325632704;S
20241022;121443;111.44;350;11325632705;S
20241022;121443;111.4;90;11325632706;S
20241022;121443;111.4;90;11325632707;S
20241022;121443;111.38;90;11325632708;S
20241022;121443;111.36;20;11325632709;S
20241022;121443;111.36;1390;11325632710;S
20241022;121443;111.34;100;11325632711;S
20241022;121443;111.34;80;11325632712;S
20241022;121444;111.4;20;11325632764;B
20241022;121457;111.42;600;11325633494;B
20241022;121457;111.42;140;11325633495;B
20241022;121457;111.42;1900;11325633496;S
20241022;121535;111.42;20;11325635787;S
20241022;121535;111.42;20;11325635788;S
20241022;121535;111.42;20;11325635789;S
20241022;121535;111.42;1030;11325635790;B
20241022;121538;111.4;20;11325635964;B
20241022;121626;111.42;2310;11325640082;B
20241022;121631;111.42;10;11325640818;B
20241022;121631;111.42;1590;11325640821;B
20241022;121644;111.48;200;11325641873;B
20241022;121652;111.48;200;11325642496;B
20241022;121656;111.48;300;11325642797;B
20241022;121711;111.46;160;11325643756;B
20241022;121723;111.46;990;11325644901;B
20241022;121730;111.48;300;11325645534;B
20241022;121744;111.58;50;11325646676;B
20241022;121750;111.6;20;11325647270;B
20241022;121750;111.64;300;11325647271;B
20241022;121800;111.64;10;11325648350;S
20241022;121802;111.68;500;11325648465;B
20241022;121904;111.72;10;11325655561;B
20241022;121904;111.72;20;11325655562;B
20241022;121911;111.72;30;11325656249;B
20241022;121914;111.72;170;11325656565;S
20241022;121914;111.72;80;11325656566;S
20241022;121914;111.68;80;11325656567;S
20241022;121914;111.66;80;11325656568;S
20241022;121914;111.62;200;11325656569;S
20241022;121914;111.6;10;11325656570;S
20241022;121914;111.58;100;11325656571;S
20241022;121914;111.58;500;11325656572;S
20241022;121914;111.58;5250;11325656573;B
20241022;121928;111.58;70;11325658158;S
20241022;121948;111.68;10;11325660285;B
20241022;121953;111.72;900;11325661348;B
20241022;121953;111.74;10;11325661376;B
20241022;121958;111.76;10;11325662629;B
20241022;121958;111.76;250;11325662630;B
20241022;122001;111.8;10;11325663302;B
20241022;122001;111.76;130;11325663303;S
20241022;122001;111.74;870;11325663338;B
20241022;122001;111.78;10;11325663339;B
20241022;122008;111.78;490;11325664627;B
20241022;122009;111.8;90;11325664887;B
20241022;122013;111.8;10;11325665621;B
20241022;122013;111.8;170;11325665622;B
20241022;122013;111.8;20;11325665623;B
20241022;122013;111.8;20;11325665624;B
20241022;122013;111.82;50;11325665625;B
20241022;122014;111.82;100;11325665786;B
20241022;122014;111.82;190;11325665787;B
20241022;122014;111.82;810;11325665788;B
20241022;122014;111.82;50;11325665789;B
20241022;122014;111.84;20;11325665790;B
20241022;122016;111.84;10;11325666450;S
20241022;122016;111.86;250;11325666501;B
20241022;122016;111.88;20;11325666502;B
20241022;122016;111.88;10;11325666541;B
20241022;122017;111.86;1910;11325666927;B
20241022;122022;111.8;70;11325668874;S
20241022;122027;111.88;10;11325670294;B
20241022;122028;111.88;210;11325670654;B
20241022;122028;111.88;50;11325670655;B
20241022;122028;111.88;300;11325670656;B
20241022;122028;111.9;20;11325670657;B
20241022;122028;111.9;20;11325670658;B
20241022;122028;111.9;50;11325670659;B
20241022;122031;111.94;10;11325671435;B
20241022;122031;111.94;200;11325671436;B
20241022;122031;111.94;10;11325671437;B
20241022;122032;111.94;240;11325671631;B
20241022;122032;111.94;160;11325671632;B
20241022;122032;111.94;120;11325671633;B
20241022;122035;111.9;1000;11325672342;S
20241022;122041;111.94;20;11325674087;B
20241022;122043;111.9;350;11325674792;S
20241022;122044;111.88;10;11325674923;S
20241022;122046;111.9;90;11325675557;B
20241022;122046;111.9;100;11325675611;S
20241022;122053;111.88;10;11325677628;S
20241022;122053;111.9;200;11325677761;B
20241022;122053;111.9;400;11325677776;S
20241022;122053;111.92;110;11325677828;B
20241022;122053;111.94;1080;11325677829;B
20241022;122053;111.94;190;11325677830;B
20241022;122053;111.96;1230;11325677831;B
20241022;122100;111.92;1000;11325679970;S
20241022;122104;111.9;10;11325681159;S
20241022;122104;111.84;10;11325681226;S
20241022;122143;111.84;140;11325686648;S
20241022;122143;111.84;60;11325686649;S
20241022;122200;111.88;10;11325688962;B
20241022;122200;111.88;90;11325688963;B
20241022;122203;111.88;480;11325689741;B
20241022;122203;111.88;1640;11325689762;B
20241022;122204;111.88;2100;11325689912;B
20241022;122204;111.88;110;11325689914;B
20241022;122204;111.88;230;11325689915;S
20241022;122206;111.86;200;11325690367;S
20241022;122208;111.88;240;11325690838;B
20241022;122210;111.86;200;11325691109;S
20241022;122214;111.86;200;11325691437;S
20241022;122216;111.86;200;11325691658;S
20241022;122219;111.86;200;11325691888;S
20241022;122222;111.88;1130;11325692445;B
20241022;122224;111.88;50;11325692851;B
20241022;122225;111.84;30;11325693173;S
20241022;122227;111.84;60;11325693429;S
20241022;122227;111.84;200;11325693430;S
20241022;122227;111.82;180;11325693431;S
20241022;122228;111.86;200;11325693658;S
20241022;122230;111.86;200;11325693993;S
20241022;122232;111.88;700;11325694245;B
20241022;122237;111.84;440;11325695033;S
20241022;122239;111.88;100;11325695304;B
20241022;122304;111.88;100;11325704538;B
20241022;122323;111.8;80;11325708452;S
20241022;122323;111.8;2000;11325708453;S
20241022;122323;111.8;100;11325708454;S
20241022;122323;111.76;200;11325708593;S
20241022;122359;111.74;10;11325713548;B
20241022;122359;111.74;20;11325713549;B
20241022;122359;111.76;10;11325713550;B
20241022;122359;111.76;10;11325713551;B
20241022;122359;111.76;20;11325713552;B
20241022;122359;111.76;30;11325713553;B
20241022;122407;111.76;10;11325714944;B
20241022;122420;111.8;100;11325716514;B
20241022;122430;111.74;10;11325718033;S
20241022;122430;111.72;400;11325718112;S
20241022;122431;111.72;420;11325718248;S
20241022;122432;111.7;500;11325718760;S
20241022;122432;111.68;140;11325718774;S
20241022;122438;111.64;50;11325719920;S
20241022;122438;111.62;10;11325719921;S
