<DATE>;<TIME>;<LAST>;<VOL>;<ID>;<OPER>
20240427;095955;0.02352;40000;10217733183;S
20240427;095955;0.02352;10000;10217733184;B
20240427;095955;0.02352;10000;10217733185;B
20240427;095955;0.02352;40000;10217733186;B
20240427;095955;0.02352;60000;10217733187;B
20240427;095955;0.02352;100000;10217733188;S
20240427;095955;0.02352;10000;10217733189;S
20240427;095955;0.02352;800000;10217733190;S
20240427;095955;0.02352;30000;10217733191;S
20240427;095955;0.02352;40000;10217733192;S
20240427;095955;0.02352;1000000;10217733193;S
20240427;095955;0.02352;20000;10217733194;S
20240427;095955;0.02352;900000;10217733195;S
20240427;095955;0.02352;10000;10217733196;S
20240427;095955;0.02352;350000;10217733197;B
20240427;095955;0.02352;10000;10217733198;B
20240427;095955;0.02352;20000;10217733199;B
20240427;095955;0.02352;50000;10217733200;B
20240427;095955;0.02352;30000;10217733201;S
20240427;095955;0.02352;10000;10217733202;S
20240427;095955;0.02352;640000;10217733203;S
20240427;095955;0.02352;200000;10217733204;S
20240427;095955;0.02352;10000;10217733205;S
20240427;095955;0.02352;600000;10217733206;S
20240427;095955;0.02352;50000;10217733207;S
20240427;095955;0.02352;10000;10217733208;S
20240427;095955;0.02352;10000;10217733209;S
20240427;095955;0.02352;17240000;10217733210;S
20240427;095955;0.02352;2180000;10217733211;S
20240427;095955;0.02352;20000;10217733212;B
20240427;095955;0.02352;50000;10217733213;B
20240427;095955;0.02352;50000;10217733214;B
20240427;095955;0.02352;40000;10217733215;S
20240427;095955;0.02352;500000;10217733216;B
20240427;095955;0.02352;180000;10217733217;B
20240427;095955;0.02352;210000;10217733218;B
20240427;095955;0.02352;40000;10217733219;B
20240427;095955;0.02352;20000;10217733220;B
20240427;095955;0.02352;310000;10217733221;B
20240427;095955;0.02352;350000;10217733222;B
20240427;095955;0.02352;1500000;10217733223;B
20240427;095955;0.02352;10000;10217733224;S
20240427;095955;0.02352;10000;10217733225;B
20240427;095955;0.02352;2290000;10217733226;B
20240427;095955;0.02352;10000;10217733227;B
20240427;095955;0.02352;10000;10217733228;S
20240427;095955;0.02352;10000;10217733229;B
20240427;095955;0.02352;4000000;10217733230;B
20240427;095955;0.02352;10000;10217733231;S
20240427;095955;0.02352;10000;10217733232;S
20240427;095955;0.02352;10000;10217733233;S
20240427;095955;0.02352;10000;10217733234;S
20240427;095955;0.02352;10000;10217733235;S
20240427;095955;0.02352;50000;10217733236;S
20240427;095955;0.02352;100000;10217733237;S
20240427;095955;0.02352;20000;10217733238;S
20240427;095955;0.02352;20000;10217733239;S
20240427;095955;0.02352;10000;10217733240;S
20240427;095955;0.02352;10000;10217733241;S
20240427;095955;0.02352;40000;10217733242;S
20240427;095955;0.02352;10000;10217733243;S
20240427;095955;0.02352;10000;10217733244;S
20240427;095955;0.02352;10000;10217733245;S
20240427;095955;0.02352;10000;10217733246;S
20240427;095955;0.02352;20000;10217733247;S
20240427;095955;0.02352;10000;10217733248;S
20240427;095955;0.02352;10000;10217733249;S
20240427;095955;0.02352;10000;10217733250;S
20240427;095955;0.02352;30000;10217733251;S
20240427;095955;0.02352;40000;10217733252;S
20240427;095955;0.02352;10000;10217733253;S
20240427;095955;0.02352;80000;10217733254;S
20240427;095955;0.02352;10000;10217733255;S
20240427;095955;0.02352;10000;10217733256;S
20240427;095955;0.02352;10000;10217733257;S
20240427;095955;0.02352;10000;10217733258;S
20240427;095955;0.02352;10000;10217733259;S
20240427;095955;0.02352;10000;10217733260;S
20240427;095955;0.02352;400000;10217733261;S
20240427;095955;0.02352;10000;10217733262;S
20240427;095955;0.02352;20000;10217733263;S
20240427;095955;0.02352;10000;10217733264;S
20240427;095955;0.02352;80000;10217733265;S
20240427;095955;0.02352;10000;10217733266;S
20240427;095955;0.02352;10000;10217733267;S
20240427;095955;0.02352;60000;10217733268;S
20240427;095955;0.02352;20000;10217733269;S
20240427;095955;0.02352;20000;10217733270;S
20240427;095955;0.02352;560000;10217733271;S
20240427;095955;0.02352;600000;10217733272;S
20240427;095955;0.02352;100000;10217733273;S
20240427;095955;0.02352;50000;10217733274;S
20240427;095955;0.02352;100000;10217733275;B
20240427;095955;0.02352;20000;10217733276;B
20240427;095955;0.02352;10000;10217733277;B
20240427;095955;0.02352;30000;10217733278;B
20240427;095955;0.02352;550000;10217733279;B
20240427;100000;0.02352;6060000;10217733992;B
20240427;100000;0.02352;200000;10217734007;B
20240427;100001;0.023515;20000;10217734390;S
20240427;100001;0.02351;20000;10217734391;S
20240427;100001;0.02351;20000;10217734392;S
20240427;100001;0.02351;10000;10217734393;S
20240427;100001;0.02351;50000;10217734394;S
20240427;100001;0.02351;30000;10217734395;S
20240427;100001;0.02351;30000;10217734396;S
20240427;100001;0.02351;120000;10217734397;S
20240427;100001;0.02351;20000;10217734398;S
20240427;100001;0.02351;10000;10217734399;S
20240427;100001;0.02351;10000;10217734400;S
20240427;100001;0.02351;500000;10217734401;S
20240427;100001;0.02351;640000;10217734402;S
20240427;100004;0.02351;50000;10217735707;S
20240427;100004;0.02351;40000;10217735710;S
20240427;100004;0.02352;10000;10217735713;B
20240427;100004;0.02352;10000;10217735714;B
20240427;100004;0.02352;10000;10217735718;B
20240427;100004;0.02351;40000;10217735722;S
20240427;100004;0.02352;10000;10217735724;B
20240427;100004;0.02352;70000;10217735725;B
20240427;100004;0.02352;50000;10217735727;B
20240427;100004;0.02352;4200000;10217735756;B
20240427;100004;0.023525;30000;10217735886;B
20240427;100004;0.023525;10000;10217735887;B
20240427;100004;0.023525;10000;10217735888;B
20240427;100004;0.02352;10000;10217735890;S
20240427;100004;0.023525;90000;10217735896;B
20240427;100004;0.023525;30000;10217735899;B
20240427;100004;0.023525;10000;10217735901;B
20240427;100004;0.02352;10000;10217735902;S
20240427;100004;0.023525;10000;10217735903;B
20240427;100004;0.023525;10000;10217735905;B
20240427;100004;0.02352;30000;10217735997;S
20240427;100004;0.023525;10000;10217736000;B
20240427;100004;0.023525;10000;10217736001;B
20240427;100004;0.023525;100000;10217736003;B
20240427;100004;0.023525;10000;10217736004;B
20240427;100004;0.02352;50000;10217736011;S
20240427;100004;0.023525;20000;10217736024;B
20240427;100004;0.02352;10000;10217736027;S
20240427;100004;0.023525;10000;10217736348;B
20240427;100004;0.023525;30000;10217736351;B
20240427;100004;0.023525;10000;10217736356;B
20240427;100005;0.02352;10000;10217736360;S
20240427;100005;0.023525;10000;10217736361;B
20240427;100005;0.02352;200000;10217736363;S
20240427;100005;0.023525;10000;10217736373;B
20240427;100005;0.02352;20000;10217736493;S
20240427;100005;0.02352;10000;10217736494;S
20240427;100005;0.023525;20000;10217736499;B
20240427;100005;0.023525;10000;10217736500;B
20240427;100005;0.023525;10000;10217736503;B
20240427;100005;0.023525;10000;10217736505;B
20240427;100005;0.02352;70000;10217736506;S
20240427;100005;0.02352;190000;10217736507;S
20240427;100005;0.023525;10000;10217736508;B
20240427;100005;0.023525;10000;10217736509;B
20240427;100005;0.023525;10000;10217736511;B
20240427;100005;0.023525;10000;10217736512;B
20240427;100005;0.023525;10000;10217736514;B
20240427;100005;0.023525;10000;10217736517;B
20240427;100005;0.023525;10000;10217736520;B
20240427;100005;0.023525;10000;10217736523;B
20240427;100005;0.023525;10000;10217736524;B
20240427;100005;0.02352;20000;10217736525;S
20240427;100005;0.02352;20000;10217736526;S
20240427;100005;0.023525;10000;10217736528;B
20240427;100005;0.023525;10000;10217736529;B
20240427;100005;0.023525;10000;10217736894;B
20240427;100005;0.023525;270000;10217736895;B
20240427;100005;0.02352;100000;10217736900;S
20240427;100005;0.023525;10000;10217736903;B
20240427;100005;0.023525;10000;10217736907;B
20240427;100005;0.023525;10000;10217736925;B
20240427;100005;0.023525;60000;10217736926;B
20240427;100005;0.023525;10000;10217736927;B
20240427;100005;0.023525;10000;10217736928;B
20240427;100005;0.02352;10000;10217737133;S
20240427;100005;0.023525;10000;10217737134;B
20240427;100005;0.023525;10000;10217737304;B
20240427;100005;0.023525;10000;10217737305;B
20240427;100005;0.023525;10000;10217737306;B
20240427;100005;0.023525;10000;10217737307;B
20240427;100005;0.023525;10000;10217737308;B
20240427;100005;0.02352;20000;10217737309;S
20240427;100005;0.023525;10000;10217737310;B
20240427;100005;0.023525;10000;10217737311;B
20240427;100005;0.023525;10000;10217737312;B
20240427;100005;0.02352;10000;10217737313;S
20240427;100005;0.023525;10000;10217737314;B
20240427;100005;0.023525;10000;10217737315;B
20240427;100006;0.023525;10000;10217737902;B
20240427;100006;0.023525;10000;10217737903;B
20240427;100006;0.02352;140000;10217737904;S
20240427;100006;0.023525;10000;10217737906;B
20240427;100006;0.023525;10000;10217737908;B
20240427;100006;0.023525;10000;10217737909;B
20240427;100006;0.023525;10000;10217737910;B
20240427;100006;0.02352;520000;10217737912;S
20240427;100006;0.02352;10000;10217737913;S
20240427;100006;0.02352;10000;10217737915;S
20240427;100006;0.023525;10000;10217737916;B
20240427;100006;0.023525;10000;10217737917;B
20240427;100006;0.02352;10000;10217737920;S
20240427;100006;0.023525;10000;10217738074;B
20240427;100006;0.02352;60000;10217738079;S
20240427;100006;0.02352;20000;10217738082;S
20240427;100006;0.023525;10000;10217738086;B
20240427;100006;0.023525;1020000;10217738090;B
20240427;100006;0.023525;10000;10217738093;B
20240427;100006;0.02352;10000;10217738105;S
20240427;100006;0.023525;10000;10217738115;B
20240427;100006;0.023525;10000;10217738118;B
20240427;100006;0.023525;20000;10217738120;B
20240427;100006;0.023525;10000;10217738122;B
20240427;100006;0.023525;50000;10217738123;B
20240427;100006;0.023525;10000;10217738125;B
20240427;100006;0.023525;10000;10217738127;B
20240427;100006;0.023525;10000;10217738128;B
20240427;100006;0.023525;10000;10217738129;B
20240427;100006;0.023525;10000;10217738131;B
20240427;100006;0.023525;10000;10217738134;B
20240427;100006;0.02352;50000;10217738141;S
20240427;100006;0.023525;80000;10217738145;B
20240427;100006;0.023525;2000000;10217738159;B
20240427;100006;0.023525;10000;10217738346;B
20240427;100006;0.023525;10000;10217738348;B
20240427;100006;0.023525;10000;10217738353;B
20240427;100006;0.02352;30000;10217738355;S
20240427;100006;0.02352;30000;10217738361;S
20240427;100006;0.02352;30000;10217738365;S
20240427;100006;0.02352;30000;10217738370;S
20240427;100006;0.02352;30000;10217738374;S
20240427;100006;0.02352;30000;10217738377;S
20240427;100006;0.023525;10000;10217738380;B
20240427;100006;0.023525;100000;10217738387;B
20240427;100006;0.023525;50000;10217738542;B
20240427;100006;0.02352;10000;10217738544;S
20240427;100006;0.023525;10000;10217738549;B
20240427;100006;0.023525;10000;10217738552;B
20240427;100006;0.023525;10000;10217738554;B
20240427;100006;0.02352;10000;10217738557;S
20240427;100006;0.023525;20000;10217738559;B
20240427;100007;0.023525;50000;10217738577;B
20240427;100007;0.02352;530000;10217739023;S
20240427;100007;0.023525;10000;10217739024;B
20240427;100007;0.023525;10000;10217739025;B
20240427;100007;0.02352;10000;10217739026;S
20240427;100007;0.02352;10000;10217739028;S
20240427;100007;0.023525;10000;10217739029;B
20240427;100007;0.023525;10000;10217739031;B
20240427;100007;0.02352;10000;10217739032;S
20240427;100007;0.023525;10000;10217739033;B
20240427;100007;0.023525;10000;10217739034;B
20240427;100007;0.023525;10000;10217739035;B
20240427;100007;0.023525;10000;10217739037;B
20240427;100007;0.023525;10000;10217739284;B
20240427;100007;0.02352;30000;10217739293;S
20240427;100007;0.02352;50000;10217739298;S
20240427;100007;0.023525;10000;10217739303;B
20240427;100007;0.023525;10000;10217739305;B
20240427;100007;0.02352;10000;10217739309;S
20240427;100007;0.023525;40000;10217739314;B
20240427;100007;0.023525;10000;10217739319;B
20240427;100007;0.023525;10000;10217739396;B
20240427;100007;0.023525;10000;10217739398;B
20240427;100007;0.023525;10000;10217739402;B
20240427;100007;0.023525;10000;10217739404;B
20240427;100007;0.023525;10000;10217739405;B
20240427;100007;0.023525;10000;10217739408;B
20240427;100007;0.023525;10000;10217739411;B
20240427;100007;0.023525;120000;10217739414;B
20240427;100007;0.023525;10000;10217739415;B
20240427;100007;0.023525;10000;10217739473;B
20240427;100007;0.023525;10000;10217739477;B
20240427;100007;0.02352;10000;10217739481;S
20240427;100007;0.023525;10000;10217739482;B
20240427;100007;0.02352;10000;10217739484;S
20240427;100007;0.023525;10000;10217739489;B
20240427;100008;0.023525;10000;10217739748;B
20240427;100008;0.02352;10000;10217739787;S
20240427;100008;0.023525;10000;10217739790;B
20240427;100008;0.023525;50000;10217739793;B
20240427;100008;0.023525;10000;10217739797;B
20240427;100008;0.02352;10000;10217739801;S
20240427;100008;0.023525;10000;10217739802;B
20240427;100008;0.023525;10000;10217739804;B
20240427;100008;0.023525;30000;10217739809;B
20240427;100008;0.02352;20000;10217739810;S
20240427;100008;0.023525;40000;10217739813;B
20240427;100008;0.023525;40000;10217739815;B
20240427;100008;0.023525;10000;10217739966;B
20240427;100008;0.023525;10000;10217739968;B
20240427;100008;0.023525;10000;10217739971;B
20240427;100008;0.023525;10000;10217739973;B
20240427;100008;0.02352;10000;10217739974;S
20240427;100008;0.023525;10000;10217739976;B
20240427;100008;0.023525;10000;10217740123;B
20240427;100008;0.023525;80000;10217740125;B
20240427;100008;0.02352;10000;10217740126;S
20240427;100008;0.023525;10000;10217740127;B
20240427;100008;0.023525;10000;10217740128;B
20240427;100008;0.023525;10000;10217740129;B
20240427;100008;0.023525;20000;10217740130;B
20240427;100008;0.023525;10000;10217740131;B
20240427;100010;0.023525;1560000;10217740480;B
20240427;100010;0.02352;10000;10217740564;S
20240427;100010;0.023525;110000;10217740646;B
20240427;100010;0.023525;20000;10217740758;B
20240427;100010;0.023525;100000;10217740839;B
20240427;100011;0.023525;20000;10217740906;B
20240427;100013;0.02352;10000;10217741251;S
20240427;100016;0.023525;4120000;10217741770;B
20240427;100017;0.02353;20000;10217741827;B
20240427;100019;0.02353;10000;10217742055;B
20240427;100019;0.02353;30000;10217742056;B
20240427;100019;0.02353;10000;10217742057;B
20240427;100019;0.02353;50000;10217742058;B
20240427;100019;0.02353;10000;10217742059;B
20240427;100019;0.02353;10000;10217742060;B
20240427;100019;0.02353;10000;10217742061;B
20240427;100019;0.02353;10000;10217742062;B
20240427;100019;0.02353;170000;10217742063;B
20240427;100019;0.02353;30000;10217742064;B
20240427;100019;0.02353;20000;10217742065;B
20240427;100019;0.02353;30000;10217742066;B
20240427;100019;0.02353;10000;10217742067;B
20240427;100019;0.02353;10000;10217742068;B
20240427;100019;0.02353;20000;10217742069;B
20240427;100019;0.02353;50000;10217742070;B
20240427;100019;0.02353;11470000;10217742071;B
20240427;100024;0.023535;50000;10217742816;B
20240427;100024;0.023535;50000;10217742817;B
20240427;100025;0.02353;20000;10217742929;S
20240427;100026;0.023535;100000;10217743015;B
20240427;100028;0.023535;11320000;10217743420;B
20240427;100030;0.023535;200000;10217743773;S
20240427;100030;0.023535;3450000;10217743774;S
20240427;100030;0.023535;100000;10217743775;S
20240427;100030;0.023535;2250000;10217743776;S
20240427;100031;0.023535;2000000;10217744107;S
20240427;100033;0.023535;20000;10217744651;S
20240427;100034;0.023535;10000;10217745087;S
20240427;100035;0.023535;260000;10217745159;S
20240427;100035;0.02354;10000;10217745165;B
20240427;100035;0.02354;1990000;10217745171;B
20240427;100035;0.02354;800000;10217745172;B
20240427;100036;0.023535;90000;10217745413;S
20240427;100036;0.023535;1000000;10217745415;S
20240427;100037;0.023535;1140000;10217745583;S
20240427;100037;0.023535;1000000;10217745584;S
20240427;100038;0.023535;4810000;10217745595;B
20240427;100038;0.023535;6000000;10217745596;B
20240427;100038;0.02354;1200000;10217745597;B
20240427;100038;0.02354;7350000;10217745598;B
20240427;100038;0.02353;1000000;10217745763;S
20240427;100038;0.02353;1830000;10217745764;S
20240427;100039;0.02354;4120000;10217745912;B
20240427;100039;0.02354;5880000;10217745913;B
20240427;100039;0.02354;20000;10217745950;B
20240427;100039;0.02354;10000;10217745960;B
20240427;100040;0.02353;2000000;10217746064;S
20240427;100041;0.02353;10000;10217746132;S
20240427;100041;0.02354;50000;10217746256;B
20240427;100045;0.02354;3000000;10217746685;B
20240427;100049;0.023545;10000;10217747338;B
20240427;100049;0.023545;140000;10217747339;B
20240427;100049;0.023545;860000;10217747429;B
20240427;100049;0.023545;140000;10217747430;B
20240427;100052;0.023545;10000;10217747921;B
20240427;100053;0.023545;100000;10217748064;B
20240427;100054;0.023545;1000000;10217748251;B
20240427;100055;0.02354;10000;10217748406;S
20240427;100056;0.02355;400000;10217748584;B
20240427;100057;0.02355;10000;10217748654;B
20240427;100057;0.02355;20000;10217748669;B
20240427;100058;0.02355;210000;10217748762;B
20240427;100059;0.02354;30000;10217748874;S
20240427;100100;0.02355;20000;10217749092;B
20240427;100100;0.02355;10000;10217749153;B
20240427;100100;0.02354;10000;10217749220;S
20240427;100101;0.02354;130000;10217749247;S
20240427;100104;0.02355;10000;10217749680;B
20240427;100105;0.02355;50000;10217749908;B
20240427;100106;0.02355;5940000;10217749995;B
20240427;100106;0.02355;1010000;10217749996;B
20240427;100109;0.02355;80000;10217750350;B
20240427;100111;0.02355;1050000;10217750578;B
20240427;100111;0.023555;430000;10217750579;B
20240427;100111;0.023545;10000;10217750583;S
20240427;100111;0.023555;10000;10217750587;B
20240427;100112;0.023555;50000;10217750813;B
20240427;100113;0.023545;10000;10217750862;S
20240427;100113;0.023555;10000;10217750930;B
20240427;100114;0.023555;200000;10217750966;B
20240427;100114;0.023555;220000;10217750967;B
20240427;100115;0.023545;130000;10217751148;S
20240427;100115;0.023555;40000;10217751223;B
20240427;100116;0.023555;50000;10217751244;B
20240427;100116;0.023555;10000;10217751247;B
20240427;100116;0.023555;10000;10217751339;B
20240427;100116;0.023555;10000;10217751345;B
20240427;100117;0.023555;50000;10217751392;B
20240427;100118;0.023555;50000;10217751483;B
20240427;100120;0.023555;50000;10217751705;B
20240427;100120;0.023555;50000;10217751869;B
20240427;100121;0.023555;2000000;10217751983;B
20240427;100121;0.023555;2000000;10217751984;B
20240427;100121;0.023555;50000;10217751993;B
20240427;100122;0.023555;10000;10217752056;B
20240427;100122;0.023555;50000;10217752100;B
20240427;100123;0.023555;50000;10217752206;B
20240427;100124;0.023555;50000;10217752263;B
20240427;100124;0.02355;3450000;10217752311;S
20240427;100124;0.02355;190000;10217752312;S
20240427;100124;0.023545;300000;10217752313;S
20240427;100124;0.023545;50000;10217752314;S
20240427;100124;0.023545;5010000;10217752315;S
20240427;100124;0.023555;50000;10217752316;B
20240427;100128;0.02355;390000;10217752582;B
20240427;100128;0.02355;4050000;10217752583;B
20240427;100128;0.02355;1500000;10217752586;B
20240427;100128;0.02355;10000;10217752606;B
20240427;100129;0.02355;440000;10217752752;B
20240427;100129;0.023555;3150000;10217752753;B
20240427;100131;0.023555;920000;10217753019;B
20240427;100133;0.023555;40000;10217753178;B
20240427;100136;0.023555;100000;10217753478;B
20240427;100139;0.023545;2470000;10217753823;S
20240427;100139;0.023555;10000;10217753839;B
20240427;100139;0.023555;350000;10217753865;B
20240427;100140;0.023555;7000000;10217754028;B
20240427;100141;0.023555;10000;10217754260;B
20240427;100141;0.023545;40000;10217754310;S
20240427;100142;0.023555;30000;10217754413;B
20240427;100143;0.023555;40000;10217754495;B
20240427;100143;0.023555;130000;10217754528;B
20240427;100145;0.023545;2590000;10217754671;S
20240427;100145;0.023545;3190000;10217754672;S
20240427;100148;0.023555;70000;10217754996;B
20240427;100150;0.023545;100000;10217755261;S
20240427;100150;0.023545;100000;10217755277;S
20240427;100150;0.023545;100000;10217755292;S
20240427;100150;0.023555;10000;10217755305;B
20240427;100150;0.023545;100000;10217755316;S
20240427;100150;0.023545;100000;10217755337;S
20240427;100150;0.023545;100000;10217755348;S
20240427;100150;0.023545;100000;10217755380;S
20240427;100150;0.023545;100000;10217755390;S
20240427;100150;0.023545;100000;10217755397;S
20240427;100150;0.023545;10000;10217755404;S
20240427;100150;0.023545;100000;10217755406;S
20240427;100150;0.023545;250000;10217755411;S
20240427;100151;0.023545;100000;10217755417;S
20240427;100151;0.023545;100000;10217755433;S
20240427;100151;0.023545;100000;10217755445;S
20240427;100151;0.023545;100000;10217755455;S
20240427;100151;0.023545;100000;10217755466;S
20240427;100151;0.023545;100000;10217755482;S
20240427;100151;0.023555;10000;10217755496;B
20240427;100151;0.023545;100000;10217755499;S
20240427;100151;0.023545;100000;10217755556;S
20240427;100151;0.023545;100000;10217755567;S
20240427;100151;0.023545;100000;10217755574;S
20240427;100152;0.023545;100000;10217755589;S
20240427;100152;0.023545;100000;10217755600;S
20240427;100152;0.023545;100000;10217755625;S
20240427;100152;0.023545;100000;10217755642;S
20240427;100152;0.023545;100000;10217755664;S
20240427;100159;0.02355;10000;10217756631;B
20240427;100200;0.023545;10000;10217756693;S
20240427;100201;0.023545;400000;10217756892;S
20240427;100202;0.02355;10000;10217756948;B
20240427;100202;0.02355;100000;10217756983;B
20240427;100203;0.023555;20000;10217757141;B
20240427;100204;0.023555;10000;10217757237;B
20240427;100207;0.023555;10000;10217757621;B
20240427;100207;0.023555;20000;10217757627;B
20240427;100208;0.023555;30000;10217757680;B
20240427;100209;0.023555;10000;10217757804;B
20240427;100215;0.023555;950000;10217758454;B
20240427;100216;0.023555;10000;10217758598;B
20240427;100218;0.023555;50000;10217758744;B
20240427;100218;0.02355;20000;10217758821;S
20240427;100219;0.02355;10000;10217758904;S
20240427;100220;0.02355;490000;10217758970;S
20240427;100222;0.02355;10000;10217759105;S
20240427;100222;0.023555;90000;10217759143;B
20240427;100224;0.023555;10000;10217759320;B
20240427;100230;0.023555;30000;10217759967;B
20240427;100232;0.02355;670000;10217760181;S
20240427;100232;0.02355;100000;10217760205;S
20240427;100233;0.02355;20000;10217760318;S
20240427;100234;0.023555;10000;10217760431;B
20240427;100235;0.02355;20000;10217760434;S
20240427;100237;0.023555;10000;10217760640;B
20240427;100237;0.023555;90000;10217760671;B
20240427;100237;0.023555;230000;10217760700;B
20240427;100238;0.02355;3560000;10217760757;S
20240427;100238;0.02355;10000;10217760758;S
20240427;100238;0.023545;430000;10217760759;S
20240427;100239;0.023545;10000;10217760891;S
20240427;100242;0.02355;750000;10217761148;B
20240427;100242;0.02355;750000;10217761213;B
20240427;100243;0.023545;10000;10217761229;S
20240427;100243;0.02355;10000;10217761272;B
20240427;100246;0.023545;5000000;10217761596;S
20240427;100246;0.02355;330000;10217761626;B
20240427;100248;0.02355;10000;10217761750;B
20240427;100251;0.02355;180000;10217762060;B
20240427;100253;0.023545;2000000;10217762253;S
20240427;100253;0.02355;100000;10217762312;B
20240427;100254;0.02355;220000;10217762365;B
20240427;100257;0.02355;10000;10217762821;B
20240427;100257;0.02355;150000;10217762848;B
20240427;100257;0.023545;40000;10217762883;S
20240427;100259;0.02355;10000;10217763046;B
20240427;100300;0.02355;10000;10217763183;B
20240427;100301;0.02355;150000;10217763261;B
20240427;100302;0.023545;1890000;10217763402;S
20240427;100302;0.023545;50000;10217763403;S
20240427;100302;0.02354;3060000;10217763404;S
20240427;100302;0.023545;100000;10217763482;B
20240427;100305;0.023545;10000;10217763743;B
20240427;100305;0.023545;90000;10217763744;B
20240427;100308;0.023545;10000;10217764101;B
20240427;100308;0.02354;1760000;10217764123;S
20240427;100308;0.02354;40000;10217764124;S
20240427;100308;0.02354;2500000;10217764125;S
20240427;100308;0.02354;700000;10217764126;S
20240427;100309;0.02354;5300000;10217764174;S
20240427;100309;0.02354;100000;10217764175;S
20240427;100309;0.023535;3450000;10217764176;S
20240427;100309;0.023535;150000;10217764177;S
20240427;100309;0.02353;6000000;10217764178;S
20240427;100309;0.023525;30000;10217764179;S
20240427;100309;0.023525;6000000;10217764180;S
20240427;100309;0.023525;6060000;10217764181;S
20240427;100309;0.023525;3640000;10217764182;S
20240427;100309;0.023525;500000;10217764184;S
20240427;100309;0.023535;30000;10217764244;B
20240427;100310;0.02354;3450000;10217764331;B
20240427;100310;0.02354;100000;10217764332;B
20240427;100310;0.023545;450000;10217764333;B
20240427;100314;0.02354;70000;10217764840;B
20240427;100314;0.023545;10000;10217764852;B
20240427;100316;0.02353;10000;10217765043;S
20240427;100316;0.023525;10960000;10217765044;S
20240427;100316;0.023525;6000000;10217765045;S
20240427;100316;0.023525;3450000;10217765046;S
20240427;100316;0.02352;3850000;10217765047;S
20240427;100316;0.02352;6000000;10217765048;S
20240427;100316;0.02352;6060000;10217765049;S
20240427;100316;0.02352;10000;10217765050;S
20240427;100316;0.02352;20000;10217765051;S
20240427;100316;0.02352;15940000;10217765052;S
20240427;100316;0.023515;6060000;10217765053;S
20240427;100316;0.023515;6000000;10217765054;S
20240427;100316;0.023515;30000000;10217765055;S
20240427;100316;0.023515;400000;10217765056;S
20240427;100316;0.023515;200000;10217765057;S
20240427;100316;0.02351;5290000;10217765058;S
20240427;100316;0.02351;6000000;10217765059;S
20240427;100316;0.02351;8690000;10217765060;S
20240427;100316;0.023505;20000;10217765061;S
20240427;100316;0.023505;50000;10217765062;S
20240427;100316;0.023505;6060000;10217765063;S
20240427;100316;0.023505;6000000;10217765064;S
20240427;100316;0.023505;2930000;10217765065;S
20240427;100318;0.02353;200000;10217765252;B
20240427;100319;0.02353;30000;10217765341;B
20240427;100319;0.02353;200000;10217765383;B
20240427;100319;0.02353;40000;10217765384;B
20240427;100321;0.02353;10000;10217765592;B
20240427;100322;0.02353;10000;10217765670;B
20240427;100322;0.02353;140000;10217765698;B
20240427;100323;0.02353;10000;10217765875;B
20240427;100323;0.02353;430000;10217765888;B
20240427;100324;0.02353;40000;10217765916;B
20240427;100332;0.02351;190000;10217766724;S
20240427;100332;0.02353;200000;10217766732;B
20240427;100336;0.02353;40000;10217767209;B
20240427;100338;0.02353;10000;10217767325;B
20240427;100344;0.02351;5810000;10217767912;S
20240427;100344;0.02351;4950000;10217767913;S
20240427;100348;0.023525;60000;10217768304;B
20240427;100353;0.023525;30000;10217768760;B
20240427;100400;0.02351;60000;10217769611;S
20240427;100400;0.023525;5910000;10217769652;B
20240427;100400;0.023525;2090000;10217769653;B
20240427;100402;0.023525;40000;10217769969;B
20240427;100403;0.023525;200000;10217770063;B
20240427;100407;0.02351;30000;10217770557;S
20240427;100408;0.023525;10000;10217770617;B
20240427;100408;0.023525;10000;10217770678;B
20240427;100409;0.023525;20000;10217770740;B
20240427;100410;0.02351;5000000;10217770889;S
20240427;100413;0.023525;30000;10217771148;B
20240427;100413;0.023525;10000;10217771201;B
20240427;100419;0.02352;10000;10217771885;S
20240427;100420;0.023525;10000;10217772026;B
20240427;100421;0.02352;10000;10217772038;S
20240427;100421;0.023525;3160000;10217772096;B
20240427;100421;0.023525;2840000;10217772097;B
20240427;100422;0.023525;10000;10217772222;B
20240427;100423;0.023525;10000;10217772312;B
20240427;100424;0.02352;360000;10217772501;S
20240427;100424;0.023515;3450000;10217772502;S
20240427;100424;0.023515;140000;10217772503;S
20240427;100424;0.02351;50000;10217772504;S
20240427;100426;0.023525;10000;10217772642;B
20240427;100427;0.023525;40000;10217772736;B
20240427;100430;0.02351;1500000;10217772981;S
20240427;100431;0.023525;1490000;10217773048;B
20240427;100431;0.023525;100000;10217773049;B
20240427;100431;0.023525;3450000;10217773050;B
20240427;100431;0.02353;3740000;10217773051;B
20240427;100431;0.02353;1000000;10217773052;B
20240427;100431;0.02353;6000000;10217773053;B
20240427;100431;0.02353;6000000;10217773055;S
20240427;100432;0.023535;200000;10217773093;B
20240427;100432;0.023535;60000;10217773123;B
20240427;100434;0.02353;13800000;10217773371;S
20240427;100438;0.023535;20000;10217773726;B
20240427;100440;0.023535;20000;10217773953;B
20240427;100442;0.023535;10000;10217774159;B
20240427;100444;0.023535;10000;10217774250;B
20240427;100444;0.023535;10000;10217774286;B
20240427;100445;0.02353;10000;10217774602;S
20240427;100447;0.023535;3000000;10217774774;B
20240427;100448;0.023535;60000;10217774857;B
20240427;100453;0.02353;4620000;10217775335;S
20240427;100454;0.02353;10000;10217775441;S
20240427;100455;0.023535;20000;10217775506;B
20240427;100456;0.023535;900000;10217775697;B
20240427;100456;0.023535;10000;10217775701;B
20240427;100458;0.02353;10000;10217775823;S
20240427;100458;0.02353;10000;10217775829;S
20240427;100459;0.023535;1000000;10217775900;B
20240427;100459;0.023535;100000;10217775961;B
20240427;100459;0.023535;50000;10217775968;B
20240427;100500;0.02353;350000;10217776056;S
20240427;100500;0.023525;60000;10217776057;S
20240427;100500;0.023525;250000;10217776058;S
20240427;100500;0.023525;70000;10217776059;S
20240427;100500;0.02352;1270000;10217776060;S
20240427;100501;0.023535;10000;10217776104;B
20240427;100505;0.023535;10000;10217776495;B
20240427;100508;0.023535;10000;10217776878;B
20240427;100508;0.023535;10000;10217776906;B
20240427;100508;0.02353;20000;10217776911;S
20240427;100511;0.023535;490000;10217777125;B
20240427;100511;0.023535;5100000;10217777126;B
20240427;100511;0.023535;3450000;10217777127;B
20240427;100511;0.023535;960000;10217777128;B
20240427;100512;0.023535;400000;10217777220;B
20240427;100512;0.023535;10000;10217777243;B
20240427;100514;0.023535;1130000;10217777487;B
20240427;100514;0.023535;10000;10217777488;B
20240427;100514;0.023535;1110000;10217777489;B
20240427;100515;0.02353;10000;10217777647;S
20240427;100517;0.023535;240000;10217777744;B
20240427;100517;0.023535;100000;10217777754;B
20240427;100521;0.023535;2500000;10217778166;B
20240427;100521;0.02353;10000;10217778175;S
20240427;100522;0.02353;10000;10217778207;S
20240427;100524;0.023535;300000;10217778374;B
20240427;100524;0.02353;20000;10217778416;S
20240427;100524;0.023525;60000;10217778417;S
20240427;100524;0.02352;120000;10217778418;S
20240427;100527;0.023535;10000;10217778577;B
20240427;100533;0.02353;520000;10217779191;B
20240427;100533;0.023535;1280000;10217779192;B
20240427;100537;0.02352;10000;10217779636;S
20240427;100538;0.02352;10000;10217779688;S
20240427;100539;0.023535;20000;10217779762;B
20240427;100545;0.023535;10000;10217780484;B
20240427;100546;0.02353;10000;10217780542;S
20240427;100546;0.02353;10000;10217780560;S
20240427;100549;0.023535;210000;10217780868;B
20240427;100550;0.02353;10000;10217780930;S
20240427;100550;0.023525;60000;10217780931;S
20240427;100550;0.023525;60000;10217780932;S
20240427;100550;0.023525;10000;10217781151;S
20240427;100552;0.02353;80000;10217781674;B
20240427;100554;0.02353;10000;10217781825;B
20240427;100556;0.02353;300000;10217782013;B
20240427;100557;0.023525;1000000;10217782061;S
20240427;100557;0.023525;430000;10217782062;S
20240427;100557;0.023525;570000;10217782063;S
20240427;100557;0.023525;10000;10217782104;S
20240427;100557;0.023525;1000000;10217782107;S
20240427;100557;0.023525;1000000;10217782118;S
20240427;100600;0.023525;10000;10217782356;S
20240427;100600;0.02353;10000;10217782366;B
20240427;100602;0.02353;170000;10217782531;B
20240427;100602;0.02353;2970000;10217782559;B
20240427;100602;0.02353;2030000;10217782560;B
20240427;100604;0.02353;40000;10217782697;B
20240427;100605;0.02353;3930000;10217782890;B
20240427;100605;0.02353;1240000;10217782891;B
20240427;100605;0.02353;1000000;10217782892;B
20240427;100605;0.02353;50000;10217782893;B
20240427;100605;0.02353;3450000;10217782894;B
20240427;100605;0.023535;220000;10217782895;B
20240427;100605;0.023535;110000;10217782896;B
20240427;100606;0.02353;10000;10217782928;B
20240427;100606;0.023525;700000;10217782968;S
20240427;100606;0.023525;40000;10217782969;S
20240427;100606;0.02352;7630000;10217782970;S
20240427;100606;0.02352;10000;10217782971;S
20240427;100606;0.02352;10000;10217782972;S
20240427;100606;0.02352;10000;10217782973;S
20240427;100606;0.02352;30000;10217782974;S
20240427;100606;0.02352;2270000;10217782975;S
20240427;100607;0.02353;200000;10217783025;B
20240427;100608;0.02353;30000;10217783117;B
20240427;100610;0.023525;10000;10217783304;B
20240427;100610;0.023525;50000;10217783307;B
20240427;100610;0.02352;27730000;10217783379;S
20240427;100610;0.023515;10000;10217783380;S
20240427;100610;0.023515;50000;10217783381;S
20240427;100610;0.02351;50000;10217783382;S
20240427;100610;0.02351;100000;10217783383;S
20240427;100610;0.02351;10000;10217783384;S
20240427;100610;0.02351;8170000;10217783385;S
20240427;100610;0.02351;3000000;10217783386;S
20240427;100610;0.02351;3450000;10217783387;S
20240427;100610;0.023505;6000000;10217783388;S
20240427;100610;0.023505;25070000;10217783389;S
20240427;100610;0.023505;50000;10217783390;S
20240427;100610;0.023505;200000;10217783391;S
20240427;100610;0.023505;20000;10217783392;S
20240427;100610;0.023505;100000;10217783393;S
20240427;100610;0.023505;10000;10217783394;S
20240427;100610;0.023505;10000;10217783395;S
20240427;100610;0.023505;13010000;10217783396;S
20240427;100610;0.0235;1000000;10217783397;S
20240427;100610;0.0235;10000;10217783398;S
20240427;100610;0.0235;7050000;10217783399;S
20240427;100610;0.0235;10000;10217783400;S
20240427;100610;0.0235;50000;10217783401;S
20240427;100610;0.0235;10000;10217783402;S
20240427;100610;0.0235;1000000;10217783403;S
20240427;100610;0.0235;10000;10217783404;S
20240427;100610;0.0235;10000;10217783405;S
20240427;100610;0.0235;3810000;10217783406;S
20240427;100611;0.0235;10000;10217783515;S
20240427;100611;0.0235;1180000;10217783525;S
20240427;100611;0.0235;60000;10217783526;S
20240427;100611;0.0235;10000;10217783527;S
20240427;100611;0.0235;750000;10217783528;S
20240427;100614;0.023515;30000;10217783964;B
20240427;100614;0.023515;80000;10217783965;B
20240427;100617;0.0235;4260000;10217785039;S
20240427;100617;0.0235;10000;10217785040;S
20240427;100617;0.0235;1900000;10217785041;S
20240427;100617;0.0235;90000;10217785042;S
20240427;100617;0.0235;20000;10217785043;S
20240427;100617;0.0235;50000;10217785044;S
20240427;100617;0.0235;4000000;10217785045;S
20240427;100617;0.0235;1000000;10217785046;S
20240427;100617;0.0235;10000;10217785047;S
20240427;100617;0.0235;50000;10217785048;S
20240427;100617;0.0235;10000;10217785049;S
20240427;100617;0.0235;10000;10217785050;S
20240427;100617;0.0235;1000000;10217785051;S
20240427;100617;0.0235;20000;10217785052;S
20240427;100617;0.0235;300000;10217785053;S
20240427;100617;0.0235;40000;10217785054;S
20240427;100617;0.0235;30000;10217785055;S
20240427;100617;0.0235;10000;10217785056;S
20240427;100617;0.0235;140000;10217785057;S
20240427;100617;0.0235;30000000;10217785058;S
20240427;100617;0.0235;10000;10217785059;S
20240427;100617;0.0235;10000;10217785060;S
20240427;100617;0.0235;10000;10217785061;S
20240427;100617;0.0235;10000;10217785062;S
20240427;100617;0.0235;50000;10217785063;S
20240427;100617;0.0235;100000;10217785064;S
20240427;100617;0.0235;3450000;10217785065;S
20240427;100617;0.023495;1000000;10217785066;S
20240427;100617;0.023495;6060000;10217785067;S
20240427;100617;0.023495;6000000;10217785068;S
20240427;100617;0.023495;50000;10217785069;S
20240427;100617;0.023495;400000;10217785070;S
20240427;100617;0.023495;3000000;10217785071;S
20240427;100617;0.023495;3000000;10217785072;S
20240427;100617;0.02349;1000000;10217785073;S
20240427;100617;0.02349;10000;10217785074;S
20240427;100617;0.02349;6060000;10217785075;S
20240427;100617;0.02349;6000000;10217785076;S
20240427;100617;0.02349;250000;10217785077;S
20240427;100617;0.02349;500000;10217785078;S
20240427;100617;0.02349;20080000;10217785079;S
20240427;100617;0.02349;3000000;10217785080;S
20240427;100617;0.023485;50000;10217785081;S
20240427;100617;0.023485;1000000;10217785082;S
20240427;100617;0.023485;10000;10217785083;S
20240427;100617;0.023485;10000000;10217785084;S
20240427;100617;0.023485;6060000;10217785085;S
20240427;100617;0.023485;6000000;10217785086;S
20240427;100617;0.023485;50000;10217785087;S
20240427;100617;0.023485;600000;10217785088;S
20240427;100617;0.023485;6230000;10217785089;S
20240427;100617;0.023495;3450000;10217785110;B
20240427;100617;0.0235;90000;10217785111;B
20240427;100617;0.023505;2460000;10217785112;B
20240427;100617;0.0235;10000;10217785121;S
20240427;100617;0.023495;50000;10217785122;S
20240427;100617;0.023495;2440000;10217785123;S
20240427;100618;0.0235;10000;10217785176;S
20240427;100618;0.0235;10000;10217785186;S
20240427;100618;0.0235;10000;10217785187;S
20240427;100618;0.0235;10000;10217785188;S
20240427;100618;0.023495;40000;10217785189;S
20240427;100618;0.02349;830000;10217785190;S
20240427;100618;0.023505;20000;10217785234;B
20240427;100618;0.023505;110000;10217785255;B
20240427;100620;0.023505;20000;10217785432;B
20240427;100622;0.023505;10000;10217785632;B
20240427;100623;0.0235;10000;10217785699;S
20240427;100623;0.0235;400000;10217785700;S
20240427;100623;0.0235;10000;10217785701;S
20240427;100623;0.023495;40000;10217785702;S
20240427;100623;0.02349;2170000;10217785703;S
20240427;100623;0.02349;10000;10217785704;S
20240427;100623;0.02349;40000;10217785705;S
20240427;100623;0.023485;5250000;10217785706;S
20240427;100623;0.023485;2070000;10217785707;S
20240427;100624;0.023505;100000;10217785808;B
20240427;100624;0.02351;6000000;10217785809;B
20240427;100624;0.02351;3450000;10217785810;B
20240427;100624;0.023515;6000000;10217785811;B
20240427;100624;0.023515;2450000;10217785812;B
20240427;100626;0.0235;10000;10217786070;S
20240427;100628;0.0235;10000;10217786325;S
20240427;100630;0.023505;10000;10217786430;B
20240427;100630;0.023515;30000;10217786431;B
20240427;100631;0.02351;10000;10217786505;B
20240427;100631;0.0235;2500000;10217786530;S
20240427;100637;0.0235;40000;10217787183;S
20240427;100637;0.0235;7440000;10217787191;S
20240427;100637;0.0235;2560000;10217787192;S
20240427;100638;0.02351;20000;10217787309;B
20240427;100638;0.0235;10000;10217787442;S
20240427;100639;0.02351;30000;10217787470;B
20240427;100640;0.0235;100000;10217787557;S
20240427;100640;0.0235;40000;10217787558;S
20240427;100640;0.023495;6000000;10217787559;S
20240427;100640;0.023495;3450000;10217787560;S
20240427;100640;0.023495;410000;10217787561;S
20240427;100642;0.023495;10000;10217787817;S
20240427;100643;0.02351;100000;10217787839;B
20240427;100645;0.023505;120000;10217788071;B
20240427;100645;0.02351;10000;10217788104;B
20240427;100646;0.0235;1000000;10217788176;S
20240427;100647;0.0235;2000000;10217788224;S
20240427;100647;0.023495;580000;10217788225;S
20240427;100647;0.023495;3000000;10217788226;S
20240427;100647;0.023495;3000000;10217788227;S
20240427;100647;0.023495;1420000;10217788228;S
20240427;100648;0.02351;100000;10217788365;B
20240427;100648;0.0235;1600000;10217788380;S
20240427;100649;0.0235;10000;10217788461;S
20240427;100649;0.0235;100000;10217788548;S
20240427;100654;0.0235;20000;10217789114;S
20240427;100654;0.0235;200000;10217789115;S
20240427;100654;0.0235;10000;10217789116;S
20240427;100654;0.023495;30000;10217789117;S
20240427;100654;0.023495;3000000;10217789118;S
20240427;100654;0.023495;3000000;10217789119;S
20240427;100654;0.02349;3740000;10217789120;S
20240427;100654;0.023495;3000000;10217789172;S
20240427;100654;0.023495;30000;10217789173;S
20240427;100655;0.023495;450000;10217789191;B
20240427;100656;0.023495;10000;10217789324;B
20240427;100659;0.023495;10000;10217789857;B
20240427;100700;0.023495;200000;10217789931;B
20240427;100700;0.023495;10000;10217789935;B
20240427;100701;0.02349;20000;10217790039;S
20240427;100701;0.02349;9980000;10217790040;S
20240427;100703;0.023495;10000;10217790217;B
20240427;100705;0.023495;10000;10217790415;B
20240427;100706;0.023495;80000;10217790690;B
20240427;100710;0.02349;1000000;10217791126;S
20240427;100712;0.02349;500000;10217791225;S
20240427;100712;0.02349;3000000;10217791226;S
20240427;100712;0.023485;100000;10217791227;S
20240427;100712;0.02349;10000000;10217791242;S
20240427;100715;0.02349;3000000;10217791519;S
20240427;100715;0.02349;30000;10217791520;S
20240427;100716;0.02349;10000;10217791590;B
20240427;100716;0.023485;500000;10217791636;S
20240427;100716;0.02349;20000;10217791674;B
20240427;100717;0.02349;30000;10217791769;B
20240427;100718;0.02349;780000;10217791839;B
20240427;100719;0.02349;20000;10217791930;B
20240427;100721;0.02349;10000;10217792028;B
20240427;100721;0.02349;70000;10217792126;B
20240427;100722;0.02349;10000;10217792157;B
20240427;100722;0.02349;10000;10217792180;B
20240427;100725;0.02349;500000;10217792432;B
20240427;100726;0.02349;1000000;10217792635;B
20240427;100728;0.023485;30000000;10217792787;S
20240427;100732;0.023485;1090000;10217793183;S
20240427;100732;0.023485;360000;10217793204;S
20240427;100737;0.023485;40000;10217793624;S
20240427;100737;0.02349;10000;10217793635;B
20240427;100738;0.02349;1200000;10217793742;B
20240427;100739;0.02349;2000000;10217793797;B
20240427;100740;0.02349;100000;10217793898;B
20240427;100740;0.02349;140000;10217793950;B
20240427;100742;0.023485;1780000;10217794072;S
20240427;100742;0.023485;10000;10217794073;S
20240427;100742;0.023485;3000000;10217794074;S
20240427;100742;0.023485;730000;10217794075;S
20240427;100742;0.023485;10000;10217794076;S
20240427;100742;0.023485;10000;10217794077;S
20240427;100742;0.023485;1160000;10217794078;S
20240427;100744;0.02349;20000;10217794360;B
20240427;100744;0.02349;10000;10217794400;B
20240427;100745;0.02349;20000;10217794472;B
20240427;100745;0.02349;20000;10217794575;B
20240427;100746;0.02349;20000;10217794647;B
20240427;100747;0.02349;20000;10217794681;B
20240427;100747;0.02349;20000;10217794744;B
20240427;100748;0.023485;1500000;10217794780;S
20240427;100748;0.02349;20000;10217794795;B
20240427;100749;0.02349;10000;10217794848;B
20240427;100749;0.02349;20000;10217794875;B
20240427;100750;0.02349;20000;10217794934;B
20240427;100750;0.02349;10000;10217794972;B
20240427;100751;0.02349;20000;10217794990;B
20240427;100751;0.023485;560000;10217795068;S
20240427;100751;0.02349;20000;10217795097;B
20240427;100752;0.02349;1350000;10217795138;B
20240427;100752;0.02349;10000;10217795139;B
20240427;100752;0.02349;1350000;10217795154;B
20240427;100752;0.02349;20000;10217795171;B
20240427;100753;0.02349;10000;10217795208;B
20240427;100753;0.02349;18070000;10217795212;B
20240427;100753;0.023495;20000;10217795231;B
20240427;100753;0.023495;70000;10217795241;B
20240427;100753;0.023495;10000;10217795289;B
20240427;100754;0.023495;20000;10217795309;B
20240427;100754;0.023495;20000;10217795345;B
20240427;100754;0.023495;10000;10217795354;B
20240427;100755;0.023495;20000;10217795420;B
20240427;100755;0.023495;20000;10217795459;B
20240427;100756;0.023495;10000;10217795488;B
20240427;100756;0.023495;20000;10217795508;B
20240427;100757;0.023495;20000;10217795545;B
20240427;100757;0.02349;10000;10217795599;S
20240427;100757;0.023495;20000;10217795609;B
20240427;100758;0.023495;20000;10217795665;B
20240427;100759;0.023495;20000;10217795746;B
20240427;100759;0.023495;20000;10217795857;B
20240427;100800;0.023495;10000;10217795899;B
20240427;100800;0.023495;1000000;10217795941;B
20240427;100800;0.023495;20000;10217795964;B
20240427;100800;0.023495;4840000;10217795982;B
20240427;100801;0.0235;20000;10217796050;B
20240427;100801;0.0235;10000;10217796072;B
20240427;100802;0.0235;20000;10217796075;B
20240427;100802;0.0235;10000;10217796103;B
20240427;100802;0.0235;20000;10217796160;B
20240427;100802;0.0235;10000;10217796164;B
20240427;100803;0.0235;20000;10217796205;B
20240427;100803;0.0235;60000;10217796232;B
20240427;100803;0.023505;20000;10217796264;B
20240427;100804;0.02351;20000;10217796317;B
20240427;100805;0.02351;1350000;10217796376;B
20240427;100805;0.02351;20000;10217796381;B
20240427;100805;0.02351;20000;10217796426;B
20240427;100806;0.023515;20000;10217796482;B
20240427;100807;0.023515;20000;10217796549;B
20240427;100807;0.023515;20000;10217796609;B
20240427;100808;0.023515;20000;10217796686;B
20240427;100808;0.023515;20000;10217796718;B
20240427;100810;0.023515;300000;10217796909;B
20240427;100813;0.023505;10000;10217797382;S
20240427;100813;0.023505;140000;10217797403;S
20240427;100813;0.023505;10000;10217797496;S
20240427;100814;0.023515;70000;10217797591;B
20240427;100815;0.023515;300000;10217797634;B
20240427;100815;0.023515;1000000;10217797699;B
20240427;100816;0.023515;20000;10217797776;B
20240427;100817;0.023505;20000;10217797844;S
20240427;100817;0.023515;20000;10217797915;B
20240427;100817;0.023505;10000;10217797942;S
20240427;100818;0.023515;20000;10217797963;B
20240427;100818;0.023515;20000;10217798004;B
20240427;100819;0.023515;20000;10217798056;B
20240427;100820;0.023515;20000;10217798167;B
20240427;100821;0.023515;20000;10217798229;B
20240427;100821;0.023515;20000;10217798316;B
20240427;100822;0.023505;1530000;10217798346;S
20240427;100822;0.023515;20000;10217798384;B
20240427;100822;0.023505;160000;10217798385;S
20240427;100823;0.023515;20000;10217798443;B
20240427;100823;0.023515;20000;10217798489;B
20240427;100824;0.023515;20000;10217798583;B
20240427;100825;0.023515;20000;10217798654;B
20240427;100825;0.023515;20000;10217798700;B
20240427;100826;0.023515;10000;10217798755;B
20240427;100826;0.023515;20000;10217798756;B
20240427;100826;0.023515;20000;10217798855;B
20240427;100827;0.023515;20000;10217798894;B
20240427;100828;0.023515;20000;10217798980;B
20240427;100828;0.023515;20000;10217799066;B
20240427;100829;0.023515;400000;10217799075;B
20240427;100829;0.023515;20000;10217799088;B
20240427;100829;0.023515;2130000;10217799096;B
20240427;100829;0.023515;100000;10217799100;B
20240427;100829;0.023505;10000;10217799107;S
20240427;100830;0.023515;20000;10217799150;B
20240427;100830;0.023515;20000;10217799204;B
20240427;100830;0.023515;10000;10217799219;B
20240427;100831;0.023515;20000;10217799267;B
20240427;100831;0.023515;20000;10217799324;B
20240427;100832;0.023515;140000;10217799413;B
20240427;100832;0.02352;210000;10217799414;B
20240427;100845;0.02352;10000;10217800470;B
20240427;100846;0.02352;100000;10217800542;B
20240427;100847;0.02352;5680000;10217800674;B
20240427;100847;0.02352;6060000;10217800675;B
20240427;100847;0.02352;5000000;10217800676;B
20240427;100847;0.02352;10000;10217800677;B
20240427;100851;0.02352;210000;10217800998;S
20240427;100851;0.023525;10000;10217801027;B
20240427;100852;0.023525;10000;10217801121;B
20240427;100854;0.023525;420000;10217801335;B
20240427;100854;0.023525;140000;10217801336;B
20240427;100854;0.023525;10000;10217801337;B
20240427;100854;0.02353;5760000;10217801338;B
20240427;100854;0.02353;5490000;10217801339;B
20240427;100855;0.02353;10000;10217801425;B
20240427;100855;0.023525;20000;10217801477;S
20240427;100900;0.02353;10000;10217801870;B
20240427;100901;0.02353;170000;10217802381;B
20240427;100902;0.023525;10000;10217802494;S
20240427;100903;0.023525;400000;10217802570;S
20240427;100904;0.02353;380000;10217802635;B
20240427;100904;0.02353;10000;10217802636;B
20240427;100904;0.023535;10000;10217802649;B
20240427;100907;0.023535;10000;10217802901;B
20240427;100907;0.023535;10000;10217802921;B
20240427;100908;0.023535;50000;10217803063;B
20240427;100910;0.023535;20000;10217803220;B
20240427;100910;0.023535;2000000;10217803224;B
20240427;100910;0.023535;20000;10217803316;B
20240427;100911;0.023535;20000;10217803375;B
20240427;100911;0.023535;360000;10217803402;B
20240427;100912;0.023535;10000;10217803410;B
20240427;100912;0.023535;20000;10217803468;B
20240427;100912;0.02353;30000;10217803518;S
20240427;100912;0.023535;20000;10217803524;B
20240427;100913;0.023535;20000;10217803596;B
20240427;100914;0.023535;10000;10217803653;B
20240427;100914;0.023535;20000;10217803655;B
20240427;100914;0.023535;20000;10217803697;B
20240427;100915;0.023535;20000;10217803759;B
20240427;100916;0.023535;10000;10217803860;B
20240427;100916;0.023535;20000;10217803879;B
20240427;100917;0.023535;20000;10217803920;B
20240427;100917;0.023535;30000;10217803988;B
20240427;100918;0.023535;20000;10217804022;B
20240427;100918;0.023535;10000;10217804038;B
20240427;100918;0.023535;10000;10217804056;B
20240427;100918;0.023535;20000;10217804057;B
20240427;100919;0.02353;580000;10217804113;S
20240427;100919;0.02353;10000;10217804114;S
20240427;100919;0.02353;40000;10217804115;S
20240427;100919;0.023525;290000;10217804116;S
20240427;100919;0.023535;20000;10217804118;B
20240427;100920;0.023535;20000;10217804165;B
20240427;100920;0.023535;10000;10217804182;B
20240427;100920;0.023535;20000;10217804229;B
20240427;100921;0.023535;300000;10217804292;B
20240427;100921;0.023535;20000;10217804294;B
20240427;100921;0.023535;10000;10217804306;B
20240427;100926;0.023535;10000;10217804998;B
20240427;100926;0.023535;300000;10217805030;B
20240427;100927;0.023535;10000;10217805112;B
20240427;100928;0.023535;40000;10217805284;B
20240427;100928;0.023535;10000;10217805313;B
20240427;100929;0.023535;10000;10217805403;B
20240427;100930;0.023535;30000;10217805454;B
20240427;100932;0.023535;30000;10217805643;B
20240427;100932;0.023535;10000;10217805674;B
20240427;100933;0.023535;10000;10217805731;B
20240427;100933;0.023535;10000;10217805825;B
20240427;100934;0.023535;10000;10217805923;B
20240427;100935;0.02353;30000;10217806090;S
20240427;100935;0.023535;10000;10217806112;B
20240427;100937;0.02353;30000;10217806322;S
20240427;100938;0.023535;10000;10217806380;B
20240427;100938;0.023535;60000;10217806381;B
20240427;100938;0.023535;20000;10217806414;B
20240427;100939;0.023535;10000;10217806531;B
20240427;100940;0.023535;20000;10217806622;B
20240427;100940;0.023535;50000;10217806669;B
20240427;100942;0.02353;50000;10217806780;S
20240427;100942;0.023535;500000;10217806781;B
20240427;100944;0.023535;10000;10217807002;B
20240427;100945;0.023535;10000;10217807082;B
20240427;100945;0.02353;600000;10217807121;S
20240427;100946;0.02353;5250000;10217807166;S
20240427;100948;0.023535;10000;10217807361;B
20240427;100948;0.02353;40000;10217807412;S
20240427;100948;0.023535;60000;10217807428;B
20240427;100949;0.02353;10000;10217807447;S
20240427;100951;0.023535;140000;10217807625;B
20240427;100951;0.02353;33100000;10217807674;S
20240427;100951;0.023535;30000;10217807703;B
20240427;100952;0.023535;3000000;10217807748;B
20240427;100954;0.02353;10000;10217807949;S
20240427;100955;0.02353;10000;10217808028;S
20240427;100955;0.023535;10000;10217808041;B
20240427;100955;0.023535;4500000;10217808051;B
20240427;100956;0.02353;10000;10217808166;S
20240427;100956;0.023535;30000;10217808172;B
20240427;100957;0.02353;1710000;10217808202;S
20240427;100957;0.023535;50000;10217808218;B
20240427;100957;0.023535;30000;10217808222;B
20240427;100957;0.023535;10000;10217808239;B
20240427;101000;0.023535;10000;10217808820;B
20240427;101000;0.02353;10000;10217808972;S
20240427;101001;0.023535;20000;10217809018;B
20240427;101001;0.02353;10000;10217809121;S
20240427;101002;0.02353;10000;10217809302;S
20240427;101003;0.023535;2000000;10217809406;B
20240427;101004;0.023535;70000;10217809477;B
20240427;101004;0.02353;10000;10217809528;S
20240427;101005;0.02353;80000;10217809650;S
20240427;101006;0.023535;10000;10217809678;B
20240427;101006;0.02353;10000;10217809681;S
20240427;101007;0.02353;10000;10217809832;S
20240427;101008;0.02353;30000;10217809859;S
20240427;101009;0.02353;10000;10217810020;S
20240427;101010;0.023535;10000;10217810133;B
20240427;101010;0.02353;10000;10217810220;S
20240427;101011;0.02353;10000;10217810291;S
20240427;101012;0.023535;1280000;10217810345;B
20240427;101012;0.023535;4720000;10217810346;B
20240427;101012;0.02353;10000;10217810380;S
20240427;101012;0.02353;30000;10217810383;S
20240427;101015;0.02353;10000;10217810652;S
20240427;101015;0.023535;3660000;10217810682;B
20240427;101015;0.023535;20000;10217810683;B
20240427;101016;0.02354;220000;10217810899;B
20240427;101017;0.02354;1080000;10217810951;B
20240427;101017;0.02354;6060000;10217810952;B
20240427;101017;0.02354;3040000;10217810953;B
20240427;101017;0.02354;10000;10217810954;B
20240427;101017;0.023545;2810000;10217810955;B
20240427;101017;0.023535;10000;10217811026;S
20240427;101019;0.02354;10000;10217811317;B
20240427;101021;0.02354;1000000;10217811514;B
20240427;101021;0.02354;20000;10217811562;B
20240427;101024;0.02354;10000;10217811895;B
20240427;101030;0.02354;2200000;10217812486;S
20240427;101030;0.02354;3450000;10217812487;S
20240427;101030;0.02354;560000;10217812488;S
20240427;101030;0.023535;3790000;10217812489;S
20240427;101033;0.02354;10000;10217812911;B
20240427;101033;0.023535;610000;10217812914;S
20240427;101034;0.02354;10000;10217813114;B
20240427;101034;0.023535;450000;10217813150;S
20240427;101035;0.02354;10000;10217813239;B
20240427;101040;0.023545;3190000;10217813894;B
20240427;101040;0.023545;6060000;10217813895;B
20240427;101040;0.023545;11470000;10217813896;B
20240427;101040;0.023545;10000;10217813897;B
20240427;101040;0.023545;3730000;10217813898;B
20240427;101040;0.023545;540000;10217813899;B
20240427;101040;0.023545;1000000;10217813911;B
20240427;101040;0.023545;130000;10217813957;B
20240427;101042;0.02354;10000;10217814240;S
20240427;101044;0.023545;40000;10217814504;B
20240427;101047;0.02354;60000;10217814914;S
20240427;101049;0.023545;3290000;10217815029;B
20240427;101049;0.023545;1120000;10217815030;B
20240427;101050;0.02354;400000;10217815116;S
20240427;101050;0.02354;610000;10217815117;S
20240427;101050;0.02354;10000;10217815118;S
20240427;101050;0.02354;190000;10217815119;S
20240427;101050;0.02354;470000;10217815120;S
20240427;101050;0.02354;320000;10217815121;S
20240427;101051;0.023545;1500000;10217815383;B
20240427;101053;0.023545;20000;10217815820;B
20240427;101054;0.023545;10000;10217816016;B
20240427;101055;0.02354;30000;10217816299;S
20240427;101056;0.023545;130000;10217816449;B
20240427;101057;0.02354;10000;10217816483;S
20240427;101057;0.02354;10000;10217816508;S
20240427;101058;0.02354;830000;10217816653;S
20240427;101059;0.023545;30000;10217816699;B
20240427;101105;0.023545;10000;10217817799;B
20240427;101106;0.02354;50000;10217817840;S
20240427;101108;0.023545;80000;10217818042;B
20240427;101108;0.023545;3160000;10217818092;B
20240427;101108;0.023545;3450000;10217818093;B
20240427;101108;0.023545;3000000;10217818094;B
20240427;101108;0.023545;7230000;10217818095;B
20240427;101110;0.023545;60000;10217818277;B
20240427;101110;0.02354;11430000;10217818310;S
20240427;101110;0.02354;50000;10217818311;S
20240427;101110;0.02354;470000;10217818312;S
20240427;101110;0.02354;470000;10217818313;S
20240427;101110;0.02354;240000;10217818314;S
20240427;101110;0.02354;120000;10217818315;S
20240427;101111;0.02354;10000;10217818415;B
20240427;101114;0.02354;250000;10217818824;B
20240427;101117;0.02354;20000;10217819100;B
20240427;101118;0.02354;3000000;10217819261;B
20240427;101120;0.02354;20000;10217819544;B
20240427;101127;0.02354;10000;10217820260;B
20240427;101128;0.02354;10000;10217820380;B
20240427;101128;0.02354;100000;10217820398;B
20240427;101131;0.023535;1150000;10217820729;S
20240427;101131;0.023535;10000;10217820730;S
20240427;101131;0.023535;1250000;10217820731;S
20240427;101131;0.023535;10000;10217820732;S
20240427;101131;0.023535;1680000;10217820733;S
20240427;101135;0.02354;10000;10217821145;B
20240427;101136;0.02354;30000;10217821606;B
20240427;101139;0.02354;10000;10217822004;B
20240427;101139;0.02354;90000;10217822086;B
20240427;101139;0.02354;10000;10217822099;B
20240427;101140;0.023535;1320000;10217822145;S
20240427;101140;0.023535;1680000;10217822146;S
20240427;101141;0.02354;10000;10217822282;B
20240427;101146;0.02354;100000;10217822759;B
20240427;101149;0.02354;40000;10217823090;B
20240427;101149;0.02354;10000;10217823140;B
20240427;101152;0.02354;5000000;10217823325;B
20240427;101154;0.02354;10000;10217823510;B
20240427;101157;0.02354;7500000;10217823724;B
20240427;101159;0.02354;70000;10217823973;B
20240427;101200;0.023535;200000;10217824179;S
20240427;101203;0.02354;4910000;10217824424;B
20240427;101203;0.02354;90000;10217824425;B
20240427;101204;0.023535;30000;10217824591;S
20240427;101204;0.02354;10000;10217824614;B
20240427;101208;0.02354;20000;10217824950;B
20240427;101208;0.02354;2270000;10217824957;B
20240427;101208;0.023545;10790000;10217824958;B
20240427;101208;0.023545;6060000;10217824959;B
20240427;101208;0.023545;6000000;10217824960;B
20240427;101208;0.02355;14880000;10217824961;B
20240427;101209;0.02355;20000;10217825046;B
20240427;101212;0.02355;30000;10217825323;B
20240427;101212;0.02354;10000;10217825388;S
20240427;101213;0.02355;10000;10217825427;B
20240427;101214;0.02354;100000;10217825594;S
20240427;101214;0.02354;1480000;10217825635;S
20240427;101217;0.02354;120000;10217825963;S
20240427;101218;0.02354;1280000;10217826125;S
20240427;101220;0.02355;10000;10217826294;B
20240427;101221;0.02354;10000;10217826451;S
20240427;101223;0.02355;10000;10217826553;B
20240427;101223;0.02355;10000;10217826582;B
20240427;101223;0.02354;10000;10217826604;S
20240427;101224;0.02355;40000;10217826707;B
20240427;101226;0.02355;70000;10217826792;B
20240427;101227;0.02354;10000;10217826880;S
20240427;101228;0.023545;10000;10217827049;B
20240427;101228;0.023545;10000;10217827097;B
20240427;101230;0.023545;10000;10217827408;B
20240427;101232;0.023545;10000;10217827659;B
20240427;101234;0.023545;10000;10217827904;B
20240427;101238;0.023545;10000;10217828353;B
20240427;101239;0.02354;500000;10217828439;S
20240427;101239;0.023545;10000;10217828491;B
20240427;101241;0.023545;10000;10217828674;B
20240427;101244;0.023545;2920000;10217829100;B
20240427;101244;0.023545;1080000;10217829101;B
20240427;101245;0.023545;10000;10217829161;B
20240427;101245;0.023545;50000;10217829197;B
20240427;101248;0.023545;10000;10217829675;B
20240427;101251;0.023545;2300000;10217830119;B
20240427;101251;0.023545;3000000;10217830120;B
20240427;101255;0.023545;10000;10217830496;S
20240427;101256;0.02355;10000;10217830545;B
20240427;101257;0.02355;2000000;10217830694;B
20240427;101259;0.023545;1000000;10217830899;S
20240427;101259;0.02355;20000;10217830905;B
20240427;101302;0.023545;260000;10217831330;S
20240427;101302;0.023545;500000;10217831334;S
20240427;101305;0.02355;10000;10217831659;B
20240427;101305;0.023545;10000;10217831699;S
20240427;101306;0.02355;10000;10217831751;B
20240427;101311;0.02355;180000;10217832314;B
20240427;101311;0.023545;4770000;10217832318;S
20240427;101311;0.023545;640000;10217832319;S
20240427;101311;0.02354;4590000;10217832320;S
20240427;101312;0.023545;10000;10217832346;B
20240427;101312;0.023545;80000;10217832416;B
20240427;101313;0.023545;10000;10217832457;B
20240427;101314;0.02354;40000;10217832497;S
20240427;101314;0.023545;20000;10217832512;B
20240427;101314;0.023545;10000;10217832552;B
20240427;101316;0.023545;10000;10217832644;B
20240427;101318;0.023545;10000;10217832859;B
20240427;101318;0.023545;10000;10217832883;B
20240427;101320;0.023545;10000;10217833069;B
20240427;101321;0.023545;40000;10217833142;B
20240427;101323;0.023545;10000;10217833306;B
20240427;101324;0.023545;10000;10217833420;B
20240427;101330;0.023545;10000;10217833889;B
20240427;101331;0.02355;20000;10217834030;B
20240427;101332;0.023545;20000;10217834034;B
20240427;101334;0.02354;1800000;10217834219;S
20240427;101335;0.02355;300000;10217834350;B
20240427;101335;0.02355;50000;10217834366;B
20240427;101338;0.02354;10000;10217834592;S
20240427;101338;0.023545;10000;10217834627;B
20240427;101339;0.02354;660000;10217834648;S
20240427;101340;0.02354;720000;10217834750;S
20240427;101342;0.023545;1000000;10217834930;B
20240427;101343;0.023545;120000;10217834991;B
20240427;101345;0.023545;30000;10217835170;B
20240427;101350;0.023545;220000;10217835729;B
20240427;101351;0.023545;10000;10217835769;B
20240427;101355;0.023545;10000;10217836286;B
20240427;101355;0.02354;10000;10217836298;S
20240427;101355;0.02354;20000;10217836299;S
20240427;101355;0.02354;130000;10217836300;S
20240427;101355;0.02354;1000000;10217836301;S
20240427;101355;0.02354;8500000;10217836302;S
20240427;101355;0.02354;3450000;10217836303;S
20240427;101355;0.02354;5100000;10217836304;S
20240427;101355;0.02354;1000000;10217836305;S
20240427;101355;0.02354;10000;10217836306;S
20240427;101355;0.023535;44460000;10217836307;S
20240427;101355;0.023535;10000;10217836308;S
20240427;101355;0.023535;50000;10217836309;S
20240427;101355;0.023535;10000;10217836310;S
20240427;101355;0.023535;10000;10217836311;S
20240427;101355;0.023535;50000;10217836312;S
20240427;101355;0.023535;30000;10217836313;S
20240427;101355;0.023535;1000000;10217836314;S
20240427;101355;0.02353;5100000;10217836315;S
20240427;101355;0.02353;20000;10217836316;S
20240427;101355;0.02353;10000;10217836317;S
20240427;101355;0.02353;20000;10217836318;S
20240427;101355;0.02353;10000;10217836319;S
20240427;101355;0.02353;2450000;10217836320;S
20240427;101355;0.02353;6000000;10217836321;S
20240427;101355;0.02353;1000000;10217836322;S
20240427;101355;0.02353;3000000;10217836323;S
20240427;101355;0.02353;1000000;10217836324;S
20240427;101355;0.02353;4250000;10217836325;S
20240427;101357;0.023525;500000;10217836538;S
20240427;101357;0.02353;10000;10217836560;B
20240427;101358;0.023525;20000;10217836719;S
20240427;101400;0.02353;40000;10217836967;B
20240427;101401;0.02353;500000;10217837007;B
20240427;101402;0.023525;10000;10217837192;S
20240427;101403;0.02353;10000;10217837301;B
20240427;101406;0.023525;10000;10217837466;S
20240427;101406;0.023525;410000;10217837467;S
20240427;101406;0.023525;10000;10217837472;S
20240427;101407;0.023525;10000;10217837536;S
20240427;101407;0.02353;10000;10217837560;B
20240427;101407;0.02353;20000;10217837574;B
20240427;101407;0.023525;10000;10217837596;S
20240427;101408;0.023525;10000;10217837683;S
20240427;101409;0.02353;10000;10217837798;B
20240427;101410;0.023525;10000;10217837841;S
20240427;101410;0.023525;70000;10217837853;S
20240427;101410;0.023525;550000;10217837903;S
20240427;101410;0.02353;10000;10217837933;B
20240427;101410;0.023525;10000;10217837943;S
20240427;101411;0.023525;10000;10217838009;S
20240427;101412;0.023525;10000;10217838056;S
20240427;101413;0.023525;10000;10217838156;S
20240427;101414;0.023525;50000;10217838181;S
20240427;101414;0.02353;10000;10217838193;B
20240427;101414;0.023525;10000;10217838217;S
20240427;101415;0.023525;10000;10217838261;S
20240427;101416;0.023525;10000;10217838401;S
20240427;101417;0.023525;310000;10217838489;S
20240427;101417;0.023525;10000;10217838500;S
20240427;101417;0.02353;10000;10217838502;B
20240427;101418;0.023525;10000;10217838626;S
20240427;101419;0.023525;10000;10217838688;S
20240427;101419;0.02353;10000;10217838695;B
20240427;101420;0.023525;10000;10217838762;S
20240427;101420;0.02353;10000;10217838782;B
20240427;101421;0.023525;10000;10217838815;S
20240427;101422;0.023525;10000;10217838981;S
20240427;101423;0.02353;800000;10217839033;B
20240427;101423;0.023525;1880000;10217839086;S
20240427;101424;0.023525;30000;10217839126;B
20240427;101426;0.023525;200000;10217839305;B
20240427;101429;0.023525;50000;10217839683;B
20240427;101430;0.023525;90000;10217839810;B
20240427;101431;0.02352;10000;10217839890;S
20240427;101434;0.023525;40000;10217840128;B
20240427;101436;0.02352;10000;10217840365;S
20240427;101436;0.02352;10000;10217840366;S
20240427;101437;0.02352;30000;10217840424;S
20240427;101437;0.023525;50000;10217840446;B
20240427;101442;0.023525;10000;10217840755;B
20240427;101444;0.023525;10000;10217840904;B
20240427;101444;0.023525;20000;10217840961;B
20240427;101445;0.023525;3620000;10217841021;B
20240427;101445;0.023525;1380000;10217841022;B
20240427;101445;0.02353;20000;10217841083;B
20240427;101446;0.02352;10000;10217841180;S
20240427;101446;0.02352;50000;10217841193;S
20240427;101449;0.02353;20000;10217841537;B
20240427;101450;0.023525;30000;10217841616;S
20240427;101452;0.02353;20000;10217841774;B
20240427;101452;0.02353;70000;10217841775;B
20240427;101453;0.02353;10000;10217841872;B
20240427;101455;0.023525;550000;10217842057;S
20240427;101456;0.02353;10000;10217842237;B
20240427;101457;0.02353;10000;10217842303;B
20240427;101458;0.02353;20000;10217842366;B
20240427;101459;0.023525;20000;10217842463;S
20240427;101459;0.023525;2400000;10217842482;S
20240427;101459;0.023525;1850000;10217842483;S
20240427;101500;0.02353;100000;10217842525;B
20240427;101500;0.02353;10000;10217842615;B
20240427;101500;0.02353;60000;10217842697;B
20240427;101502;0.02353;40000;10217843060;B
20240427;101503;0.023525;100000;10217843372;S
20240427;101503;0.02353;10000;10217843448;B
20240427;101503;0.023525;40000;10217843492;S
20240427;101504;0.023525;150000;10217843621;S
20240427;101504;0.02353;10000;10217843643;B
20240427;101504;0.023525;170000;10217843671;S
20240427;101508;0.023525;300000;10217844440;S
20240427;101508;0.023525;10000;10217844457;S
20240427;101508;0.023525;3450000;10217844504;S
20240427;101508;0.023525;40000;10217844505;S
20240427;101508;0.02352;5900000;10217844506;S
20240427;101508;0.02352;10000;10217844507;S
20240427;101508;0.02352;10000000;10217844508;S
20240427;101508;0.02352;10000;10217844509;S
20240427;101508;0.02352;1000000;10217844510;S
20240427;101508;0.02352;30000;10217844511;S
20240427;101508;0.023515;6000000;10217844512;S
20240427;101508;0.023515;10000;10217844513;S
20240427;101508;0.023515;1000000;10217844514;S
20240427;101508;0.023515;3400000;10217844515;S
20240427;101509;0.023525;200000;10217844760;B
20240427;101510;0.023515;60000;10217844945;S
20240427;101511;0.023515;100000;10217845086;S
20240427;101511;0.023515;10000;10217845140;S
20240427;101511;0.023515;10000;10217845186;S
20240427;101515;0.023525;10000;10217846309;B
20240427;101516;0.023525;20000;10217846479;B
20240427;101518;0.023525;90000;10217846779;B
20240427;101518;0.023525;300000;10217846803;B
20240427;101518;0.023525;10000;10217846865;B
20240427;101519;0.023515;160000;10217847104;S
20240427;101521;0.023515;10000;10217847419;S
20240427;101521;0.023525;10000;10217847547;B
20240427;101522;0.023515;10000;10217847700;S
20240427;101522;0.023515;20000;10217847765;S
20240427;101523;0.023525;10000;10217848046;B
20240427;101523;0.023515;10000;10217848125;S
20240427;101525;0.023515;50000;10217848533;S
20240427;101526;0.02352;20000;10217848855;B
20240427;101527;0.02352;10000;10217849002;B
20240427;101528;0.02352;10000;10217849174;B
20240427;101531;0.023515;10000;10217849844;S
20240427;101532;0.02352;20000;10217850051;B
20240427;101534;0.02352;10000;10217850441;B
20240427;101534;0.023515;70000;10217850543;S
20240427;101535;0.023515;10000;10217850638;S
20240427;101535;0.02352;10000;10217850640;B
20240427;101535;0.023515;10000;10217850763;S
20240427;101536;0.023515;5850000;10217850819;S
20240427;101536;0.023515;3450000;10217850820;S
20240427;101536;0.023515;20000;10217850821;S
20240427;101537;0.02351;20000;10217850988;S
20240427;101537;0.02351;5000000;10217851031;S
20240427;101541;0.023515;2680000;10217851840;B
20240427;101541;0.023515;1000000;10217851841;B
20240427;101541;0.023515;3000000;10217851842;B
20240427;101541;0.02352;960000;10217851843;B
20240427;101541;0.02352;3000000;10217851844;B
20240427;101541;0.023525;350000;10217851845;B
20240427;101541;0.023525;1120000;10217851846;B
20240427;101543;0.02352;30000;10217852352;B
20240427;101544;0.02352;10000;10217852498;B
20240427;101546;0.02351;20000;10217852790;S
20240427;101551;0.02351;10000;10217853676;S
20240427;101556;0.02351;160000;10217854497;S
20240427;101559;0.02352;40000;10217854857;B
20240427;101559;0.023515;10000;10217854888;S
20240427;101559;0.02352;10000;10217854912;B
20240427;101601;0.02352;80000;10217855099;B
20240427;101602;0.02352;10000;10217855258;B
20240427;101603;0.023515;10000;10217855407;S
20240427;101605;0.023515;10000;10217855594;S
20240427;101605;0.02352;20000;10217855634;B
20240427;101606;0.02352;10000;10217855734;B
20240427;101606;0.02352;10000;10217855761;B
20240427;101607;0.02352;1500000;10217855914;B
20240427;101607;0.02352;50000;10217855915;B
20240427;101607;0.02352;960000;10217855929;B
20240427;101607;0.023525;1000000;10217855930;B
20240427;101607;0.023525;40000;10217855931;B
20240427;101607;0.023515;280000;10217855939;S
20240427;101607;0.023525;1550000;10217856016;B
20240427;101607;0.023525;1410000;10217856087;B
20240427;101615;0.023525;60000;10217857275;S
20240427;101618;0.02353;2120000;10217857700;B
20240427;101620;0.02353;80000;10217858118;B
20240427;101620;0.023525;100000;10217858122;S
20240427;101620;0.02353;300000;10217858157;B
20240427;101622;0.02353;500000;10217858385;B
20240427;101625;0.023525;10000;10217858729;S
20240427;101625;0.02353;10000;10217858811;B
20240427;101625;0.02353;210000;10217858812;B
20240427;101628;0.023525;10000;10217859215;S
20240427;101632;0.02353;1140000;10217859719;B
20240427;101632;0.02353;1000000;10217859720;B
20240427;101632;0.02353;3000000;10217859721;B
20240427;101634;0.023535;70000;10217860279;B
20240427;101634;0.023535;10000;10217860286;B
20240427;101634;0.023535;10000;10217860417;B
20240427;101635;0.023535;40000;10217860483;B
20240427;101636;0.02353;10000;10217860765;S
20240427;101637;0.02353;100000;10217860918;S
20240427;101638;0.023535;10000;10217861006;B
20240427;101641;0.023535;30000;10217861521;B
20240427;101643;0.023535;10000;10217861805;B
20240427;101644;0.023535;50000;10217862047;B
20240427;101644;0.023535;20000;10217862058;B
20240427;101646;0.02353;50000;10217862231;S
20240427;101647;0.023535;40000;10217862364;B
20240427;101650;0.023535;10000;10217862712;B
20240427;101650;0.023535;20000;10217862812;B
20240427;101651;0.02353;4700000;10217862859;S
20240427;101651;0.02353;10000;10217862860;S
20240427;101651;0.02353;10000;10217862861;S
20240427;101651;0.023525;280000;10217862862;S
20240427;101654;0.02353;10000;10217863266;S
20240427;101657;0.023535;450000;10217863787;B
20240427;101657;0.023535;30000;10217863824;B
20240427;101659;0.023535;50000;10217864207;B
20240427;101700;0.023535;10000;10217864385;B
20240427;101701;0.02353;20000;10217864461;S
20240427;101704;0.023525;10000;10217864949;S
20240427;101704;0.023525;90000;10217864950;S
20240427;101706;0.023535;10000;10217865344;B
20240427;101708;0.023525;10000;10217865575;S
20240427;101708;0.023525;730000;10217865576;S
20240427;101709;0.02352;500000;10217865649;S
20240427;101715;0.023525;40000;10217866375;B
20240427;101715;0.023525;360000;10217866376;B
20240427;101715;0.023525;10000;10217866399;B
20240427;101715;0.023525;150000;10217866432;B
20240427;101716;0.023525;20000;10217866457;B
20240427;101717;0.023525;60000;10217866585;B
20240427;101717;0.023525;10000;10217866607;B
20240427;101719;0.02352;10000;10217866766;S
20240427;101721;0.023525;30000;10217867031;B
20240427;101726;0.02352;10000;10217867503;S
20240427;101726;0.02353;410000;10217867505;B
20240427;101727;0.02352;180000;10217867676;S
20240427;101727;0.02352;100000;10217867677;S
20240427;101727;0.02352;100000;10217867678;S
20240427;101727;0.02352;3620000;10217867679;S
20240427;101729;0.023525;10000;10217867893;B
20240427;101732;0.02352;1000000;10217868505;S
20240427;101734;0.02352;10000;10217869023;S
20240427;101735;0.023525;20000;10217869135;B
20240427;101741;0.023525;10000;10217869841;B
20240427;101742;0.02352;10000;10217869965;S
20240427;101743;0.023525;10000;10217870033;B
20240427;101744;0.023525;10000;10217870132;B
20240427;101744;0.02353;100000;10217870142;B
20240427;101745;0.02353;10000;10217870233;B
20240427;101746;0.02353;50000;10217870357;B
20240427;101747;0.02353;210000;10217870416;B
20240427;101747;0.023525;50000;10217870422;S
20240427;101749;0.02353;20000;10217870597;B
20240427;101752;0.02353;10000;10217870889;B
20240427;101752;0.02353;90000;10217870918;B
20240427;101753;0.02353;10000;10217870947;B
20240427;101755;0.02353;10000;10217871087;B
20240427;101755;0.02353;100000;10217871115;B
20240427;101755;0.02353;10000;10217871124;B
20240427;101756;0.02353;260000;10217871267;B
20240427;101756;0.02353;10000;10217871276;B
20240427;101758;0.02353;180000;10217871477;B
20240427;101759;0.02353;10000;10217871621;B
20240427;101759;0.02353;20000;10217871694;B
20240427;101759;0.02353;10000;10217871740;B
20240427;101801;0.02353;10000;10217872185;B
20240427;101802;0.02353;40000;10217872244;B
20240427;101802;0.02353;230000;10217872299;B
20240427;101802;0.02353;10000;10217872365;B
20240427;101803;0.02353;20000;10217872508;B
20240427;101804;0.02353;50000;10217872601;B
20240427;101806;0.02353;30000;10217872836;B
20240427;101807;0.02353;1000000;10217872985;B
20240427;101809;0.02353;20000;10217873121;B
20240427;101810;0.02353;90000;10217873151;B
20240427;101812;0.02353;10000;10217873404;B
20240427;101814;0.02353;10000;10217873633;B
20240427;101815;0.023525;10000;10217873700;S
20240427;101815;0.023525;10000;10217873701;S
20240427;101818;0.02353;10000;10217873940;B
20240427;101818;0.023525;20000;10217873991;S
20240427;101823;0.02353;10000;10217874479;B
20240427;101824;0.02353;10000;10217874517;B
20240427;101826;0.023525;50000;10217874805;S
20240427;101828;0.02353;30000;10217875129;B
20240427;101828;0.02353;200000;10217875139;B
20240427;101829;0.02353;10000;10217875299;B
20240427;101830;0.02353;90000;10217875331;B
20240427;101830;0.023525;130000;10217875372;S
20240427;101830;0.02352;5360000;10217875373;S
20240427;101830;0.02352;10000;10217875374;S
20240427;101830;0.02352;60000;10217875375;S
20240427;101830;0.02352;10000;10217875376;S
20240427;101830;0.02352;3140000;10217875377;S
20240427;101833;0.02353;10000;10217875671;B
20240427;101833;0.02353;590000;10217875695;B
20240427;101835;0.02353;70000;10217875881;B
20240427;101840;0.02353;50000;10217876434;B
20240427;101841;0.02353;20000;10217876503;B
20240427;101841;0.02353;30000;10217876505;B
20240427;101841;0.02353;300000;10217876600;B
20240427;101843;0.02353;500000;10217876724;B
20240427;101844;0.02353;1390000;10217876776;B
20240427;101844;0.02353;1000000;10217876777;B
20240427;101844;0.02353;3000000;10217876778;B
20240427;101844;0.02353;6000000;10217876779;B
20240427;101844;0.02353;6000000;10217876780;S
20240427;101844;0.02353;100000;10217876815;S
20240427;101846;0.023535;30000;10217876939;B
20240427;101850;0.023535;20000;10217877454;B
20240427;101851;0.023535;50000;10217877592;B
20240427;101852;0.023535;20000;10217877691;B
20240427;101852;0.023535;10000;10217877693;B
20240427;101854;0.023535;10000;10217877836;B
20240427;101856;0.023535;20000;10217877999;B
20240427;101856;0.023535;10000;10217878003;B
20240427;101858;0.023535;70000;10217878152;B
20240427;101859;0.023535;10000;10217878289;B
20240427;101903;0.02353;1060000;10217878610;S
20240427;101907;0.02353;40000;10217878906;S
20240427;101911;0.023535;20000;10217879247;B
20240427;101912;0.02353;1190000;10217879294;S
20240427;101915;0.023535;10000;10217879819;B
20240427;101917;0.023535;10000;10217880113;B
20240427;101918;0.023535;20000;10217880151;B
20240427;101918;0.023535;200000;10217880178;B
20240427;101918;0.02353;10000;10217880185;S
20240427;101918;0.023535;10000;10217880198;B
20240427;101919;0.023535;10000;10217880275;B
20240427;101923;0.02353;300000;10217880664;S
20240427;101924;0.023535;10000;10217880695;B
20240427;101924;0.02353;160000;10217880706;S
20240427;101925;0.023535;510000;10217880747;B
20240427;101925;0.023535;1590000;10217880748;B
20240427;101929;0.02353;70000;10217881128;S
20240427;101930;0.023535;10000;10217881189;B
20240427;101935;0.023535;100000;10217881648;B
20240427;101935;0.02353;60000;10217881649;S
20240427;101940;0.02353;1620000;10217882003;S
20240427;101940;0.02353;10000;10217882004;S
20240427;101940;0.02353;1180000;10217882005;S
20240427;101943;0.023535;1950000;10217882312;B
20240427;101949;0.023535;10000;10217883099;B
20240427;101950;0.023535;1000000;10217883214;B
20240427;101952;0.023535;2000000;10217883439;B
20240427;101954;0.023535;1000000;10217883585;B
20240427;101955;0.023535;20000;10217883643;B
20240427;101957;0.023535;80000;10217883731;B
20240427;101957;0.023535;20000;10217883732;B
20240427;102000;0.023535;50000;10217884113;B
20240427;102003;0.023535;20000;10217884360;B
20240427;102003;0.023535;150000;10217884382;B
20240427;102005;0.023535;10000;10217884524;B
20240427;102007;0.023535;100000;10217884668;B
20240427;102009;0.023535;210000;10217884844;B
20240427;102010;0.023535;10000;10217884891;B
20240427;102012;0.023535;50000;10217885018;B
20240427;102018;0.023535;10000;10217885413;B
20240427;102023;0.02353;10000;10217885795;S
20240427;102026;0.023535;2700000;10217886068;B
20240427;102030;0.023535;10000;10217886309;B
20240427;102033;0.023535;20000;10217886557;B
20240427;102034;0.02353;10000;10217886724;S
20240427;102037;0.023535;50000;10217886941;B
20240427;102039;0.023535;200000;10217887108;B
20240427;102039;0.023535;10000;10217887153;B
20240427;102041;0.023535;20000;10217887280;B
20240427;102045;0.023535;80000;10217887636;B
20240427;102045;0.023535;210000;10217887673;B
20240427;102050;0.02353;10000;10217888066;S
20240427;102050;0.023535;10000;10217888073;B
20240427;102051;0.023535;10000;10217888145;B
20240427;102052;0.023535;4240000;10217888207;B
20240427;102052;0.023535;250000;10217888251;B
20240427;102053;0.023535;160000;10217888254;B
20240427;102053;0.023535;30000;10217888278;B
20240427;102054;0.023535;20000;10217888397;B
20240427;102055;0.023535;10000;10217888417;B
20240427;102055;0.02353;3790000;10217888479;S
20240427;102055;0.02353;10000;10217888480;S
20240427;102055;0.02353;110000;10217888481;S
20240427;102055;0.02353;280000;10217888482;S
20240427;102055;0.02353;370000;10217888483;S
20240427;102055;0.02353;240000;10217888484;S
20240427;102055;0.02353;30000;10217888485;S
20240427;102055;0.02353;70000;10217888486;S
20240427;102055;0.02353;340000;10217888487;S
20240427;102055;0.02353;140000;10217888488;S
20240427;102055;0.02353;280000;10217888489;S
20240427;102055;0.02353;280000;10217888490;S
20240427;102055;0.02353;4060000;10217888491;S
20240427;102101;0.023535;300000;10217888955;B
20240427;102103;0.023535;370000;10217889096;B
20240427;102103;0.023535;100000;10217889149;B
20240427;102104;0.023535;10000;10217889220;B
20240427;102104;0.023535;10000;10217889241;B
20240427;102106;0.02353;900000;10217889407;S
20240427;102107;0.023535;10000;10217889434;B
20240427;102108;0.023535;100000;10217889500;B
20240427;102111;0.023535;10000;10217889695;B
20240427;102113;0.023535;10000;10217889868;B
20240427;102115;0.02353;10000;10217890118;S
20240427;102118;0.023535;20000;10217890497;B
20240427;102119;0.023535;20000;10217890646;B
20240427;102120;0.02353;420000;10217890718;S
20240427;102123;0.023535;2000000;10217891174;B
20240427;102123;0.02353;130000;10217891282;S
20240427;102124;0.023535;50000;10217891287;B
20240427;102124;0.023535;7000000;10217891297;B
20240427;102124;0.023535;10000;10217891338;B
20240427;102124;0.02353;280000;10217891357;S
20240427;102125;0.023535;20000;10217891408;B
20240427;102129;0.023535;50000;10217892392;B
20240427;102131;0.023535;10000;10217892846;B
20240427;102132;0.023535;10000;10217893052;B
20240427;102135;0.023535;10000;10217893440;B
20240427;102137;0.02353;10000;10217893559;S
20240427;102137;0.02353;120000;10217893598;S
20240427;102138;0.02353;10000;10217893681;S
20240427;102138;0.023535;20000;10217893697;B
20240427;102141;0.023535;100000;10217893907;B
20240427;102142;0.023535;10000;10217893989;B
20240427;102143;0.023535;150000;10217894053;B
20240427;102146;0.02353;10000;10217894192;S
20240427;102147;0.02353;10000;10217894308;S
20240427;102148;0.023535;20000;10217894393;B
20240427;102149;0.023535;3140000;10217894403;B
20240427;102149;0.023535;3450000;10217894404;B
20240427;102149;0.023535;3410000;10217894405;B
20240427;102149;0.02353;300000;10217894430;S
20240427;102149;0.023535;20000;10217894437;B
20240427;102149;0.023535;50000;10217894441;B
20240427;102150;0.023535;100000;10217894472;B
20240427;102150;0.023535;20000;10217894498;B
20240427;102151;0.023535;50000;10217894538;B
20240427;102151;0.023535;20000;10217894570;B
20240427;102152;0.023535;20000;10217894625;B
20240427;102152;0.023535;10000;10217894639;B
20240427;102152;0.023535;20000;10217894667;B
20240427;102153;0.023535;20000;10217894697;B
20240427;102153;0.023535;70000;10217894698;B
20240427;102153;0.023535;10000;10217894829;B
20240427;102153;0.023535;30000;10217894836;B
20240427;102154;0.023535;20000;10217894845;B
20240427;102154;0.023535;20000;10217894893;B
20240427;102157;0.023535;200000;10217895095;B
20240427;102157;0.023535;10000;10217895103;B
20240427;102203;0.023535;60000;10217895641;B
20240427;102205;0.023535;10000;10217895734;B
20240427;102205;0.023535;500000;10217895746;B
20240427;102207;0.023535;40000;10217895904;B
20240427;102211;0.023535;40000;10217896211;B
20240427;102212;0.023535;20000;10217896262;B
20240427;102212;0.023535;10000;10217896299;B
20240427;102213;0.023535;20000;10217896356;B
20240427;102218;0.023535;10000;10217896804;B
20240427;102221;0.023535;10000;10217897057;B
20240427;102222;0.02353;10000;10217897180;S
20240427;102224;0.023535;10000;10217897381;B
20240427;102226;0.023535;50000;10217897685;B
20240427;102227;0.023535;20000;10217897778;B
20240427;102230;0.02353;170000;10217898090;S
20240427;102231;0.02353;20000;10217898193;S
20240427;102232;0.02353;1160000;10217898345;S
20240427;102232;0.02353;100000;10217898346;S
20240427;102232;0.02353;950000;10217898347;S
20240427;102233;0.02353;10000;10217898364;S
20240427;102234;0.023535;50000;10217898568;B
20240427;102235;0.023535;70000;10217898678;B
20240427;102236;0.02353;10000;10217898827;S
20240427;102237;0.023535;10000;10217898878;B
20240427;102240;0.02353;100000;10217899123;S
20240427;102240;0.02353;100000;10217899130;S
20240427;102241;0.02353;100000;10217899134;S
20240427;102241;0.02353;100000;10217899142;S
20240427;102241;0.02353;100000;10217899145;S
20240427;102241;0.023535;10000;10217899147;B
20240427;102241;0.02353;100000;10217899150;S
20240427;102241;0.02353;100000;10217899157;S
20240427;102241;0.02353;100000;10217899163;S
20240427;102244;0.02353;350000;10217899516;S
20240427;102245;0.02353;100000;10217899569;S
20240427;102246;0.023535;10000;10217899600;B
20240427;102250;0.023535;10000;10217900182;B
20240427;102254;0.023535;20000;10217900430;B
20240427;102302;0.023535;10000;10217901741;B
20240427;102305;0.02353;30000;10217901999;S
20240427;102305;0.02353;80000;10217902000;S
20240427;102305;0.02353;10000;10217902001;S
20240427;102307;0.02353;80000;10217902213;S
20240427;102308;0.02353;10000;10217902355;S
20240427;102309;0.023535;120000;10217902375;B
20240427;102309;0.023535;1000000;10217902449;B
20240427;102311;0.023535;120000;10217902560;B
20240427;102312;0.023535;300000;10217902695;B
20240427;102316;0.023535;50000;10217902966;B
20240427;102316;0.023535;50000;10217903037;B
20240427;102319;0.023535;50000;10217903183;B
20240427;102320;0.023535;30000;10217903306;B
20240427;102322;0.023535;440000;10217903385;B
20240427;102323;0.02353;10000;10217903529;S
20240427;102323;0.02353;30000;10217903530;S
20240427;102326;0.023535;10000;10217903894;B
20240427;102329;0.023535;20000;10217904434;B
20240427;102329;0.023535;50000;10217904437;B
20240427;102329;0.023535;380000;10217904438;B
20240427;102329;0.02353;50000;10217904449;S
20240427;102337;0.023535;10000;10217905299;B
20240427;102338;0.023535;50000;10217905315;B
20240427;102338;0.02353;670000;10217905358;S
20240427;102338;0.02353;20000;10217905359;S
20240427;102338;0.02353;240000;10217905360;S
20240427;102338;0.023535;300000;10217905389;B
20240427;102338;0.023535;100000;10217905418;B
20240427;102350;0.02353;700000;10217906306;S
20240427;102350;0.023535;10000;10217906307;B
20240427;102351;0.023535;100000;10217906359;B
20240427;102356;0.023535;10000;10217906714;B
20240427;102358;0.023535;10000;10217906860;B
20240427;102400;0.02353;10000;10217907000;S
20240427;102400;0.023525;90000;10217907001;S
20240427;102402;0.02353;10000;10217907097;B
20240427;102403;0.02353;10000;10217907202;B
20240427;102403;0.023525;50000;10217907213;S
20240427;102404;0.02353;30000;10217907226;B
20240427;102404;0.023525;20000;10217907262;S
20240427;102406;0.02353;100000;10217907409;B
20240427;102406;0.023535;900000;10217907410;B
20240427;102407;0.023535;1000000;10217907438;B
20240427;102407;0.023535;10000;10217907458;B
20240427;102411;0.023535;20000;10217907771;B
20240427;102412;0.023535;10000;10217907822;B
20240427;102415;0.023525;10000;10217908120;S
20240427;102417;0.023535;10000;10217908361;B
20240427;102420;0.023525;10000;10217908607;S
20240427;102420;0.023535;20000;10217908684;B
20240427;102422;0.023535;750000;10217908833;B
20240427;102423;0.023535;20000;10217908915;B
20240427;102423;0.023525;10000;10217908935;S
20240427;102425;0.023535;10000;10217909050;B
20240427;102428;0.023525;10000;10217909553;S
20240427;102428;0.023525;40000;10217909554;S
20240427;102428;0.023525;10000;10217909555;S
20240427;102428;0.023525;80000;10217909556;S
20240427;102429;0.023535;100000;10217909698;B
20240427;102430;0.02353;10000;10217909818;B
20240427;102430;0.02353;30000;10217909855;B
20240427;102430;0.02353;40000;10217909882;B
20240427;102431;0.02353;80000;10217910083;B
20240427;102433;0.02353;30000;10217910339;B
20240427;102433;0.02353;30000;10217910352;B
20240427;102434;0.023525;20000;10217910445;S
20240427;102434;0.023525;90000;10217910446;S
20240427;102434;0.023525;60000;10217910447;S
20240427;102434;0.02352;140000;10217910448;S
20240427;102437;0.02353;10000;10217910616;B
20240427;102437;0.02353;20000;10217910629;B
20240427;102440;0.02353;50000;10217910991;B
20240427;102441;0.02353;10000;10217911056;B
20240427;102442;0.02353;150000;10217911130;B
20240427;102443;0.02353;10000;10217911185;B
20240427;102445;0.02353;10000;10217911282;B
20240427;102448;0.023535;10000;10217911477;B
20240427;102448;0.023525;30000;10217911535;S
20240427;102451;0.023535;10000;10217911679;B
20240427;102452;0.023535;990000;10217911789;B
20240427;102452;0.023535;6000000;10217911790;B
20240427;102452;0.023535;6060000;10217911791;B
20240427;102452;0.023535;3450000;10217911792;B
20240427;102452;0.023535;100000;10217911793;B
20240427;102458;0.023535;10000;10217912187;S
20240427;102500;0.02354;500000;10217912275;B
20240427;102500;0.02354;60000;10217912276;B
20240427;102500;0.023545;6000000;10217912277;B
20240427;102500;0.023545;6060000;10217912278;B
20240427;102500;0.023545;11470000;10217912279;B
20240427;102500;0.023545;3450000;10217912280;B
20240427;102500;0.023545;100000;10217912281;B
20240427;102500;0.02355;7820000;10217912282;B
20240427;102500;0.02355;6000000;10217912283;B
20240427;102500;0.02355;6060000;10217912284;B
20240427;102500;0.02355;140000;10217912285;B
20240427;102500;0.02355;4050000;10217912286;B
20240427;102500;0.02355;30000;10217912287;B
20240427;102500;0.02355;11780000;10217912288;B
20240427;102500;0.02355;1000000;10217912289;B
20240427;102500;0.02355;10000;10217912290;B
20240427;102500;0.02355;10000;10217912291;B
20240427;102500;0.02355;3000000;10217912292;B
20240427;102500;0.02355;31880000;10217912293;B
20240427;102500;0.023545;2000000;10217912312;S
20240427;102500;0.02355;20000;10217912313;B
20240427;102501;0.023545;1000000;10217912394;S
20240427;102501;0.023545;3450000;10217912395;S
20240427;102501;0.023545;1000000;10217912396;S
20240427;102501;0.02354;1000000;10217912397;S
20240427;102501;0.02354;4250000;10217912398;S
20240427;102501;0.02354;5100000;10217912399;S
20240427;102501;0.02354;6640000;10217912400;S
20240427;102501;0.02355;6040000;10217912422;B
20240427;102501;0.02355;3000000;10217912423;B
20240427;102501;0.02355;11460000;10217912424;B
20240427;102501;0.02355;3450000;10217912425;B
20240427;102501;0.02355;1000000;10217912426;B
20240427;102501;0.023555;6060000;10217912427;B
20240427;102501;0.023555;10000;10217912428;B
20240427;102501;0.023555;200000;10217912429;B
20240427;102501;0.023555;6000000;10217912430;B
20240427;102501;0.023555;60000000;10217912431;B
20240427;102501;0.023555;80000;10217912432;B
20240427;102501;0.023555;4460000;10217912433;B
20240427;102501;0.023555;100000;10217912434;B
20240427;102501;0.023555;1000000;10217912435;B
20240427;102501;0.023555;5000000;10217912436;B
20240427;102501;0.023555;100000;10217912437;B
20240427;102501;0.023555;10000;10217912438;B
20240427;102502;0.023555;10000;10217912487;B
20240427;102502;0.023545;260000;10217912502;S
20240427;102502;0.023555;10000;10217912604;B
20240427;102506;0.023555;20000;10217912863;B
20240427;102508;0.023545;10000;10217913030;S
20240427;102509;0.023555;10000;10217913090;B
20240427;102513;0.023555;30000;10217913356;B
20240427;102513;0.023555;10000;10217913367;B
20240427;102513;0.023555;50000;10217913409;B
20240427;102513;0.023555;20000;10217913410;B
20240427;102514;0.023555;70000;10217913423;B
20240427;102514;0.02355;10000;10217913472;S
20240427;102515;0.023555;100000;10217913482;B
20240427;102516;0.02355;50000;10217913586;S
20240427;102518;0.023555;10000;10217913702;B
20240427;102520;0.02355;210000;10217913877;S
20240427;102520;0.023555;10000;10217913882;B
20240427;102521;0.023555;10000;10217913935;B
20240427;102521;0.023555;5720000;10217913942;B
20240427;102521;0.02356;4230000;10217913943;B
20240427;102522;0.02355;10000;10217913970;S
20240427;102523;0.023555;20000;10217914031;B
20240427;102523;0.023555;20000;10217914038;B
20240427;102524;0.023555;60000;10217914138;B
20240427;102528;0.023555;50000;10217914409;B
20240427;102531;0.02355;190000;10217914630;S
20240427;102535;0.02356;10000;10217915223;B
20240427;102536;0.02355;530000;10217915325;S
20240427;102536;0.02355;100000;10217915326;S
20240427;102536;0.02355;3000000;10217915327;S
20240427;102536;0.02355;1370000;10217915328;S
20240427;102539;0.023555;50000;10217915463;B
20240427;102540;0.023555;40000;10217915545;B
20240427;102540;0.02356;1820000;10217915580;B
20240427;102540;0.02356;6000000;10217915581;B
20240427;102540;0.02356;200000;10217915582;B
20240427;102540;0.02356;200000;10217915583;B
20240427;102540;0.02356;10000;10217915584;B
20240427;102540;0.02356;4250000;10217915585;B
20240427;102540;0.02356;3450000;10217915586;B
20240427;102540;0.02356;10000;10217915587;B
20240427;102540;0.02356;1000000;10217915588;B
20240427;102540;0.02356;5100000;10217915589;B
20240427;102540;0.02356;2960000;10217915590;B
20240427;102542;0.02355;10000;10217915722;S
20240427;102544;0.02356;200000;10217915872;B
20240427;102549;0.02356;200000;10217916169;B
20240427;102550;0.023555;10000;10217916192;S
20240427;102550;0.023555;500000;10217916212;S
20240427;102554;0.02356;40000;10217916520;B
20240427;102555;0.02356;50000;10217916532;B
20240427;102555;0.02356;100000;10217916577;B
20240427;102558;0.02355;60000;10217916742;S
20240427;102600;0.02355;670000;10217916892;S
20240427;102600;0.02356;10000;10217916909;B
20240427;102601;0.02356;2400000;10217916988;B
20240427;102601;0.02356;3950000;10217916989;B
20240427;102604;0.023555;10000;10217917226;B
20240427;102606;0.023555;10000;10217917344;B
20240427;102607;0.02355;10000;10217917408;S
20240427;102608;0.023555;10000;10217917569;B
20240427;102610;0.023555;10000;10217917677;B
20240427;102610;0.023555;90000;10217917699;B
20240427;102613;0.02355;10000;10217917954;S
20240427;102613;0.023555;10000;10217917976;B
20240427;102616;0.023555;30000;10217918392;B
20240427;102616;0.023555;210000;10217918463;B
20240427;102617;0.02355;20000;10217918466;S
20240427;102624;0.023555;10000;10217918999;B
20240427;102626;0.02355;80000;10217919194;S
20240427;102627;0.023555;10000;10217919222;B
20240427;102627;0.023555;20000;10217919226;B
20240427;102630;0.023555;10000;10217919426;B
20240427;102633;0.023555;350000;10217919715;B
20240427;102634;0.023555;20000;10217919748;B
20240427;102634;0.02355;140000;10217919756;S
20240427;102634;0.02355;1000000;10217919757;S
20240427;102634;0.02355;420000;10217919758;S
20240427;102635;0.02355;190000;10217919867;B
20240427;102638;0.02355;10000;10217920083;B
20240427;102638;0.02355;10000;10217920084;B
20240427;102641;0.02355;40000;10217920315;B
20240427;102642;0.023545;30000;10217920435;S
20240427;102644;0.02355;500000;10217920608;B
20240427;102645;0.02355;100000;10217920619;B
20240427;102647;0.02355;2590000;10217920698;B
20240427;102647;0.023555;3000000;10217920719;S
20240427;102647;0.023555;1480000;10217920720;S
20240427;102647;0.023555;20000;10217920721;S
20240427;102648;0.023555;30000;10217920804;S
20240427;102648;0.02356;10000;10217920831;B
20240427;102648;0.023555;2970000;10217920834;S
20240427;102649;0.023555;30000;10217921002;B
20240427;102649;0.023555;970000;10217921003;B
20240427;102653;0.02356;10000;10217921386;B
20240427;102657;0.02356;20000;10217921874;B
20240427;102701;0.023565;50000;10217922419;B
20240427;102702;0.02356;1440000;10217922687;S
20240427;102702;0.02356;100000;10217922703;B
20240427;102703;0.02356;2900000;10217922854;B
20240427;102703;0.02356;300000;10217922855;B
20240427;102703;0.023565;6010000;10217922856;B
20240427;102703;0.023565;790000;10217922857;B
20240427;102703;0.023555;30000;10217922878;S
20240427;102704;0.02356;10000;10217923083;B
20240427;102708;0.023565;40000;10217923333;B
20240427;102708;0.02356;3000000;10217923370;B
20240427;102708;0.02356;1000000;10217923371;B
20240427;102708;0.023565;5170000;10217923372;B
20240427;102708;0.023565;200000;10217923373;B
20240427;102708;0.023565;630000;10217923374;B
20240427;102710;0.023565;10000;10217923478;B
20240427;102711;0.023565;10000;10217923560;B
20240427;102712;0.023555;110000;10217923588;S
20240427;102716;0.023565;50000;10217923862;B
20240427;102717;0.023555;10000;10217923925;S
20240427;102718;0.02356;30000;10217923979;B
20240427;102718;0.023555;110000;10217923981;S
20240427;102719;0.02356;20000;10217924034;B
20240427;102719;0.02356;10000;10217924070;B
20240427;102721;0.023555;2740000;10217924293;S
20240427;102721;0.023555;110000;10217924294;S
20240427;102722;0.023555;10000;10217924310;B
20240427;102723;0.02355;50000;10217924385;S
20240427;102724;0.023555;60000;10217924479;B
20240427;102724;0.02355;880000;10217924494;S
20240427;102726;0.023555;20000;10217924580;B
20240427;102728;0.023555;10000;10217924756;B
20240427;102729;0.023555;10000;10217924783;B
20240427;102729;0.023555;10000;10217924807;B
20240427;102731;0.023555;480000;10217924978;B
20240427;102732;0.023555;10000;10217925063;B
20240427;102737;0.023555;20000;10217925356;B
20240427;102737;0.023555;50000;10217925363;B
20240427;102738;0.023555;20000;10217925458;B
20240427;102738;0.023555;20000;10217925483;B
20240427;102742;0.02355;10000;10217925747;S
20240427;102742;0.023555;10000;10217925768;B
20240427;102742;0.02355;20000;10217925769;S
20240427;102742;0.023555;10000;10217925795;B
20240427;102748;0.023555;10000;10217926335;B
20240427;102752;0.023555;130000;10217926744;B
20240427;102756;0.023555;10000;10217927063;B
20240427;102759;0.023555;1260000;10217927336;B
20240427;102759;0.023555;10000;10217927337;B
20240427;102759;0.023555;1730000;10217927338;B
20240427;102800;0.023555;10000;10217927460;B
20240427;102804;0.02355;10000;10217928068;S
20240427;102809;0.023555;10000;10217928517;B
20240427;102815;0.023555;20000;10217929041;B
20240427;102816;0.023555;160000;10217929180;B
20240427;102816;0.023555;840000;10217929181;B
20240427;102817;0.023555;10000;10217929253;B
20240427;102819;0.023555;10000;10217929500;B
20240427;102825;0.02355;990000;10217929928;S
20240427;102828;0.023555;10000;10217930156;B
20240427;102829;0.023555;20000;10217930212;B
20240427;102829;0.02355;120000;10217930243;S
20240427;102830;0.023555;10000;10217930402;B
20240427;102834;0.023555;10000;10217930783;B
20240427;102837;0.023555;2090000;10217930994;B
20240427;102837;0.023555;1200000;10217930995;B
20240427;102838;0.023555;10000;10217931083;B
20240427;102844;0.023555;20000;10217931477;B
20240427;102844;0.023555;570000;10217931478;B
20240427;102852;0.023555;10000;10217932080;B
20240427;102904;0.023555;40000;10217932972;B
20240427;102905;0.02355;10000;10217933069;S
20240427;102906;0.02355;500000;10217933119;S
20240427;102906;0.02355;500000;10217933166;S
20240427;102907;0.023555;20000;10217933271;B
20240427;102909;0.023555;220000;10217933336;B
20240427;102909;0.023555;280000;10217933337;B
20240427;102911;0.023555;1840000;10217933495;B
20240427;102913;0.02355;70000;10217933638;S
20240427;102913;0.023555;1700000;10217933639;B
20240427;102914;0.023555;40000;10217933713;B
20240427;102914;0.023555;150000;10217933737;B
20240427;102915;0.023555;10000;10217933794;B
20240427;102920;0.023555;3500000;10217934151;B
20240427;102923;0.02355;10000;10217934316;S
20240427;102923;0.023555;3450000;10217934338;B
20240427;102923;0.023555;1000000;10217934339;B
20240427;102923;0.023555;5550000;10217934340;B
20240427;102924;0.023555;10000;10217934392;B
20240427;102924;0.023555;70000;10217934394;B
20240427;102925;0.023555;10000;10217934491;B
20240427;102926;0.02355;160000;10217934588;S
20240427;102928;0.023555;20000;10217934813;B
20240427;102930;0.023555;120000;10217934931;B
20240427;102935;0.023555;50000;10217935307;B
20240427;102935;0.023555;10000;10217935333;B
20240427;102939;0.023555;100000;10217935628;B
20240427;102940;0.023555;10000;10217935690;B
20240427;102942;0.023555;150000;10217935804;B
20240427;102942;0.023555;10000;10217935872;B
20240427;102947;0.02355;90000;10217936272;S
20240427;102948;0.023555;100000;10217936340;B
20240427;102948;0.023555;20000;10217936365;B
20240427;102952;0.02355;500000;10217936620;S
20240427;102954;0.023555;10000;10217936768;B
20240427;102955;0.02355;10000;10217936852;S
20240427;102955;0.02355;40000;10217936891;S
20240427;102956;0.023555;10000;10217936950;B
20240427;102957;0.02355;10000;10217937001;S
20240427;103002;0.02355;20000;10217937420;S
20240427;103003;0.023555;10000;10217937523;B
20240427;103009;0.023555;550000;10217938289;B
20240427;103009;0.023555;10000;10217938301;B
20240427;103015;0.023555;10000;10217938930;B
20240427;103015;0.023555;50000;10217938973;B
20240427;103019;0.023555;10000;10217939160;B
20240427;103019;0.023555;50000;10217939170;B
20240427;103022;0.023555;10000;10217939482;B
20240427;103022;0.02355;30000;10217939493;S
20240427;103023;0.02355;390000;10217939563;S
20240427;103023;0.023555;10000;10217939593;B
20240427;103024;0.023555;10000;10217939693;B
20240427;103025;0.023555;50000;10217939850;B
20240427;103026;0.023555;4250000;10217939931;B
