<DATE>;<TIME>;<LAST>;<VOL>;<ID>;<OPER>
20240416;095938;0.02374;20000;10131411387;S
20240416;095938;0.02374;180000;10131411388;S
20240416;095938;0.02374;10000;10131411389;S
20240416;095938;0.02374;10000;10131411390;S
20240416;095938;0.02374;130000;10131411391;S
20240416;095938;0.02374;10000;10131411392;S
20240416;095938;0.02374;210000;10131411393;S
20240416;095938;0.02374;1000000;10131411394;B
20240416;095938;0.02374;450000;10131411395;B
20240416;095938;0.02374;550000;10131411396;B
20240416;095938;0.02374;30000;10131411397;B
20240416;095938;0.02374;40000;10131411398;B
20240416;095938;0.02374;10000;10131411399;B
20240416;095938;0.02374;1000000;10131411400;B
20240416;095938;0.02374;10000;10131411401;B
20240416;095938;0.02374;100000;10131411402;B
20240416;095938;0.02374;600000;10131411403;B
20240416;095938;0.02374;50000;10131411404;B
20240416;095938;0.02374;10000;10131411405;B
20240416;095938;0.02374;200000;10131411406;B
20240416;095938;0.02374;30000;10131411407;B
20240416;095938;0.02374;150000;10131411408;B
20240416;095938;0.02374;2500000;10131411409;B
20240416;095938;0.02374;10000;10131411410;B
20240416;095938;0.02374;1000000;10131411411;B
20240416;095938;0.02374;3120000;10131411412;S
20240416;095938;0.02374;10000;10131411413;B
20240416;095938;0.02374;50000;10131411414;S
20240416;095938;0.02374;10000;10131411415;S
20240416;095938;0.02374;200000;10131411416;B
20240416;095938;0.02374;110000;10131411417;S
20240416;095938;0.02374;50000;10131411418;B
20240416;095938;0.02374;20000;10131411419;S
20240416;095938;0.02374;300000;10131411420;S
20240416;095938;0.02374;330000;10131411421;B
20240416;095938;0.02374;2140000;10131411422;B
20240416;095938;0.02374;200000;10131411423;B
20240416;095938;0.02374;1500000;10131411424;B
20240416;095938;0.02374;100000;10131411425;S
20240416;095938;0.02374;10000;10131411426;S
20240416;095938;0.02374;10000;10131411427;S
20240416;095938;0.02374;1040000;10131411428;S
20240416;095938;0.02374;200000;10131411429;S
20240416;095938;0.02374;13760000;10131411430;S
20240416;095938;0.02374;30000;10131411431;B
20240416;095938;0.02374;2000000;10131411432;B
20240416;095938;0.02374;10000;10131411433;S
20240416;095938;0.02374;10000;10131411434;B
20240416;095938;0.02374;20000;10131411435;B
20240416;095938;0.02374;10000;10131411436;B
20240416;095938;0.02374;2500000;10131411437;S
20240416;095938;0.02374;10000;10131411438;B
20240416;095938;0.02374;40000;10131411439;B
20240416;095938;0.02374;10000;10131411440;B
20240416;095938;0.02374;10000;10131411441;B
20240416;095938;0.02374;10000;10131411442;B
20240416;095938;0.02374;10000;10131411443;B
20240416;095938;0.02374;10000;10131411444;B
20240416;095938;0.02374;10000;10131411445;B
20240416;095938;0.02374;150000;10131411446;B
20240416;095938;0.02374;10000;10131411447;B
20240416;095938;0.02374;10000;10131411448;B
20240416;095938;0.02374;50000;10131411449;B
20240416;095938;0.02374;50000;10131411450;B
20240416;095938;0.02374;3000000;10131411451;B
20240416;095938;0.02374;3280000;10131411452;B
20240416;095938;0.02374;50000;10131411453;B
20240416;095938;0.02374;10000;10131411454;B
20240416;095938;0.02374;100000;10131411455;B
20240416;095938;0.02374;10000;10131411456;B
20240416;095938;0.02374;100000;10131411457;B
20240416;095938;0.02374;10000;10131411458;B
20240416;095938;0.02374;3330000;10131411459;B
20240416;095938;0.02374;30000;10131411460;B
20240416;095938;0.02374;200000;10131411461;B
20240416;095938;0.02374;2500000;10131411462;S
20240416;095938;0.02374;10000;10131411463;S
20240416;095938;0.02374;700000;10131411464;B
20240416;095938;0.02374;700000;10131411465;B
20240416;095938;0.02374;30340000;10131411466;S
20240416;100000;0.023745;200000;10131417795;B
20240416;100000;0.023745;3000000;10131417809;B
20240416;100000;0.023745;100000;10131417816;B
20240416;100000;0.023745;300000;10131418039;B
20240416;100000;0.023745;5000000;10131418224;B
20240416;100001;0.02374;10000;10131418579;S
20240416;100001;0.023745;80000;10131418581;B
20240416;100001;0.023745;2690000;10131418812;B
20240416;100001;0.02375;10000;10131418813;B
20240416;100001;0.02375;10000000;10131418814;B
20240416;100001;0.02375;5700000;10131418815;B
20240416;100001;0.023755;1600000;10131418816;B
20240416;100002;0.02375;10000;10131419925;B
20240416;100002;0.02375;30000;10131419929;B
20240416;100002;0.02375;10000;10131420015;B
20240416;100004;0.023745;10000;10131421103;B
20240416;100004;0.023745;10000;10131421239;B
20240416;100004;0.023745;10000;10131421241;B
20240416;100004;0.023745;10000;10131421243;B
20240416;100004;0.02374;20000;10131421245;S
20240416;100004;0.023745;10000;10131421246;B
20240416;100004;0.023745;10000;10131421368;B
20240416;100004;0.023745;10000;10131421369;B
20240416;100004;0.023745;10000;10131421370;B
20240416;100004;0.023745;10000;10131421371;B
20240416;100004;0.02374;10000;10131421372;S
20240416;100004;0.02374;10000;10131421373;S
20240416;100005;0.023745;10000;10131421687;B
20240416;100005;0.02374;120000;10131421690;S
20240416;100005;0.02374;120000;10131421692;S
20240416;100005;0.023745;10000;10131421695;B
20240416;100005;0.023745;10000;10131421699;B
20240416;100005;0.023745;10000;10131421700;B
20240416;100005;0.023745;10000;10131421709;B
20240416;100005;0.023745;10000;10131421715;B
20240416;100005;0.023745;10000;10131421718;B
20240416;100005;0.023745;120000;10131421721;B
20240416;100005;0.02374;20000;10131421722;S
20240416;100005;0.023745;10000;10131422080;B
20240416;100005;0.023745;10000;10131422083;B
20240416;100005;0.023745;50000;10131422084;B
20240416;100005;0.023745;10000;10131422085;B
20240416;100005;0.02374;10000;10131422087;S
20240416;100005;0.023745;10000;10131422090;B
20240416;100005;0.02374;10000;10131422095;S
20240416;100005;0.02374;10000;10131422099;S
20240416;100005;0.02374;10000;10131422101;S
20240416;100005;0.023745;10000;10131422103;B
20240416;100005;0.023745;10000;10131422104;B
20240416;100005;0.023745;10000;10131422391;B
20240416;100005;0.023745;10000;10131422393;B
20240416;100005;0.02374;90000;10131422394;S
20240416;100005;0.02374;40000;10131422395;S
20240416;100005;0.023745;50000;10131422396;B
20240416;100005;0.023745;10000;10131422398;B
20240416;100005;0.02374;10000;10131422399;S
20240416;100005;0.02374;10000;10131422401;S
20240416;100005;0.023745;10000;10131422403;B
20240416;100005;0.02374;10000;10131422404;S
20240416;100005;0.023745;10000;10131422406;B
20240416;100005;0.023745;10000;10131422623;B
20240416;100005;0.023745;10000;10131422631;B
20240416;100005;0.02374;10000;10131422633;S
20240416;100005;0.023745;10000;10131422637;B
20240416;100005;0.02374;43000000;10131422639;S
20240416;100005;0.023745;10000;10131422644;B
20240416;100005;0.02374;50000;10131422662;S
20240416;100005;0.02374;50000;10131422665;S
20240416;100005;0.023745;40000;10131422669;B
20240416;100005;0.02374;10000;10131422671;S
20240416;100005;0.02374;10000;10131422696;S
20240416;100005;0.02374;20000;10131422700;S
20240416;100005;0.023745;10000;10131422701;B
20240416;100005;0.023745;10000;10131422709;B
20240416;100005;0.02374;20000;10131422710;S
20240416;100005;0.023745;10000;10131422711;B
20240416;100005;0.023745;10000;10131422740;B
20240416;100006;0.023745;50000;10131423007;B
20240416;100006;0.023745;250000;10131423036;B
20240416;100006;0.023745;10000;10131423153;B
20240416;100006;0.023745;10000;10131423160;B
20240416;100006;0.023745;20000;10131423169;B
20240416;100006;0.023745;10000;10131423175;B
20240416;100006;0.023745;10000;10131423180;B
20240416;100006;0.02374;10000;10131423185;S
20240416;100006;0.023745;10000;10131423188;B
20240416;100006;0.023745;10000;10131423193;B
20240416;100006;0.023745;10000;10131423196;B
20240416;100006;0.023745;10000;10131423202;B
20240416;100006;0.023745;10000;10131423227;B
20240416;100006;0.02374;10000;10131423429;S
20240416;100006;0.023745;30000;10131423430;B
20240416;100006;0.023745;10000;10131423431;B
20240416;100006;0.02374;10000;10131423432;S
20240416;100006;0.023745;10000;10131423433;B
20240416;100006;0.023745;10000;10131423434;B
20240416;100006;0.023745;10000;10131423435;B
20240416;100006;0.023745;20000;10131423436;B
20240416;100007;0.023745;10000;10131423823;B
20240416;100007;0.023745;10000;10131423826;B
20240416;100007;0.023745;50000;10131423827;B
20240416;100007;0.02374;10000;10131423828;S
20240416;100007;0.02374;10000;10131423829;S
20240416;100007;0.023745;50000;10131423830;B
20240416;100007;0.023745;10000;10131423831;B
20240416;100007;0.023745;20000;10131423833;B
20240416;100007;0.02374;10000;10131423834;S
20240416;100007;0.023745;10000;10131423835;B
20240416;100007;0.02374;10000;10131424042;S
20240416;100007;0.023745;10000;10131424047;B
20240416;100007;0.023745;10000;10131424048;B
20240416;100007;0.023745;50000;10131424050;B
20240416;100007;0.02374;290000;10131424077;S
20240416;100007;0.02374;10000;10131424079;S
20240416;100007;0.023745;10000;10131424082;B
20240416;100007;0.023745;10000;10131424089;B
20240416;100007;0.023745;10000;10131424090;B
20240416;100007;0.023745;10000;10131424091;B
20240416;100007;0.023745;10000;10131424095;B
20240416;100007;0.02374;10000;10131424102;S
20240416;100007;0.02374;10000;10131424103;S
20240416;100007;0.023745;10000;10131424104;B
20240416;100007;0.02374;20000;10131424231;S
20240416;100007;0.023745;10000;10131424232;B
20240416;100007;0.023745;10000;10131424233;B
20240416;100007;0.02374;10000;10131424234;S
20240416;100007;0.023745;10000;10131424235;B
20240416;100007;0.023745;10000;10131424237;B
20240416;100007;0.02374;10000;10131424513;S
20240416;100007;0.023745;10000;10131424514;B
20240416;100007;0.023745;10000;10131424516;B
20240416;100007;0.023745;10000;10131424517;B
20240416;100007;0.023745;10000;10131424518;B
20240416;100007;0.02374;10000;10131424711;S
20240416;100007;0.023745;10000;10131424712;B
20240416;100007;0.02374;50000;10131424713;S
20240416;100007;0.023745;10000;10131424714;B
20240416;100007;0.02374;10000;10131424715;S
20240416;100007;0.02374;20000;10131424716;S
20240416;100007;0.023745;10000;10131424717;B
20240416;100007;0.023745;10000;10131424718;B
20240416;100007;0.023745;10000;10131424719;B
20240416;100007;0.023745;10000;10131424720;B
20240416;100007;0.023745;10000;10131424721;B
20240416;100007;0.02374;80000;10131424722;S
20240416;100007;0.023745;10000;10131424723;B
20240416;100007;0.02374;30000;10131424724;S
20240416;100007;0.023745;10000;10131424725;B
20240416;100007;0.02374;10000;10131424783;S
20240416;100007;0.02374;170000;10131424917;S
20240416;100007;0.02374;60000;10131424925;S
20240416;100008;0.023745;10000;10131425350;B
20240416;100008;0.023745;10000;10131425352;B
20240416;100008;0.02374;30000;10131425356;S
20240416;100008;0.023745;10000;10131425358;B
20240416;100008;0.02374;10000;10131425361;S
20240416;100008;0.023745;10000;10131425364;B
20240416;100008;0.023745;40000;10131425368;B
20240416;100008;0.023745;40000;10131425372;B
20240416;100008;0.023745;10000;10131425374;B
20240416;100008;0.023745;10000;10131425376;B
20240416;100008;0.02374;20000;10131425379;S
20240416;100008;0.02374;10000;10131425384;S
20240416;100008;0.023745;10000;10131425385;B
20240416;100008;0.023745;40000;10131425464;B
20240416;100008;0.02374;10000;10131425466;S
20240416;100008;0.023745;10000;10131425467;B
20240416;100008;0.023745;50000;10131425469;B
20240416;100008;0.023745;10000;10131425473;B
20240416;100008;0.02374;10000;10131425483;S
20240416;100008;0.023745;10000;10131426255;B
20240416;100008;0.023745;10000;10131426260;B
20240416;100008;0.023745;10000;10131426264;B
20240416;100008;0.02374;50000;10131426269;S
20240416;100008;0.023745;10000;10131426273;B
20240416;100008;0.023745;10000;10131426276;B
20240416;100008;0.023745;10000;10131426280;B
20240416;100008;0.023745;10000;10131426283;B
20240416;100008;0.02374;40000;10131426286;S
20240416;100008;0.023745;60000;10131426374;B
20240416;100008;0.023745;10000;10131426376;B
20240416;100008;0.02374;10000;10131426380;S
20240416;100008;0.02374;40000;10131426383;S
20240416;100008;0.02374;20000;10131426387;S
20240416;100008;0.02374;30000;10131426391;S
20240416;100008;0.023745;10000;10131426396;B
20240416;100008;0.02374;70000;10131426416;S
20240416;100008;0.02374;10000;10131426421;S
20240416;100008;0.023745;10000;10131426426;B
20240416;100008;0.02374;10000;10131426428;S
20240416;100008;0.02374;20000;10131426431;S
20240416;100009;0.023745;10000;10131426669;B
20240416;100009;0.023745;10000;10131426768;B
20240416;100009;0.023745;10000;10131426771;B
20240416;100009;0.02374;30000;10131426776;S
20240416;100009;0.023745;10000;10131426779;B
20240416;100009;0.023745;10000;10131426780;B
20240416;100009;0.023745;50000;10131426784;B
20240416;100009;0.02374;20000;10131426800;S
20240416;100009;0.023745;10000;10131426801;B
20240416;100009;0.023745;10000;10131426805;B
20240416;100009;0.023745;10000;10131427013;B
20240416;100009;0.02374;10000;10131427017;S
20240416;100009;0.02374;50000;10131427018;S
20240416;100009;0.02374;50000;10131427019;S
20240416;100009;0.023745;10000;10131427022;B
20240416;100009;0.02374;20000;10131427023;S
20240416;100009;0.023745;10000;10131427025;B
20240416;100010;0.023745;120000;10131427277;B
20240416;100010;0.02374;5000000;10131427320;S
20240416;100010;0.023745;50000;10131427456;B
20240416;100010;0.023745;10000;10131427477;B
20240416;100010;0.023745;2040000;10131427814;B
20240416;100012;0.023745;200000;10131428367;B
20240416;100013;0.023745;4500000;10131429090;B
20240416;100014;0.023745;2320000;10131429299;B
20240416;100014;0.023745;10000;10131429300;B
20240416;100014;0.02375;10000;10131429301;B
20240416;100014;0.02375;2500000;10131429302;B
20240416;100014;0.02375;160000;10131429303;B
20240416;100015;0.023745;100000;10131429699;B
20240416;100015;0.023745;10000;10131429810;B
20240416;100019;0.02374;30000;10131430780;S
20240416;100021;0.02374;1500000;10131431170;S
20240416;100023;0.02374;10260000;10131431645;S
20240416;100023;0.02374;50000;10131431646;S
20240416;100023;0.02374;50000;10131431647;S
20240416;100023;0.02374;400000;10131431648;S
20240416;100023;0.02374;1000000;10131431649;S
20240416;100023;0.02374;3000000;10131431650;S
20240416;100023;0.02374;10000000;10131431651;S
20240416;100023;0.02374;5000000;10131431652;S
20240416;100023;0.02374;1940000;10131431653;S
20240416;100023;0.023745;30000;10131431757;B
20240416;100025;0.02374;10000;10131432208;S
20240416;100025;0.02374;1990000;10131432221;S
20240416;100025;0.023735;10000;10131432222;S
20240416;100025;0.023745;10000;10131432225;B
20240416;100025;0.023745;10000;10131432297;B
20240416;100026;0.023745;400000;10131432412;B
20240416;100026;0.02374;1000000;10131432537;S
20240416;100026;0.023745;100000;10131432545;B
20240416;100030;0.023745;10000;10131433531;B
20240416;100031;0.023745;10000;10131433680;B
20240416;100031;0.02374;10000;10131433875;S
20240416;100033;0.023745;10000;10131434270;B
20240416;100035;0.02374;10000;10131435068;S
20240416;100035;0.023745;60000;10131435121;B
20240416;100035;0.023745;4220000;10131435122;B
20240416;100036;0.02374;40000;10131435297;S
20240416;100037;0.02374;10000;10131435742;S
20240416;100037;0.02374;330000;10131435747;S
20240416;100037;0.02374;10000;10131435748;S
20240416;100038;0.023745;20000;10131435953;B
20240416;100038;0.02374;20000;10131436052;S
20240416;100039;0.023745;50000;10131436105;B
20240416;100039;0.023745;6330000;10131436158;B
20240416;100039;0.023745;3450000;10131436159;B
20240416;100039;0.02375;340000;10131436160;B
20240416;100039;0.02375;10000;10131436161;B
20240416;100039;0.02375;15870000;10131436162;S
20240416;100039;0.02375;3450000;10131436163;S
20240416;100039;0.02375;1000000;10131436164;S
20240416;100039;0.023745;10000;10131436211;S
20240416;100040;0.023755;20000;10131436492;B
20240416;100040;0.023745;10000;10131436523;S
20240416;100040;0.023745;980000;10131436567;S
20240416;100040;0.02374;4190000;10131436568;S
20240416;100040;0.02374;1000000;10131436569;S
20240416;100040;0.02374;830000;10131436570;S
20240416;100041;0.023745;20000;10131437053;S
20240416;100042;0.023745;140000;10131437479;S
20240416;100043;0.023745;370000;10131438122;S
20240416;100043;0.02374;10000;10131438123;S
20240416;100043;0.02374;1000000;10131438124;S
20240416;100043;0.02374;3020000;10131438125;S
20240416;100045;0.02374;1000000;10131438735;S
20240416;100045;0.02374;4220000;10131438736;S
20240416;100045;0.02374;730000;10131438737;S
20240416;100045;0.023735;10000;10131438738;S
20240416;100045;0.023735;10000;10131438739;S
20240416;100045;0.023735;30000;10131438740;S
20240416;100045;0.023735;10000;10131438741;S
20240416;100045;0.023735;20000;10131438742;S
20240416;100045;0.023735;60000;10131438743;S
20240416;100045;0.023735;10000;10131438744;S
20240416;100045;0.023735;10000;10131438745;S
20240416;100045;0.023735;30000000;10131438746;S
20240416;100045;0.023735;10000;10131438747;S
20240416;100045;0.023735;50000;10131438748;S
20240416;100045;0.023735;20000;10131438749;S
20240416;100045;0.023735;10000;10131438750;S
20240416;100045;0.023735;530000;10131438751;S
20240416;100045;0.023735;10000;10131438752;S
20240416;100045;0.023735;10000;10131438753;S
20240416;100045;0.023735;40000;10131438754;S
20240416;100045;0.023735;10000;10131438755;S
20240416;100045;0.023735;10000;10131438756;S
20240416;100045;0.023735;20000;10131438757;S
20240416;100045;0.023735;10000;10131438758;S
20240416;100045;0.023735;10000;10131438759;S
20240416;100045;0.023735;10000;10131438760;S
20240416;100045;0.023735;10000;10131438761;S
20240416;100045;0.023735;10000;10131438762;S
20240416;100045;0.023735;10000;10131438763;S
20240416;100045;0.023735;10000;10131438764;S
20240416;100045;0.023735;10000;10131438765;S
20240416;100045;0.023735;10000;10131438766;S
20240416;100045;0.023735;10000;10131438767;S
20240416;100045;0.023735;10000;10131438768;S
20240416;100045;0.023735;50000;10131438769;S
20240416;100045;0.023735;10000;10131438770;S
20240416;100045;0.023735;10000;10131438771;S
20240416;100045;0.023735;10000;10131438772;S
20240416;100045;0.023735;10000;10131438773;S
20240416;100045;0.023735;10000;10131438774;S
20240416;100045;0.023735;10000;10131438775;S
20240416;100045;0.023735;50000;10131438776;S
20240416;100045;0.023735;80000;10131438777;S
20240416;100045;0.023735;10000;10131438778;S
20240416;100045;0.023735;10000;10131438779;S
20240416;100045;0.023735;10000;10131438780;S
20240416;100045;0.023735;10000;10131438781;S
20240416;100045;0.023735;10000;10131438782;S
20240416;100045;0.023735;10000;10131438783;S
20240416;100045;0.023735;10000;10131438784;S
20240416;100045;0.023735;10000;10131438785;S
20240416;100045;0.023735;10000;10131438786;S
20240416;100045;0.023735;10000;10131438787;S
20240416;100045;0.023735;40000;10131438788;S
20240416;100045;0.023735;8000000;10131438789;S
20240416;100045;0.023735;100000;10131438790;S
20240416;100045;0.023735;270000;10131438791;S
20240416;100045;0.023735;3000000;10131438792;S
20240416;100045;0.023735;30000;10131438793;S
20240416;100045;0.023735;10000;10131438794;S
20240416;100045;0.023735;200000;10131438795;S
20240416;100045;0.023735;10000;10131438796;S
20240416;100045;0.023735;10000;10131438797;S
20240416;100045;0.023735;100000;10131438798;S
20240416;100045;0.023735;10000;10131438799;S
20240416;100045;0.023735;20000;10131438800;S
20240416;100045;0.023735;20000;10131438801;S
20240416;100045;0.023735;10000;10131438802;S
20240416;100045;0.023735;10000;10131438803;S
20240416;100045;0.023735;10000000;10131438804;S
20240416;100045;0.023735;220000;10131438805;S
20240416;100045;0.023735;10000;10131438806;S
20240416;100045;0.023735;1000000;10131438807;S
20240416;100045;0.023735;10000;10131438808;S
20240416;100045;0.023735;6000000;10131438809;S
20240416;100045;0.023735;3450000;10131438810;S
20240416;100045;0.023735;10000;10131438811;S
20240416;100046;0.023735;3000000;10131439021;B
20240416;100046;0.02373;20000;10131439075;S
20240416;100046;0.02373;7280000;10131439076;S
20240416;100046;0.023735;10000;10131439084;B
20240416;100047;0.023735;20000000;10131439282;B
20240416;100047;0.02373;8000000;10131439327;S
20240416;100047;0.02373;10000;10131439329;S
20240416;100047;0.02373;10000;10131439339;S
20240416;100047;0.023735;20000;10131439453;B
20240416;100048;0.023735;10000;10131439696;B
20240416;100049;0.023735;20000;10131439947;B
20240416;100049;0.023735;7120000;10131439961;B
20240416;100049;0.023735;3450000;10131439962;B
20240416;100049;0.023735;11370000;10131439963;B
20240416;100049;0.02374;1000000;10131439964;B
20240416;100049;0.02374;6000000;10131439965;B
20240416;100049;0.023745;1000000;10131439966;B
20240416;100049;0.023745;6000000;10131439967;B
20240416;100049;0.023745;5060000;10131439968;B
20240416;100049;0.02375;1000000;10131439969;B
20240416;100049;0.02375;6000000;10131439970;B
20240416;100049;0.02375;5900000;10131439971;B
20240416;100049;0.02375;400000;10131439972;B
20240416;100049;0.02375;550000;10131439973;B
20240416;100049;0.02375;30000000;10131439974;B
20240416;100049;0.023755;4280000;10131439975;B
20240416;100049;0.023755;3370000;10131439976;B
20240416;100049;0.023755;10000;10131439977;B
20240416;100049;0.023755;1000000;10131439978;B
20240416;100049;0.023755;6000000;10131439979;B
20240416;100049;0.023755;10000;10131439980;B
20240416;100049;0.023755;100000;10131439981;B
20240416;100049;0.02376;10000;10131439982;B
20240416;100049;0.02376;10000;10131439983;B
20240416;100049;0.02376;10000;10131439984;B
20240416;100049;0.02376;350000;10131439985;B
20240416;100051;0.02375;10000;10131440653;B
20240416;100052;0.02374;30000;10131440826;S
20240416;100052;0.023745;40000;10131440828;B
20240416;100052;0.02375;4960000;10131440829;B
20240416;100055;0.023745;10000;10131441641;B
20240416;100055;0.02375;270000;10131441642;B
20240416;100056;0.02375;40000;10131441880;B
20240416;100057;0.02374;2500000;10131441951;S
20240416;100057;0.02375;10000;10131441976;B
20240416;100059;0.02374;340000;10131442480;S
20240416;100059;0.02375;200000;10131442691;B
20240416;100100;0.02375;10000;10131442755;B
20240416;100100;0.02375;3000000;10131442759;B
20240416;100100;0.02374;660000;10131442840;S
20240416;100100;0.02374;2260000;10131442841;S
20240416;100101;0.02375;10000;10131443180;B
20240416;100101;0.02374;10000;10131443288;S
20240416;100102;0.02374;10000;10131443447;S
20240416;100102;0.02375;1000000;10131443478;B
20240416;100102;0.02374;160000;10131443505;S
20240416;100103;0.02375;200000;10131443666;B
20240416;100104;0.02374;30000;10131444005;S
20240416;100105;0.023745;50000;10131444143;B
20240416;100105;0.02374;40000;10131444196;S
20240416;100105;0.02375;180000;10131444336;B
20240416;100106;0.02375;50000;10131444500;B
20240416;100107;0.02375;10000;10131444637;B
20240416;100107;0.02375;1420000;10131444764;B
20240416;100107;0.02375;1000000;10131444765;B
20240416;100107;0.02375;2880000;10131444766;B
20240416;100107;0.023755;1000000;10131444767;B
20240416;100107;0.023755;3700000;10131444768;B
20240416;100109;0.02374;1000000;10131445155;S
20240416;100109;0.02374;4220000;10131445156;S
20240416;100109;0.02374;2550000;10131445157;S
20240416;100109;0.02374;6000000;10131445158;S
20240416;100109;0.02374;3450000;10131445159;S
20240416;100110;0.02374;100000;10131445384;B
20240416;100112;0.02374;10000;10131445644;B
20240416;100113;0.02374;10000;10131445957;B
20240416;100114;0.02374;50000;10131446113;B
20240416;100115;0.023735;10000;10131446393;S
20240416;100115;0.02374;50000;10131446420;B
20240416;100115;0.023735;2000000;10131446457;S
20240416;100116;0.02374;220000;10131446461;B
20240416;100117;0.02374;10000;10131446772;B
20240416;100117;0.02374;1500000;10131446775;B
20240416;100118;0.02374;4220000;10131447113;B
20240416;100118;0.02374;10000;10131447135;B
20240416;100118;0.02374;5000000;10131447137;B
20240416;100119;0.02374;1000000;10131447283;B
20240416;100119;0.02374;30000;10131447354;B
20240416;100120;0.023735;40000;10131447604;S
20240416;100121;0.02374;200000;10131447653;B
20240416;100121;0.02374;10000;10131447710;B
20240416;100121;0.02374;540000;10131447734;B
20240416;100122;0.02374;20000;10131447973;B
20240416;100123;0.02374;50000;10131448200;B
20240416;100124;0.023735;50000;10131448400;S
20240416;100124;0.02374;30000;10131448407;B
20240416;100127;0.02374;10000;10131448737;B
20240416;100128;0.02374;30000;10131448939;B
20240416;100128;0.02374;2500000;10131448989;B
20240416;100129;0.023735;140000;10131449242;S
20240416;100129;0.023735;300000;10131449267;S
20240416;100130;0.023735;270000;10131449487;S
20240416;100131;0.02374;10000;10131449615;B
20240416;100131;0.02374;30000;10131449637;B
20240416;100132;0.023735;2720000;10131449969;S
20240416;100132;0.02374;10000;10131450031;B
20240416;100132;0.02374;10000;10131450078;B
20240416;100133;0.02374;10000;10131450281;B
20240416;100133;0.023735;500000;10131450288;S
20240416;100133;0.023735;10000;10131450309;S
20240416;100136;0.023735;960000;10131450716;S
20240416;100136;0.023735;10000;10131450717;S
20240416;100137;0.02373;500000;10131451122;S
20240416;100138;0.023735;30000;10131451200;B
20240416;100138;0.023735;100000;10131451201;B
20240416;100138;0.023735;100000;10131451279;B
20240416;100139;0.02373;3660000;10131451538;S
20240416;100139;0.02373;400000;10131451539;S
20240416;100139;0.02373;20000;10131451540;S
20240416;100139;0.02373;10000;10131451541;S
20240416;100139;0.02373;20000;10131451542;S
20240416;100139;0.02373;20000;10131451543;S
20240416;100139;0.02373;20000;10131451544;S
20240416;100139;0.02373;980000;10131451545;S
20240416;100139;0.02373;70000;10131451546;S
20240416;100139;0.02373;10000;10131451547;S
20240416;100139;0.02373;40000;10131451548;S
20240416;100139;0.02373;40000;10131451549;S
20240416;100139;0.02373;10000;10131451550;S
20240416;100139;0.02373;30000;10131451551;S
20240416;100139;0.02373;10000;10131451552;S
20240416;100139;0.02373;10000;10131451553;S
20240416;100139;0.02373;5000000;10131451554;S
20240416;100139;0.02373;2000000;10131451555;S
20240416;100139;0.02373;3450000;10131451556;S
20240416;100139;0.023725;20000;10131451557;S
20240416;100139;0.023725;30000;10131451558;S
20240416;100139;0.023725;60000;10131451559;S
20240416;100139;0.023725;14390000;10131451560;S
20240416;100140;0.023725;40000;10131451632;S
20240416;100142;0.02373;10000;10131452120;B
20240416;100142;0.02373;40000;10131452139;B
20240416;100143;0.023725;60000;10131452269;S
20240416;100144;0.02373;300000;10131452306;B
20240416;100144;0.023725;5510000;10131452394;S
20240416;100144;0.023725;10000000;10131452395;S
20240416;100144;0.023725;10000;10131452396;S
20240416;100144;0.023725;10000;10131452397;S
20240416;100144;0.023725;10000;10131452398;S
20240416;100144;0.023725;10000;10131452399;S
20240416;100144;0.023725;10000;10131452400;S
20240416;100144;0.023725;10000000;10131452401;S
20240416;100144;0.023725;2000000;10131452402;S
20240416;100144;0.023725;1000000;10131452403;S
20240416;100144;0.023725;3450000;10131452404;S
20240416;100144;0.02372;1000000;10131452405;S
20240416;100144;0.02372;6000000;10131452406;S
20240416;100144;0.02372;10000;10131452407;S
20240416;100144;0.02372;5900000;10131452408;S
20240416;100144;0.02372;20000000;10131452409;S
20240416;100144;0.02372;2190000;10131452410;S
20240416;100144;0.023725;150000;10131452466;B
20240416;100144;0.023725;10000;10131452468;B
20240416;100145;0.023715;500000;10131452609;S
20240416;100145;0.02372;30000;10131452616;B
20240416;100146;0.023715;500000;10131452635;S
20240416;100146;0.02372;40000;10131452741;B
20240416;100147;0.02372;640000;10131452835;B
20240416;100147;0.023725;360000;10131452836;B
20240416;100147;0.023725;10000;10131452837;B
20240416;100147;0.023715;1400000;10131452858;S
20240416;100147;0.023725;630000;10131452861;B
20240416;100147;0.023725;1870000;10131452862;B
20240416;100148;0.023715;130000;10131452976;S
20240416;100150;0.023725;10000;10131453297;B
20240416;100151;0.023725;990000;10131453652;B
20240416;100151;0.023725;2890000;10131453653;B
20240416;100151;0.02373;1000000;10131453654;B
20240416;100151;0.02373;3450000;10131453655;B
20240416;100151;0.02373;810000;10131453656;B
20240416;100154;0.023725;2860000;10131454113;B
20240416;100154;0.023725;1000000;10131454114;B
20240416;100154;0.02373;4140000;10131454115;B
20240416;100156;0.023725;2000000;10131454727;B
20240416;100157;0.02373;10000;10131454898;B
20240416;100159;0.023715;1420000;10131455445;S
20240416;100159;0.023715;70000;10131455446;S
20240416;100159;0.023715;10000;10131455447;S
20240416;100159;0.023715;3450000;10131455448;S
20240416;100159;0.023715;1000000;10131455449;S
20240416;100159;0.02371;100000;10131455450;S
20240416;100159;0.02371;10000;10131455451;S
20240416;100159;0.02371;50000;10131455452;S
20240416;100159;0.02371;20000;10131455453;S
20240416;100159;0.02371;10000;10131455454;S
20240416;100159;0.02371;3860000;10131455455;S
20240416;100200;0.02373;100000;10131455689;B
20240416;100202;0.023725;100000;10131456090;B
20240416;100202;0.023715;10000;10131456138;S
20240416;100202;0.023715;790000;10131456139;S
20240416;100204;0.02373;10000;10131456660;B
20240416;100204;0.02373;10000;10131456661;B
20240416;100204;0.02373;10000;10131456662;B
20240416;100204;0.023735;800000;10131456663;B
20240416;100204;0.023735;4170000;10131456664;B
20240416;100204;0.023735;1830000;10131456665;B
20240416;100204;0.023735;6170000;10131456666;B
20240416;100204;0.023735;2000000;10131456667;B
20240416;100205;0.023725;1000000;10131456914;S
20240416;100205;0.023725;3000000;10131456915;S
20240416;100205;0.023725;3450000;10131456916;S
20240416;100205;0.023725;12550000;10131456917;S
20240416;100206;0.023725;10000;10131457102;S
20240416;100206;0.02373;20000;10131457123;B
20240416;100208;0.02373;1000000;10131457700;B
20240416;100208;0.023735;10000;10131457782;B
20240416;100210;0.023735;10000;10131458148;B
20240416;100211;0.023735;100000;10131458283;B
20240416;100211;0.02373;20000;10131458370;S
20240416;100211;0.02373;190000;10131458427;S
20240416;100213;0.02373;4010000;10131458634;S
20240416;100213;0.02373;1990000;10131458635;S
20240416;100213;0.02373;1010000;10131458638;S
20240416;100213;0.02373;4990000;10131458639;S
20240416;100213;0.02373;6000000;10131458642;S
20240416;100213;0.02373;10000;10131458663;S
20240416;100215;0.02373;110000;10131459411;B
20240416;100216;0.02373;200000;10131459738;B
20240416;100216;0.02373;10000;10131459799;B
20240416;100220;0.02373;10000;10131460441;B
20240416;100223;0.02373;30000;10131461258;B
20240416;100223;0.02373;200000;10131461292;B
20240416;100224;0.02373;10000;10131461404;B
20240416;100224;0.02373;500000;10131461405;B
20240416;100224;0.02373;1050000;10131461406;B
20240416;100224;0.023735;10000;10131461407;B
20240416;100224;0.023735;6430000;10131461408;B
20240416;100225;0.023725;90000;10131461663;S
20240416;100225;0.023735;16000000;10131461702;B
20240416;100225;0.023735;1800000;10131461704;B
20240416;100225;0.02373;1000000;10131461965;S
20240416;100225;0.023725;4000000;10131461966;S
20240416;100225;0.023735;10000;10131461990;B
20240416;100226;0.023735;10000;10131462009;B
20240416;100227;0.023725;10000;10131462384;S
20240416;100228;0.023725;200000;10131462710;S
20240416;100231;0.023725;70000;10131463352;S
20240416;100231;0.02373;10000;10131463426;B
20240416;100231;0.023735;2490000;10131463427;B
20240416;100231;0.02373;20000;10131463446;B
20240416;100232;0.023725;20000;10131463590;S
20240416;100232;0.02373;10000;10131463601;B
20240416;100232;0.023725;40000;10131463651;S
20240416;100233;0.02373;10000;10131463724;B
20240416;100236;0.023735;10000;10131464320;B
20240416;100236;0.02373;100000;10131464337;S
20240416;100236;0.023735;10000000;10131464355;B
20240416;100236;0.023735;10000;10131464356;B
20240416;100239;0.02373;1000000;10131465027;S
20240416;100239;0.023735;10000;10131465034;B
20240416;100240;0.02373;3120000;10131465204;S
20240416;100240;0.02373;1510000;10131465205;S
20240416;100240;0.02373;3450000;10131465206;S
20240416;100240;0.02373;1920000;10131465207;S
20240416;100240;0.02373;50000;10131465261;B
20240416;100241;0.02373;950000;10131465273;B
20240416;100241;0.02373;1050000;10131465274;B
20240416;100242;0.02373;40000;10131465466;S
20240416;100243;0.023735;10000;10131465759;B
20240416;100243;0.02373;330000;10131465763;S
20240416;100245;0.023735;2500000;10131466040;B
20240416;100245;0.02373;100000;10131466134;S
20240416;100245;0.023735;20000;10131466141;B
20240416;100246;0.02373;100000;10131466146;S
20240416;100246;0.02373;100000;10131466166;S
20240416;100246;0.02373;100000;10131466188;S
20240416;100246;0.02373;100000;10131466214;S
20240416;100246;0.02373;100000;10131466236;S
20240416;100246;0.02373;100000;10131466263;S
20240416;100246;0.02373;100000;10131466316;S
20240416;100246;0.02373;100000;10131466338;S
20240416;100246;0.02373;100000;10131466354;S
20240416;100246;0.02373;100000;10131466375;S
20240416;100247;0.02373;100000;10131466391;S
20240416;100247;0.02373;100000;10131466404;S
20240416;100247;0.02373;100000;10131466420;S
20240416;100247;0.02373;100000;10131466436;S
20240416;100247;0.02373;100000;10131466454;S
20240416;100247;0.02373;100000;10131466459;S
20240416;100247;0.02373;100000;10131466480;S
20240416;100247;0.02373;100000;10131466489;S
20240416;100247;0.02373;100000;10131466512;S
20240416;100247;0.02373;100000;10131466530;S
20240416;100248;0.02373;100000;10131466539;S
20240416;100248;0.02373;100000;10131466547;S
20240416;100248;0.02373;100000;10131466554;S
20240416;100248;0.02373;100000;10131466611;S
20240416;100248;0.02373;100000;10131466628;S
20240416;100248;0.02373;100000;10131466664;S
20240416;100248;0.02373;100000;10131466682;S
20240416;100248;0.02373;100000;10131466702;S
20240416;100248;0.02373;100000;10131466724;S
20240416;100248;0.02373;100000;10131466744;S
20240416;100249;0.02373;100000;10131466751;S
20240416;100249;0.02373;100000;10131466773;S
20240416;100249;0.02373;100000;10131466789;S
20240416;100249;0.02373;100000;10131466830;S
20240416;100249;0.02373;100000;10131466867;S
20240416;100249;0.02373;100000;10131466913;S
20240416;100249;0.02373;100000;10131466940;S
20240416;100249;0.02373;100000;10131466956;S
20240416;100249;0.02373;100000;10131466968;S
20240416;100249;0.02373;100000;10131466981;S
20240416;100250;0.02373;100000;10131466989;S
20240416;100250;0.02373;100000;10131466996;S
20240416;100250;0.02373;100000;10131467016;S
20240416;100250;0.02373;100000;10131467024;S
20240416;100250;0.02373;100000;10131467043;S
20240416;100250;0.02373;100000;10131467072;S
20240416;100250;0.02373;100000;10131467090;S
20240416;100250;0.02373;100000;10131467103;S
20240416;100250;0.02373;100000;10131467129;S
20240416;100250;0.02373;100000;10131467146;S
20240416;100251;0.023735;8000000;10131467149;B
20240416;100251;0.02373;100000;10131467168;S
20240416;100251;0.02373;100000;10131467187;S
20240416;100251;0.02373;100000;10131467192;S
20240416;100251;0.02373;100000;10131467222;S
20240416;100251;0.02373;100000;10131467240;S
20240416;100251;0.02373;100000;10131467266;S
20240416;100251;0.02373;100000;10131467288;S
20240416;100251;0.02373;100000;10131467303;S
20240416;100251;0.02373;100000;10131467319;S
20240416;100252;0.02373;100000;10131467334;S
20240416;100252;0.02373;100000;10131467345;S
20240416;100252;0.02373;100000;10131467365;S
20240416;100252;0.023735;10000;10131467367;B
20240416;100252;0.02373;100000;10131467379;S
20240416;100252;0.02373;100000;10131467389;S
20240416;100252;0.02373;100000;10131467400;S
20240416;100252;0.02373;800000;10131467430;S
20240416;100252;0.02373;100000;10131467433;S
20240416;100252;0.023735;2000000;10131467455;B
20240416;100252;0.023735;3700000;10131467465;B
20240416;100252;0.02373;100000;10131467466;S
20240416;100252;0.02373;100000;10131467478;S
20240416;100252;0.02373;100000;10131467499;S
20240416;100253;0.02373;100000;10131467512;S
20240416;100253;0.02373;100000;10131467529;S
20240416;100253;0.02373;100000;10131467543;S
20240416;100253;0.02373;100000;10131467560;S
20240416;100253;0.02373;100000;10131467566;S
20240416;100253;0.02373;100000;10131467578;S
20240416;100253;0.02373;100000;10131467590;S
20240416;100253;0.023735;60000;10131467600;B
20240416;100253;0.02373;60000;10131467602;S
20240416;100253;0.02373;40000;10131467603;S
20240416;100253;0.02373;100000;10131467611;S
20240416;100253;0.02373;100000;10131467642;S
20240416;100254;0.02373;10000;10131467673;S
20240416;100254;0.02373;90000;10131467674;S
20240416;100254;0.02373;100000;10131467698;S
20240416;100254;0.02373;100000;10131467709;S
20240416;100254;0.02373;100000;10131467724;S
20240416;100254;0.02373;100000;10131467746;S
20240416;100254;0.02373;100000;10131467769;S
20240416;100254;0.02373;100000;10131467788;S
20240416;100254;0.02373;100000;10131467799;S
20240416;100254;0.02373;100000;10131467810;S
20240416;100254;0.02373;4170000;10131467814;S
20240416;100254;0.02373;50000;10131467815;S
20240416;100254;0.02373;620000;10131467816;S
20240416;100254;0.02373;40000;10131467849;S
20240416;100257;0.023735;2500000;10131468323;B
20240416;100258;0.023735;40000;10131468478;B
20240416;100259;0.02373;10000;10131468643;S
20240416;100302;0.023735;10000;10131469184;B
20240416;100302;0.02373;280000;10131469194;S
20240416;100304;0.023735;20000;10131469652;B
20240416;100304;0.023735;10000;10131469717;B
20240416;100304;0.023735;3700000;10131469765;B
20240416;100305;0.023735;20000;10131469930;B
20240416;100308;0.023735;130000;10131470482;B
20240416;100309;0.023735;2500000;10131470612;B
20240416;100310;0.02373;10000;10131470819;S
20240416;100311;0.023735;20000;10131471036;B
20240416;100314;0.023735;10000;10131471499;B
20240416;100315;0.02373;20000;10131471701;S
20240416;100316;0.02373;60000;10131471885;S
20240416;100316;0.02373;10000;10131471886;S
20240416;100316;0.02373;180000;10131471894;B
20240416;100316;0.02373;120000;10131471897;S
20240416;100316;0.02373;1240000;10131471898;S
20240416;100318;0.023735;10000;10131472214;B
20240416;100320;0.023735;10000;10131472496;B
20240416;100320;0.02373;10000;10131472602;S
20240416;100322;0.023735;20000;10131472982;B
20240416;100323;0.023735;10000;10131473009;B
20240416;100324;0.023735;2500000;10131473239;B
20240416;100324;0.023735;20000;10131473241;B
20240416;100325;0.023735;20000;10131473371;B
20240416;100326;0.023735;29690000;10131473476;B
20240416;100326;0.023735;220000;10131473477;B
20240416;100326;0.023735;47000000;10131473478;B
20240416;100326;0.023735;440000;10131473479;B
20240416;100326;0.023735;930000;10131473480;B
20240416;100326;0.023735;3850000;10131473481;B
20240416;100326;0.023735;7000000;10131473482;B
20240416;100326;0.023735;6000000;10131473483;B
20240416;100326;0.02374;1000000;10131473484;B
20240416;100326;0.02374;10000;10131473485;B
20240416;100326;0.02374;3860000;10131473486;B
20240416;100327;0.02374;10000;10131473587;B
20240416;100328;0.02374;100000;10131473886;B
20240416;100328;0.02374;10000;10131473895;B
20240416;100331;0.023735;500000;10131474203;S
20240416;100331;0.023735;100000;10131474306;S
20240416;100333;0.02374;30000;10131474530;B
20240416;100333;0.02374;8990000;10131474605;B
20240416;100333;0.02374;2000000;10131474606;B
20240416;100333;0.02374;10000;10131474607;B
20240416;100333;0.02374;2140000;10131474608;B
20240416;100333;0.023745;50000;10131474609;B
20240416;100333;0.023745;500000;10131474610;B
20240416;100333;0.023745;3450000;10131474611;B
20240416;100333;0.023745;2860000;10131474612;B
20240416;100334;0.02375;500000;10131474722;B
20240416;100334;0.02375;10000;10131474808;B
20240416;100335;0.02375;5000000;10131474929;B
20240416;100336;0.023745;10000;10131475009;S
20240416;100336;0.02375;10000;10131475060;B
20240416;100337;0.02375;10000;10131475189;B
20240416;100337;0.023745;990000;10131475207;S
20240416;100337;0.023745;4010000;10131475208;S
20240416;100337;0.02375;10000;10131475212;B
20240416;100337;0.023745;20000;10131475235;S
20240416;100337;0.02375;770000;10131475247;B
20240416;100337;0.02375;10000;10131475248;B
20240416;100337;0.02375;1720000;10131475249;B
20240416;100338;0.02375;420000;10131475330;B
20240416;100338;0.023745;10000;10131475359;S
20240416;100338;0.023745;7900000;10131475365;S
20240416;100339;0.023745;330000;10131475403;S
20240416;100339;0.02375;20000;10131475487;B
20240416;100340;0.023745;2000000;10131475546;S
20240416;100341;0.02375;3500000;10131475743;B
20240416;100341;0.023745;10000;10131475747;S
20240416;100341;0.023745;4220000;10131475748;S
20240416;100341;0.02374;1000000;10131475749;S
20240416;100341;0.02374;14770000;10131475750;S
20240416;100342;0.02375;500000;10131475808;B
20240416;100344;0.02375;70000;10131476055;B
20240416;100345;0.02375;500000;10131476266;B
20240416;100346;0.02374;180000;10131476456;S
20240416;100349;0.02374;380000;10131476861;S
20240416;100349;0.02375;290000;10131476931;B
20240416;100350;0.02375;2980000;10131476960;B
20240416;100350;0.02375;2000000;10131476961;B
20240416;100350;0.02375;20000;10131476962;B
20240416;100350;0.02375;10000;10131477097;B
20240416;100350;0.023755;2200000;10131477098;B
20240416;100350;0.023755;1000000;10131477099;B
20240416;100350;0.023755;1250000;10131477100;B
20240416;100351;0.023745;50000;10131477185;S
20240416;100351;0.023755;10000;10131477207;B
20240416;100352;0.023755;20000;10131477381;B
20240416;100354;0.02375;10000;10131477730;B
20240416;100354;0.023755;2490000;10131477731;B
20240416;100355;0.023755;10000;10131478085;B
20240416;100356;0.02375;10000;10131478138;S
20240416;100356;0.023755;40000;10131478219;B
20240416;100356;0.02375;10000;10131478273;S
20240416;100356;0.023755;20000;10131478286;B
20240416;100357;0.02375;2000000;10131478333;S
20240416;100357;0.023755;10000;10131478375;B
20240416;100357;0.023755;10000;10131478393;B
20240416;100358;0.02375;1500000;10131478570;S
20240416;100358;0.023755;10000;10131478581;B
20240416;100358;0.02375;1500000;10131478687;S
20240416;100358;0.023755;130000;10131478694;B
20240416;100358;0.023755;610000;10131478700;B
20240416;100359;0.023755;10000;10131478845;B
20240416;100359;0.023755;500000;10131478862;B
20240416;100400;0.023755;500000;10131479091;B
20240416;100403;0.023755;20000;10131479916;B
20240416;100404;0.023755;50000;10131480194;B
20240416;100404;0.023755;3950000;10131480195;B
20240416;100405;0.023755;10000;10131480257;B
20240416;100405;0.023755;1500000;10131480258;B
20240416;100405;0.02376;590000;10131480259;B
20240416;100405;0.023755;3190000;10131480381;S
20240416;100406;0.02376;10000;10131480579;B
20240416;100407;0.02376;700000;10131480885;B
20240416;100409;0.023755;10000;10131481172;S
20240416;100409;0.023755;300000;10131481173;S
20240416;100409;0.023755;1050000;10131481174;S
20240416;100409;0.02375;11140000;10131481175;S
20240416;100409;0.02375;13840000;10131481292;S
20240416;100409;0.02375;1000000;10131481293;S
20240416;100409;0.02375;5450000;10131481294;S
20240416;100409;0.02375;1000000;10131481295;S
20240416;100409;0.02375;1000000;10131481296;S
20240416;100409;0.02375;3450000;10131481297;S
20240416;100409;0.02375;5000000;10131481312;B
20240416;100409;0.02375;2500000;10131481315;B
20240416;100411;0.02375;210000;10131481515;B
20240416;100411;0.02375;8030000;10131481520;B
20240416;100411;0.023755;1000000;10131481521;B
20240416;100411;0.023755;3610000;10131481522;B
20240416;100411;0.023755;3450000;10131481523;B
20240416;100411;0.02376;3910000;10131481524;B
20240416;100411;0.02376;10000;10131481584;B
20240416;100412;0.02376;30000;10131481994;B
20240416;100413;0.02376;300000;10131482229;B
20240416;100413;0.02376;10000;10131482230;B
20240416;100413;0.02376;10000;10131482231;B
20240416;100413;0.023765;10000;10131482232;B
20240416;100413;0.023765;10000;10131482233;B
20240416;100413;0.023765;5900000;10131482234;B
20240416;100413;0.023765;10000;10131482235;B
20240416;100413;0.023765;1750000;10131482236;B
20240416;100414;0.02376;50000;10131482323;B
20240416;100414;0.02376;5800000;10131482353;B
20240416;100416;0.023765;200000;10131482798;B
20240416;100417;0.02376;50000;10131482915;S
20240416;100417;0.023765;10000;10131483024;B
20240416;100417;0.02376;660000;10131483080;S
20240416;100418;0.02376;100000;10131483217;S
20240416;100418;0.02376;190000;10131483273;S
20240416;100418;0.02376;10000;10131483274;S
20240416;100419;0.02376;8460000;10131483425;S
20240416;100420;0.023755;90000;10131483634;S
20240416;100420;0.023755;1000000;10131483635;S
20240416;100420;0.023755;5060000;10131483636;S
20240416;100420;0.023755;3450000;10131483637;S
20240416;100420;0.023755;190000;10131483638;S
20240416;100420;0.023755;3560000;10131483639;S
20240416;100420;0.02375;1000000;10131483640;S
20240416;100420;0.02375;90000;10131483641;S
20240416;100420;0.02375;3000000;10131483642;S
20240416;100420;0.02375;1000000;10131483643;S
20240416;100420;0.02375;15560000;10131483644;S
20240416;100420;0.02376;20000;10131483798;B
20240416;100421;0.02376;20000;10131484047;B
20240416;100421;0.02376;1000000;10131484048;B
20240416;100421;0.02376;5900000;10131484049;B
20240416;100421;0.02376;3450000;10131484050;B
20240416;100421;0.02376;1630000;10131484051;B
20240416;100424;0.023765;400000;10131484551;B
20240416;100425;0.023765;10000;10131484668;B
20240416;100426;0.023765;10000;10131484894;B
20240416;100427;0.023765;80000;10131485053;B
20240416;100427;0.023765;10000;10131485073;B
20240416;100428;0.023765;5900000;10131485219;B
20240416;100428;0.023765;10000;10131485220;B
20240416;100428;0.023765;1000000;10131485221;B
20240416;100428;0.023765;1000000;10131485222;B
20240416;100429;0.023765;10000;10131485344;B
20240416;100429;0.023765;5890000;10131485365;B
20240416;100429;0.02377;10000;10131485366;B
20240416;100429;0.02377;10000;10131485367;B
20240416;100429;0.02377;2000000;10131485368;B
20240416;100429;0.02377;10000;10131485369;B
20240416;100429;0.02377;2080000;10131485370;B
20240416;100429;0.02376;30000;10131485448;S
20240416;100429;0.02376;120000;10131485449;S
20240416;100430;0.02376;21880000;10131485504;S
20240416;100430;0.02376;3450000;10131485505;S
20240416;100430;0.02376;1000000;10131485506;S
20240416;100430;0.023755;740000;10131485507;S
20240416;100430;0.023755;260000;10131485609;S
20240416;100430;0.023755;1740000;10131485610;S
20240416;100432;0.02376;100000;10131485881;B
20240416;100433;0.023755;100000;10131486164;S
20240416;100433;0.02376;10000000;10131486255;B
20240416;100434;0.02376;10000;10131486343;B
20240416;100434;0.023755;350000;10131486411;S
20240416;100435;0.023755;40000;10131486564;S
20240416;100436;0.02376;20000;10131486688;B
20240416;100436;0.02376;10000;10131486711;B
20240416;100437;0.02376;10000;10131487041;B
20240416;100437;0.02376;3300000;10131487086;B
20240416;100438;0.02376;6550000;10131487186;B
20240416;100438;0.02376;3450000;10131487187;B
20240416;100438;0.02376;50000;10131487190;B
20240416;100438;0.023765;10000;10131487228;B
20240416;100439;0.023765;10000;10131487266;B
20240416;100439;0.023765;10000;10131487403;B
20240416;100442;0.023755;10000;10131487863;S
20240416;100442;0.023755;50000;10131487864;S
20240416;100445;0.02376;250000;10131488437;S
20240416;100445;0.023765;100000;10131488492;B
20240416;100446;0.023765;10000;10131488550;B
20240416;100446;0.02376;10000;10131488558;S
20240416;100446;0.02376;2040000;10131488653;S
20240416;100446;0.02376;90000;10131488654;S
20240416;100446;0.023755;1250000;10131488655;S
20240416;100446;0.023755;5000000;10131488656;S
20240416;100446;0.023755;390000;10131488657;S
20240416;100451;0.023765;1050000;10131489861;B
20240416;100451;0.023765;270000;10131489951;B
20240416;100452;0.02376;50000;10131490076;S
20240416;100452;0.023765;500000;10131490100;B
20240416;100453;0.02376;100000;10131490164;S
20240416;100455;0.023765;20000;10131490787;B
20240416;100455;0.023765;60000;10131490813;B
20240416;100456;0.023765;100000;10131490913;B
20240416;100456;0.023765;10000;10131490958;B
20240416;100456;0.023765;2370000;10131490983;B
20240416;100456;0.023765;10000;10131490984;B
20240416;100456;0.02377;10000;10131490985;B
20240416;100456;0.02377;4090000;10131490986;B
20240416;100458;0.02377;80000;10131491232;B
20240416;100500;0.023765;660000;10131491687;S
20240416;100500;0.02377;30000;10131491688;B
20240416;100501;0.02377;10000;10131491993;B
20240416;100501;0.023765;10000;10131492001;S
20240416;100503;0.02377;2000000;10131492439;B
20240416;100504;0.02377;10000;10131492549;B
20240416;100504;0.023765;20000;10131492663;S
20240416;100506;0.02377;10000;10131492958;B
20240416;100506;0.023765;10000;10131492977;S
20240416;100506;0.02377;20000;10131493052;B
20240416;100507;0.02377;1000000;10131493113;B
20240416;100507;0.023765;40000;10131493239;S
20240416;100509;0.02377;50000;10131493468;B
20240416;100510;0.02377;100000;10131493674;B
20240416;100512;0.02377;2600000;10131494053;B
20240416;100512;0.02377;10000;10131494054;B
20240416;100512;0.02377;160000;10131494055;B
20240416;100512;0.02377;9000000;10131494056;B
20240416;100512;0.02377;10000;10131494057;B
20240416;100512;0.02377;1220000;10131494058;B
20240416;100513;0.02377;20000;10131494137;B
20240416;100513;0.023765;110000;10131494181;S
20240416;100514;0.023765;4210000;10131494359;S
20240416;100514;0.023765;3450000;10131494360;S
20240416;100514;0.023765;2340000;10131494361;S
20240416;100516;0.02377;240000;10131494769;B
20240416;100516;0.023765;2780000;10131494816;S
20240416;100517;0.02377;140000;10131494843;B
20240416;100517;0.02377;1000000;10131494844;B
20240416;100517;0.02377;1080000;10131494845;B
20240416;100518;0.023765;20000;10131495012;S
20240416;100518;0.02377;30000;10131495025;B
20240416;100520;0.02377;10000;10131495327;B
20240416;100520;0.023765;700000;10131495342;S
20240416;100520;0.023765;50000;10131495343;S
20240416;100520;0.02376;1250000;10131495344;S
20240416;100521;0.02377;100000;10131495618;B
20240416;100523;0.02377;150000;10131495939;B
20240416;100523;0.02377;710000;10131495964;B
20240416;100523;0.02377;3310000;10131495965;B
20240416;100523;0.02377;4440000;10131495974;S
20240416;100523;0.023775;10000;10131496097;B
20240416;100523;0.023775;10000;10131496098;B
20240416;100523;0.023775;10000;10131496099;B
20240416;100524;0.023775;10000;10131496229;B
20240416;100524;0.023775;10000;10131496230;B
20240416;100524;0.023775;990000;10131496277;B
20240416;100524;0.023775;4220000;10131496278;B
20240416;100524;0.023775;5060000;10131496279;B
20240416;100524;0.023775;3000000;10131496280;B
20240416;100524;0.023775;500000;10131496292;S
20240416;100529;0.02378;10000;10131496989;B
20240416;100529;0.02378;10000;10131496990;B
20240416;100529;0.02378;10000;10131496991;B
20240416;100529;0.02378;9970000;10131496992;B
20240416;100529;0.02378;10000;10131497164;B
20240416;100530;0.02378;20000;10131497215;B
20240416;100530;0.02378;5900000;10131497216;B
20240416;100530;0.02378;20000;10131497217;B
20240416;100530;0.02378;6000000;10131497218;B
20240416;100530;0.02378;1000000;10131497219;B
20240416;100530;0.02378;7060000;10131497220;B
20240416;100530;0.02378;500000;10131497241;B
20240416;100531;0.02378;10000;10131497677;B
20240416;100534;0.02378;450000;10131498105;B
20240416;100534;0.02378;550000;10131498106;B
20240416;100534;0.023775;80000;10131498156;S
20240416;100534;0.023775;120000;10131498230;S
20240416;100534;0.02378;300000;10131498280;B
20240416;100536;0.02378;10000;10131498645;B
20240416;100537;0.023775;20000;10131498858;S
20240416;100541;0.02378;10500000;10131499307;B
20240416;100541;0.02378;3320000;10131499308;B
20240416;100541;0.02378;1260000;10131499309;B
20240416;100541;0.02378;1000000;10131499310;B
20240416;100541;0.02378;3450000;10131499311;B
20240416;100541;0.02378;40470000;10131499312;B
20240416;100541;0.02378;10000;10131499357;B
20240416;100543;0.02378;20000;10131499631;B
20240416;100545;0.02378;80000;10131499868;B
20240416;100545;0.023775;10000;10131499936;S
20240416;100546;0.02378;40000;10131500223;B
20240416;100547;0.02378;20000;10131500282;B
20240416;100547;0.02378;10000;10131500345;B
20240416;100547;0.02378;2230000;10131500393;B
20240416;100547;0.02378;2770000;10131500394;B
20240416;100548;0.02378;10000;10131500486;B
20240416;100548;0.023775;10000;10131500551;S
20240416;100551;0.02378;20000;10131501035;B
20240416;100551;0.02378;30000;10131501094;B
20240416;100551;0.02378;60000;10131501097;B
20240416;100552;0.02378;10000;10131501176;B
20240416;100553;0.02378;40000;10131501559;B
20240416;100555;0.023775;10000;10131502096;S
20240416;100555;0.02378;1500000;10131502201;B
20240416;100555;0.02378;10000000;10131502202;B
20240416;100555;0.02378;5500000;10131502203;B
20240416;100555;0.02378;1800000;10131502204;B
20240416;100555;0.02378;10000;10131502205;B
20240416;100555;0.02378;3320000;10131502206;B
20240416;100555;0.02378;830000;10131502207;B
20240416;100558;0.02378;20000;10131502991;B
20240416;100559;0.023775;70000;10131503040;S
20240416;100559;0.023775;910000;10131503056;S
20240416;100559;0.023775;10000;10131503057;S
20240416;100559;0.023775;1080000;10131503058;S
20240416;100559;0.02378;100000;10131503146;B
20240416;100600;0.02378;70000;10131503335;B
20240416;100600;0.023775;60000;10131503337;S
20240416;100600;0.023775;10000;10131503410;S
20240416;100601;0.023775;5100000;10131503466;S
20240416;100601;0.02378;10000;10131503481;B
20240416;100601;0.023775;500000;10131503514;S
20240416;100602;0.02378;20000;10131503799;B
20240416;100602;0.02378;50000;10131503887;B
20240416;100604;0.02378;100000;10131504299;B
20240416;100604;0.02378;1900000;10131504300;B
20240416;100606;0.02378;1100000;10131504717;B
20240416;100606;0.02378;5060000;10131504718;B
20240416;100606;0.02378;3450000;10131504719;B
20240416;100606;0.02378;390000;10131504720;B
20240416;100607;0.023775;20000;10131504807;S
20240416;100608;0.023775;200000;10131505027;S
20240416;100608;0.02378;10000;10131505089;B
20240416;100610;0.02378;150000;10131505504;B
20240416;100611;0.02378;840000;10131505602;B
20240416;100611;0.02378;3000000;10131505603;B
20240416;100611;0.02378;4220000;10131505604;B
20240416;100611;0.02378;500000;10131505605;B
20240416;100611;0.02378;3450000;10131505606;B
20240416;100611;0.02378;2990000;10131505607;B
20240416;100611;0.023775;10000;10131505692;S
20240416;100612;0.023775;800000;10131505743;S
20240416;100613;0.023775;1050000;10131505985;S
20240416;100613;0.023775;40000;10131506002;S
20240416;100614;0.02378;10000;10131506109;B
20240416;100614;0.02378;20000;10131506110;B
20240416;100615;0.02378;2980000;10131506269;B
20240416;100615;0.02378;1020000;10131506270;B
20240416;100615;0.02378;2070000;10131506314;B
20240416;100615;0.02378;10000;10131506327;B
20240416;100616;0.02378;10000;10131506552;B
20240416;100617;0.02378;340000;10131506821;B
20240416;100617;0.02378;2660000;10131506822;B
20240416;100618;0.02378;60000;10131506890;B
20240416;100618;0.023775;70000;10131506989;S
20240416;100618;0.02378;230000;10131507074;B
20240416;100620;0.02378;200000;10131507302;B
20240416;100621;0.02378;20000;10131507482;B
20240416;100622;0.02378;1000000;10131507697;B
20240416;100623;0.02378;40000;10131507852;B
20240416;100623;0.023775;450000;10131507911;S
20240416;100624;0.023775;110000;10131508153;S
20240416;100625;0.023775;3060000;10131508359;S
20240416;100625;0.023775;10000;10131508360;S
20240416;100625;0.023775;930000;10131508361;S
20240416;100625;0.02378;10000;10131508372;B
20240416;100626;0.02378;340000;10131508510;B
20240416;100626;0.023775;50000;10131508530;S
20240416;100627;0.02378;20000;10131508583;B
20240416;100627;0.02378;4160000;10131508856;B
20240416;100630;0.02378;40000;10131509268;B
20240416;100632;0.023775;140000;10131509541;S
20240416;100632;0.02378;400000;10131509546;B
20240416;100632;0.02378;40000;10131509597;B
20240416;100632;0.02378;160000;10131509598;B
20240416;100632;0.023775;90000;10131509603;S
20240416;100634;0.02378;2710000;10131509881;B
20240416;100635;0.02378;10000;10131510082;B
20240416;100635;0.02378;20000;10131510100;B
20240416;100636;0.02378;10000;10131510228;B
20240416;100636;0.02378;10000;10131510342;B
20240416;100637;0.02378;10000;10131510519;B
20240416;100638;0.023775;500000;10131510635;S
20240416;100640;0.023775;1000000;10131510988;S
20240416;100640;0.02378;70000;10131511095;B
20240416;100640;0.02378;1000000;10131511096;B
20240416;100640;0.02378;430000;10131511097;B
20240416;100641;0.02378;1710000;10131511216;B
20240416;100641;0.02378;290000;10131511217;B
20240416;100644;0.02378;50000;10131511904;B
20240416;100645;0.02378;300000;10131512409;B
20240416;100647;0.023775;140000;10131512628;S
20240416;100647;0.02378;1330000;10131512672;B
20240416;100648;0.02378;10000;10131512815;B
20240416;100648;0.023775;5630000;10131512825;S
20240416;100650;0.02378;10000;10131513185;B
20240416;100650;0.02378;2680000;10131513236;B
20240416;100650;0.02378;250000;10131513237;B
20240416;100650;0.02378;4440000;10131513238;B
20240416;100650;0.02378;10000;10131513239;B
20240416;100650;0.02378;40000;10131513240;B
20240416;100650;0.02378;4220000;10131513241;B
20240416;100650;0.02378;3450000;10131513242;B
20240416;100650;0.02378;3000000;10131513243;B
20240416;100650;0.02378;1000000;10131513244;B
20240416;100650;0.02378;3190000;10131513245;B
20240416;100650;0.02378;400000;10131513246;B
20240416;100650;0.02378;7320000;10131513247;B
20240416;100651;0.023775;30000;10131513388;S
20240416;100652;0.02378;30000;10131513458;B
20240416;100652;0.02378;20000;10131513561;B
20240416;100652;0.02378;2000000;10131513591;B
20240416;100653;0.023775;1490000;10131513854;S
20240416;100653;0.023775;1760000;10131513855;S
20240416;100653;0.02378;910000;10131513859;B
20240416;100655;0.02378;20000;10131514210;B
20240416;100656;0.023775;120000;10131514280;S
20240416;100656;0.02378;1000000;10131514283;B
20240416;100656;0.02378;90000;10131514325;B
20240416;100658;0.02378;20000;10131514558;B
20240416;100658;0.023775;2120000;10131514559;S
20240416;100658;0.023775;10000;10131514560;S
20240416;100658;0.023775;200000;10131514561;S
20240416;100658;0.023775;30000;10131514562;S
20240416;100700;0.023775;300000;10131514972;B
20240416;100702;0.023775;10000;10131515613;B
20240416;100702;0.023775;260000;10131515620;B
20240416;100703;0.02377;11540000;10131515747;S
20240416;100703;0.02377;600000;10131515748;S
20240416;100703;0.02377;200000;10131515749;S
20240416;100703;0.02377;640000;10131515750;S
20240416;100703;0.02377;50000;10131515767;B
20240416;100704;0.023765;1000000;10131516030;S
20240416;100704;0.023765;10000;10131516031;S
20240416;100704;0.023765;18000000;10131516032;S
20240416;100704;0.023765;40000;10131516033;S
20240416;100704;0.02376;450000;10131516080;S
20240416;100706;0.02376;10000;10131516581;S
20240416;100706;0.02376;21130000;10131516617;S
20240416;100706;0.02376;5400000;10131516618;S
20240416;100706;0.02376;2600000;10131516619;S
20240416;100706;0.02376;590000;10131516620;S
20240416;100706;0.02376;50000;10131516621;S
20240416;100706;0.02376;610000;10131516738;B
20240416;100707;0.023755;20000;10131516825;S
20240416;100707;0.023755;400000;10131516826;S
20240416;100707;0.023755;1000000;10131516827;S
20240416;100707;0.023755;10000;10131516928;B
20240416;100708;0.023755;10000;10131517096;B
20240416;100709;0.02375;10000;10131517451;S
20240416;100709;0.02375;40000;10131517452;S
20240416;100710;0.023755;1000000;10131517720;B
20240416;100712;0.023755;1050000;10131518077;B
20240416;100713;0.023755;50000;10131518124;B
20240416;100713;0.023755;10000;10131518145;B
20240416;100714;0.02375;5960000;10131518421;S
20240416;100714;0.02375;10000;10131518422;S
20240416;100714;0.02375;10000;10131518423;S
20240416;100714;0.02375;74990000;10131518424;S
20240416;100714;0.02375;64980000;10131518425;S
20240416;100714;0.02375;10030000;10131518426;S
20240416;100714;0.02375;10000;10131518427;S
20240416;100714;0.02375;10000;10131518428;S
20240416;100714;0.02375;10000;10131518429;S
20240416;100714;0.02375;200000;10131518430;S
20240416;100714;0.02375;500000;10131518431;S
20240416;100714;0.02375;10000;10131518432;S
20240416;100714;0.02375;39530000;10131518433;S
20240416;100714;0.02375;3450000;10131518434;S
20240416;100714;0.02375;1000000;10131518435;S
20240416;100714;0.023745;20000;10131518436;S
20240416;100714;0.023745;10000000;10131518437;S
20240416;100714;0.023745;2600000;10131518438;S
20240416;100715;0.023745;50000;10131518720;B
20240416;100716;0.02374;120000;10131519021;S
20240416;100716;0.02374;20000;10131519022;S
20240416;100716;0.02374;10000;10131519023;S
20240416;100716;0.02374;10000;10131519024;S
20240416;100716;0.02374;9840000;10131519025;S
20240416;100717;0.02374;50000;10131519223;S
20240416;100717;0.023745;10000;10131519234;B
20240416;100717;0.02374;10000;10131519256;S
20240416;100720;0.023745;10000;10131520072;B
20240416;100721;0.023745;60000;10131520126;B
20240416;100721;0.02374;10100000;10131520206;S
20240416;100721;0.02374;340000;10131520207;S
20240416;100721;0.02374;10000000;10131520208;S
20240416;100722;0.023745;30000;10131520560;B
20240416;100724;0.023745;240000;10131520916;B
20240416;100725;0.023745;250000;10131521142;B
20240416;100726;0.02374;20000000;10131521213;S
20240416;100727;0.02374;10000;10131521394;B
20240416;100727;0.023745;30000;10131521471;B
20240416;100728;0.023745;10000;10131521621;B
20240416;100731;0.023745;10000;10131522198;B
20240416;100731;0.023745;390000;10131522253;B
20240416;100731;0.023745;3410000;10131522254;B
20240416;100731;0.02375;1000000;10131522255;B
20240416;100731;0.02375;10000;10131522256;B
20240416;100731;0.02375;1480000;10131522257;B
20240416;100734;0.023745;20000;10131522860;B
20240416;100736;0.02374;10000;10131523222;S
20240416;100739;0.023745;10000;10131523896;B
20240416;100740;0.023745;10000;10131524016;B
20240416;100740;0.02374;140000;10131524049;S
20240416;100741;0.023745;20000;10131524081;B
20240416;100742;0.023745;10000;10131524308;B
20240416;100744;0.02374;350000;10131524681;S
20240416;100744;0.02374;10000;10131524682;S
20240416;100744;0.023735;10000;10131524896;S
20240416;100744;0.023735;10000;10131524897;S
20240416;100744;0.023735;10000;10131524898;S
20240416;100744;0.023735;20000;10131524899;S
20240416;100744;0.023735;10000;10131524900;S
20240416;100744;0.023735;10000;10131524901;S
20240416;100744;0.023735;10000;10131524902;S
20240416;100744;0.023735;10000;10131524903;S
20240416;100744;0.023735;10000;10131524904;S
20240416;100744;0.023735;10000;10131524905;S
20240416;100744;0.02373;140000;10131524906;S
20240416;100745;0.02374;300000;10131524985;B
20240416;100745;0.02374;10000;10131525003;B
20240416;100745;0.02374;230000;10131525036;B
20240416;100745;0.02374;3450000;10131525037;B
20240416;100745;0.02374;3000000;10131525038;B
20240416;100745;0.02374;2590000;10131525039;B
20240416;100748;0.02374;10000;10131525606;B
20240416;100748;0.02374;60000;10131525703;B
20240416;100748;0.02374;10000;10131525704;B
20240416;100748;0.023745;10000;10131525705;B
20240416;100748;0.023745;1000000;10131525706;B
20240416;100748;0.023745;3290000;10131525707;B
20240416;100748;0.02375;5060000;10131525708;B
20240416;100748;0.02375;4220000;10131525709;B
20240416;100748;0.02375;8430000;10131525710;B
20240416;100748;0.02375;400000;10131525711;B
20240416;100748;0.02375;1000000;10131525712;B
20240416;100748;0.02375;35000000;10131525713;B
20240416;100748;0.02375;1520000;10131525714;B
20240416;100748;0.02374;3450000;10131525718;S
20240416;100748;0.02374;1000000;10131525719;S
20240416;100748;0.02374;400000;10131525720;S
20240416;100749;0.023735;500000;10131525897;S
20240416;100750;0.02374;10000;10131526103;B
20240416;100750;0.023745;3000000;10131526104;B
20240416;100750;0.023745;4220000;10131526105;B
20240416;100750;0.023745;5060000;10131526106;B
20240416;100750;0.023745;3450000;10131526107;B
20240416;100750;0.023745;1000000;10131526108;B
20240416;100750;0.023745;8430000;10131526109;B
20240416;100750;0.02375;5020000;10131526110;B
20240416;100750;0.023745;200000;10131526240;B
20240416;100752;0.023745;20000;10131526744;B
20240416;100754;0.023745;10000;10131526966;B
20240416;100754;0.023735;500000;10131526998;S
20240416;100754;0.023735;1500000;10131526999;S
20240416;100755;0.023735;3000000;10131527200;B
20240416;100755;0.023735;3240000;10131527201;B
20240416;100755;0.02374;1000000;10131527202;B
20240416;100755;0.02374;5060000;10131527203;B
20240416;100755;0.02374;2700000;10131527204;B
20240416;100755;0.023735;10000;10131527295;S
20240416;100756;0.023735;40000;10131527431;S
20240416;100756;0.023735;3400000;10131527473;S
20240416;100756;0.023735;1000000;10131527474;S
20240416;100756;0.02373;860000;10131527475;S
20240416;100756;0.02373;500000;10131527476;S
20240416;100756;0.02373;2240000;10131527477;S
20240416;100758;0.023735;60000;10131527742;B
20240416;100759;0.023735;10000;10131528110;B
20240416;100759;0.023735;20000;10131528117;B
20240416;100801;0.02374;10000;10131528712;B
20240416;100802;0.023735;20000;10131529009;B
20240416;100802;0.02373;10000;10131529010;S
20240416;100802;0.02373;20000;10131529011;S
20240416;100802;0.023735;10000;10131529039;B
20240416;100804;0.02373;40000;10131529327;S
20240416;100805;0.023735;10000;10131529516;B
20240416;100805;0.023735;50000;10131529565;B
20240416;100806;0.023735;250000;10131529851;B
20240416;100807;0.023735;2660000;10131530128;B
20240416;100807;0.023735;3220000;10131530129;B
20240416;100807;0.023735;500000;10131530130;B
20240416;100807;0.02374;990000;10131530131;B
20240416;100807;0.02374;2630000;10131530132;B
20240416;100808;0.023735;20000;10131530240;B
20240416;100810;0.02373;20000;10131530572;S
20240416;100810;0.023735;1980000;10131530577;B
20240416;100810;0.023735;3210000;10131530578;B
20240416;100810;0.02374;810000;10131530579;B
20240416;100810;0.02373;280000;10131530632;S
20240416;100814;0.02374;40000;10131531294;B
20240416;100814;0.02374;20000;10131531426;B
20240416;100815;0.02373;90000;10131531539;S
20240416;100817;0.02373;550000;10131531957;S
20240416;100817;0.02373;10000;10131531958;S
20240416;100817;0.02373;440000;10131531959;S
20240416;100818;0.02373;100000;10131532151;S
20240416;100818;0.02374;10000;10131532176;B
20240416;100819;0.02373;2460000;10131532374;S
20240416;100819;0.02373;1000000;10131532375;S
20240416;100819;0.02373;2180000;10131532376;S
20240416;100819;0.02374;10000;10131532377;B
20240416;100820;0.023735;380000;10131532456;S
20240416;100824;0.02374;20000;10131533018;B
20240416;100824;0.02374;1000000;10131533166;B
20240416;100824;0.023735;80000;10131533171;S
20240416;100829;0.023735;40000;10131533852;S
20240416;100831;0.02374;10000;10131534045;B
20240416;100831;0.02374;200000;10131534052;B
20240416;100831;0.023735;2500000;10131534093;S
20240416;100831;0.02373;1270000;10131534094;S
20240416;100831;0.02373;60000;10131534095;S
20240416;100831;0.02373;10000;10131534096;S
20240416;100831;0.02373;11370000;10131534097;S
20240416;100831;0.02373;1000000;10131534098;S
20240416;100831;0.02373;3170000;10131534099;S
20240416;100831;0.023725;620000;10131534100;S
20240416;100831;0.02373;3000000;10131534143;S
20240416;100831;0.023725;5380000;10131534144;S
20240416;100831;0.023725;5900000;10131534145;S
20240416;100831;0.023725;20000;10131534146;S
20240416;100831;0.023725;40000;10131534147;S
20240416;100831;0.023725;1000000;10131534148;S
20240416;100831;0.023725;1590000;10131534149;S
20240416;100833;0.023735;500000;10131534480;B
20240416;100834;0.023735;30000;10131534629;B
20240416;100835;0.023735;40000;10131534695;B
20240416;100835;0.023725;10000;10131534817;S
20240416;100836;0.023725;100000;10131534946;S
20240416;100838;0.023735;20000;10131535213;B
20240416;100838;0.023735;10000;10131535220;B
20240416;100839;0.023725;1000000;10131535477;S
20240416;100839;0.02373;1000000;10131535478;B
20240416;100840;0.02373;20000;10131535524;B
20240416;100840;0.023735;10000;10131535592;B
20240416;100841;0.023735;50000;10131535666;B
20240416;100842;0.023735;10000;10131535921;B
20240416;100843;0.023735;100000;10131536029;B
20240416;100844;0.023735;60000;10131536121;B
20240416;100844;0.023735;10000;10131536123;B
20240416;100845;0.023725;5900000;10131536280;S
20240416;100845;0.023725;2100000;10131536281;S
20240416;100846;0.023735;50000;10131536507;B
20240416;100847;0.023735;40000;10131536622;B
20240416;100848;0.023735;10000;10131536896;B
20240416;100849;0.02373;10000;10131537022;S
20240416;100849;0.023725;10000;10131537023;S
20240416;100849;0.023735;660000;10131537029;B
20240416;100849;0.023735;2000000;10131537030;B
20240416;100849;0.023735;3450000;10131537031;B
20240416;100849;0.023735;100000;10131537032;B
20240416;100849;0.023735;3120000;10131537033;B
20240416;100849;0.02374;670000;10131537034;B
20240416;100850;0.023735;3000000;10131537160;S
20240416;100850;0.02373;5900000;10131537161;S
20240416;100850;0.02373;3450000;10131537162;S
20240416;100850;0.02373;1000000;10131537163;S
20240416;100850;0.02373;50000;10131537164;S
20240416;100850;0.02373;3130000;10131537165;S
20240416;100850;0.023725;890000;10131537166;S
20240416;100850;0.023725;10000;10131537167;S
20240416;100850;0.023725;90000;10131537168;S
20240416;100850;0.023725;20000;10131537169;S
20240416;100850;0.023725;2460000;10131537170;S
20240416;100852;0.023735;10000;10131537366;B
20240416;100853;0.02373;1000000;10131537607;S
20240416;100854;0.02373;2000000;10131537773;S
20240416;100854;0.023725;3440000;10131537774;S
20240416;100854;0.023725;1000000;10131537775;S
20240416;100854;0.023725;50000;10131537776;S
20240416;100854;0.023725;3110000;10131537777;S
20240416;100854;0.02372;10000;10131537778;S
20240416;100854;0.02372;5000000;10131537779;S
20240416;100854;0.02372;34090000;10131537780;S
20240416;100854;0.02373;2000000;10131537783;B
20240416;100855;0.023725;40000;10131537836;S
20240416;100855;0.023725;3000000;10131537917;S
20240416;100856;0.02373;10000;10131538043;B
20240416;100856;0.023725;1340000;10131538081;S
20240416;100857;0.02373;10000;10131538193;B
20240416;100858;0.02373;20000;10131538320;B
20240416;100859;0.02373;30000;10131538675;B
20240416;100900;0.023735;400000;10131538874;B
20240416;100901;0.023725;30000;10131539044;S
20240416;100902;0.023725;6960000;10131539267;S
20240416;100902;0.023725;40000;10131539268;S
20240416;100902;0.023735;80000;10131539305;B
20240416;100903;0.023735;30000;10131539690;B
20240416;100904;0.023725;80000;10131540124;S
20240416;100905;0.023725;10000;10131540252;S
20240416;100908;0.023735;10000;10131540940;B
20240416;100909;0.023735;40000;10131541028;B
20240416;100910;0.023735;10000;10131541290;B
20240416;100910;0.02373;500000;10131541291;S
20240416;100910;0.02373;500000;10131541292;S
20240416;100912;0.02373;10000;10131541485;S
20240416;100912;0.023735;2420000;10131541505;B
20240416;100912;0.023735;1000000;10131541506;B
20240416;100912;0.023735;1580000;10131541507;B
20240416;100912;0.02373;10000;10131541543;S
20240416;100914;0.023735;10000;10131541855;B
20240416;100916;0.023735;30000;10131542105;B
20240416;100916;0.023735;10000;10131542238;B
20240416;100917;0.02373;370000;10131542343;S
20240416;100919;0.023735;20000;10131542740;B
20240416;100920;0.02373;2560000;10131542902;S
20240416;100920;0.02373;10000;10131542903;S
20240416;100920;0.023725;2870000;10131542904;S
20240416;100920;0.023725;3840000;10131542905;S
20240416;100920;0.02373;1000000;10131542906;B
20240416;100921;0.02373;3000000;10131543024;B
20240416;100921;0.02373;10000;10131543183;B
20240416;100921;0.02373;10000;10131543184;B
20240416;100923;0.023725;430000;10131543516;S
20240416;100923;0.02373;10000;10131543546;B
20240416;100925;0.02373;3040000;10131543798;B
20240416;100927;0.023735;10000;10131544073;B
20240416;100927;0.023735;20000;10131544091;B
20240416;100927;0.023725;10000;10131544186;S
20240416;100931;0.02373;10000;10131544701;B
20240416;100931;0.02373;10000;10131544716;B
20240416;100932;0.02373;930000;10131544873;B
20240416;100932;0.02373;10000;10131544893;B
20240416;100933;0.02373;40000;10131545025;B
20240416;100933;0.023725;1620000;10131545040;S
20240416;100933;0.023725;10000;10131545041;S
20240416;100933;0.023725;20000;10131545042;S
20240416;100933;0.023725;200000;10131545043;S
20240416;100933;0.023725;2540000;10131545044;S
20240416;100935;0.023725;10000;10131545471;S
20240416;100938;0.02373;30000;10131546100;B
20240416;100938;0.023725;900000;10131546172;S
20240416;100938;0.023725;3000000;10131546173;S
20240416;100938;0.023725;1650000;10131546174;S
20240416;100938;0.02373;30000;10131546263;B
20240416;100939;0.02373;500000;10131546371;B
20240416;100939;0.023725;4250000;10131546381;S
20240416;100939;0.023725;3000000;10131546382;S
20240416;100939;0.023725;3450000;10131546383;S
20240416;100939;0.023725;10000;10131546384;S
20240416;100941;0.023725;20000;10131546588;B
20240416;100941;0.02372;200000;10131546656;S
20240416;100942;0.02372;5710000;10131546917;S
20240416;100942;0.02372;10000;10131546918;S
20240416;100942;0.02372;20000;10131546919;S
20240416;100942;0.02372;120000;10131546920;S
20240416;100942;0.02372;140000;10131546921;S
20240416;100944;0.02372;5760000;10131547118;S
20240416;100944;0.02372;10000;10131547119;S
20240416;100944;0.02372;2230000;10131547120;S
20240416;100945;0.023725;5000000;10131547316;B
20240416;100945;0.02372;20000;10131547398;S
20240416;100945;0.023725;10000;10131547400;B
20240416;100946;0.02372;9980000;10131547462;S
20240416;100946;0.02372;5020000;10131547463;S
20240416;100947;0.02372;10000;10131547701;B
20240416;100947;0.02372;20000;10131547757;B
20240416;100948;0.02372;10000;10131547866;B
20240416;100949;0.023715;5000000;10131548435;S
20240416;100949;0.023715;50000;10131548436;S
20240416;100949;0.023715;5900000;10131548437;S
20240416;100949;0.023715;1610000;10131548438;S
20240416;100950;0.02372;10000;10131548501;B
20240416;100952;0.02372;500000;10131548972;B
20240416;100954;0.02372;10000;10131549326;B
20240416;100955;0.02372;40000;10131549518;B
20240416;100956;0.02372;10000;10131549765;B
20240416;100957;0.02372;120000;10131549872;B
20240416;101000;0.02372;10000;10131550308;B
20240416;101000;0.023715;40000;10131550446;S
20240416;101000;0.023715;3450000;10131550447;S
20240416;101000;0.023715;5900000;10131550448;S
20240416;101000;0.023715;20000;10131550449;S
20240416;101000;0.023715;590000;10131550450;S
20240416;101001;0.023715;3000000;10131550523;S
20240416;101001;0.023715;5900000;10131550524;S
20240416;101001;0.023715;1100000;10131550525;S
20240416;101003;0.023715;450000;10131551224;B
20240416;101003;0.023715;10000;10131551300;B
20240416;101007;0.023715;20000;10131552230;B
20240416;101008;0.02371;30000;10131552377;S
20240416;101008;0.023715;10000;10131552389;B
20240416;101009;0.023715;10000;10131552653;B
20240416;101012;0.02371;10000;10131553708;S
20240416;101012;0.02371;330000;10131553709;S
20240416;101012;0.02371;300000;10131553710;S
20240416;101012;0.02371;50000;10131553711;S
20240416;101012;0.02371;10000;10131553712;S
20240416;101012;0.02371;13000000;10131553713;S
20240416;101012;0.02371;10000;10131553714;S
20240416;101012;0.02371;20000;10131553715;S
20240416;101012;0.02371;10000;10131553716;S
20240416;101012;0.02371;3450000;10131553717;S
20240416;101012;0.02371;2000000;10131553718;S
20240416;101012;0.02371;30000;10131553719;S
20240416;101012;0.02371;140000;10131553720;S
20240416;101012;0.02371;100000;10131553721;S
20240416;101012;0.02371;1100000;10131553724;B
20240416;101013;0.023705;140000;10131553743;S
20240416;101013;0.023705;20000;10131553744;S
20240416;101013;0.023705;20000;10131553745;S
20240416;101013;0.023705;10000;10131553746;S
20240416;101013;0.023705;10000;10131553747;S
20240416;101013;0.023705;30000;10131553748;S
20240416;101013;0.023705;5900000;10131553749;S
20240416;101013;0.023705;7180000;10131553750;S
20240416;101013;0.023705;20360000;10131553751;S
20240416;101013;0.023705;10000000;10131553752;S
20240416;101013;0.023705;10000;10131553753;S
20240416;101013;0.023705;10000;10131553754;S
20240416;101013;0.023705;12000000;10131553755;S
20240416;101013;0.023705;3450000;10131553756;S
20240416;101013;0.0237;100000;10131553757;S
20240416;101013;0.0237;10000;10131553758;S
20240416;101013;0.0237;320000;10131553759;S
20240416;101013;0.0237;10000;10131553760;S
20240416;101013;0.0237;10000;10131553761;S
20240416;101013;0.0237;500000;10131553762;S
20240416;101013;0.0237;30000;10131553763;S
20240416;101013;0.0237;20000;10131553764;S
20240416;101013;0.0237;10000;10131553765;S
20240416;101013;0.0237;100000;10131553766;S
20240416;101013;0.0237;50000;10131553767;S
20240416;101013;0.0237;10000;10131553768;S
20240416;101013;0.0237;10000;10131553769;S
20240416;101013;0.0237;10000;10131553770;S
20240416;101013;0.0237;5000000;10131553771;S
20240416;101013;0.0237;40000;10131553772;S
20240416;101013;0.0237;10000;10131553773;S
20240416;101013;0.0237;10000000;10131553774;S
20240416;101013;0.0237;10000;10131553775;S
20240416;101013;0.0237;10000;10131553776;S
20240416;101013;0.0237;10000;10131553777;S
20240416;101013;0.0237;5900000;10131553778;S
20240416;101013;0.0237;550000;10131553779;S
20240416;101013;0.0237;250000;10131553780;S
20240416;101013;0.0237;6000000;10131553781;S
20240416;101013;0.0237;20000;10131553782;S
20240416;101013;0.0237;1000000;10131553783;S
20240416;101013;0.0237;10000000;10131553784;S
20240416;101013;0.0237;10000;10131553785;S
20240416;101013;0.0237;40000;10131553786;S
20240416;101013;0.0237;10000;10131553787;S
20240416;101013;0.0237;100000;10131553788;S
20240416;101013;0.0237;200000;10131553789;S
20240416;101013;0.0237;10000;10131553790;S
20240416;101013;0.0237;500000;10131553791;S
20240416;101013;0.0237;6610000;10131553792;S
20240416;101013;0.0237;3840000;10131553793;S
20240416;101013;0.0237;40000;10131553794;S
20240416;101013;0.0237;1000000;10131553795;S
20240416;101013;0.0237;1000000;10131553796;S
20240416;101013;0.0237;50000;10131553797;S
20240416;101013;0.0237;30000;10131553798;S
20240416;101013;0.0237;10000;10131553799;S
20240416;101013;0.0237;39190000;10131553800;S
20240416;101013;0.023705;1000000;10131553808;S
20240416;101013;0.023705;2000000;10131553810;S
20240416;101013;0.023705;1000000;10131553811;S
20240416;101013;0.023705;3450000;10131553812;S
20240416;101013;0.0237;9000000;10131553979;S
20240416;101013;0.023705;3000000;10131554007;B
20240416;101013;0.023705;1000000;10131554008;B
20240416;101013;0.02371;3000000;10131554009;B
20240416;101013;0.02371;1000000;10131554010;B
20240416;101013;0.02371;2000000;10131554011;B
20240416;101014;0.023705;20000;10131554069;B
20240416;101014;0.023705;2000000;10131554102;B
20240416;101017;0.023705;10000;10131554751;B
20240416;101018;0.0237;2380000;10131555062;S
20240416;101018;0.0237;10000;10131555063;S
20240416;101018;0.0237;610000;10131555064;S
20240416;101019;0.023705;50000;10131555161;B
20240416;101019;0.023705;10000;10131555183;B
20240416;101020;0.023705;50000;10131555253;B
20240416;101020;0.0237;4500000;10131555291;S
20240416;101020;0.0237;790000;10131555306;S
20240416;101020;0.0237;1210000;10131555307;S
20240416;101020;0.023705;30000;10131555324;B
20240416;101022;0.0237;20000;10131555754;S
20240416;101023;0.023705;10000;10131555856;B
20240416;101024;0.023705;10000;10131556172;B
20240416;101024;0.023705;100000;10131556192;B
20240416;101024;0.0237;2220000;10131556206;S
20240416;101024;0.0237;150000;10131556207;S
20240416;101024;0.0237;1500000;10131556208;S
20240416;101024;0.0237;10000;10131556209;S
20240416;101024;0.0237;10000;10131556210;S
20240416;101024;0.0237;10000;10131556211;S
20240416;101024;0.0237;10000;10131556212;S
20240416;101024;0.0237;10000;10131556213;S
20240416;101024;0.0237;10000;10131556214;S
20240416;101024;0.0237;10000;10131556215;S
20240416;101024;0.0237;10000;10131556216;S
20240416;101024;0.0237;10000;10131556217;S
20240416;101024;0.0237;10000;10131556218;S
20240416;101024;0.0237;20000;10131556219;S
20240416;101024;0.0237;2000000;10131556224;B
20240416;101024;0.0237;1000000;10131556226;B
20240416;101024;0.0237;10000;10131556238;B
20240416;101026;0.023695;1390000;10131556584;S
20240416;101027;0.0237;230000;10131556960;B
20240416;101027;0.023695;3180000;10131556961;S
20240416;101027;0.023695;1330000;10131556973;S
20240416;101027;0.023695;770000;10131556974;S
20240416;101027;0.023695;140000;10131557059;S
20240416;101027;0.023695;10000;10131557060;S
20240416;101028;0.0237;10000;10131557204;B
20240416;101030;0.023695;5890000;10131557623;S
20240416;101030;0.023695;3450000;10131557624;S
20240416;101030;0.023695;130000;10131557625;S
20240416;101030;0.023695;3000000;10131557626;S
20240416;101030;0.02369;170000;10131557627;S
20240416;101030;0.02369;1200000;10131557628;S
20240416;101030;0.02369;10000;10131557629;S
20240416;101030;0.02369;10000;10131557630;S
20240416;101030;0.02369;4140000;10131557631;S
20240416;101030;0.02369;1760000;10131557632;S
20240416;101030;0.02369;10000;10131557633;S
20240416;101030;0.02369;10000000;10131557634;S
20240416;101030;0.02369;10000;10131557635;S
20240416;101030;0.02369;3450000;10131557636;S
20240416;101030;0.02369;3000000;10131557637;S
20240416;101030;0.023685;10000;10131557638;S
20240416;101030;0.023685;10000;10131557639;S
20240416;101030;0.023685;5900000;10131557640;S
20240416;101030;0.023685;6000000;10131557641;S
20240416;101030;0.023685;20000;10131557642;S
20240416;101030;0.023685;100000;10131557643;S
20240416;101030;0.023685;2000000;10131557644;S
20240416;101030;0.023685;1000000;10131557645;S
20240416;101030;0.023685;30000000;10131557646;S
20240416;101030;0.023685;200000;10131557647;S
20240416;101030;0.023685;10000;10131557648;S
20240416;101030;0.023685;3180000;10131557649;S
20240416;101030;0.02368;1000000;10131557650;S
20240416;101030;0.02368;1000000;10131557651;S
20240416;101030;0.02368;10000;10131557652;S
20240416;101030;0.02368;10000;10131557653;S
20240416;101030;0.02368;5150000;10131557654;S
20240416;101030;0.02368;10000;10131557655;S
20240416;101030;0.02368;10000;10131557656;S
20240416;101030;0.02368;5900000;10131557657;S
20240416;101030;0.02368;6000000;10131557658;S
20240416;101030;0.02368;500000;10131557659;S
20240416;101030;0.02368;10000;10131557660;S
20240416;101030;0.02368;90000;10131557661;S
20240416;101030;0.02368;10000000;10131557662;S
20240416;101030;0.02368;1000000;10131557663;S
20240416;101030;0.02368;10000;10131557664;S
20240416;101030;0.02368;100000;10131557665;S
20240416;101030;0.02368;40000;10131557666;S
20240416;101030;0.02368;200000;10131557667;S
20240416;101030;0.02368;10000;10131557668;S
20240416;101030;0.02368;400000;10131557669;S
20240416;101030;0.02368;20000000;10131557670;S
20240416;101030;0.02368;39530000;10131557671;S
20240416;101030;0.023675;830000;10131557672;S
20240416;101030;0.023675;10000;10131557673;S
20240416;101030;0.023675;30000;10131557674;S
20240416;101030;0.023675;5900000;10131557675;S
20240416;101030;0.023675;6000000;10131557676;S
20240416;101030;0.023675;10000;10131557677;S
20240416;101030;0.023675;600000;10131557678;S
20240416;101030;0.023675;10000;10131557679;S
20240416;101030;0.023675;1000000;10131557680;S
20240416;101030;0.023675;30000000;10131557681;S
20240416;101030;0.023675;3000000;10131557682;S
20240416;101030;0.023675;30000000;10131557683;S
20240416;101030;0.023675;7500000;10131557684;S
20240416;101030;0.023675;11390000;10131557685;S
20240416;101030;0.02367;1010000;10131557686;S
20240416;101030;0.02367;10000;10131557687;S
20240416;101030;0.02367;10000;10131557688;S
20240416;101030;0.02367;10000;10131557689;S
20240416;101030;0.02367;150000;10131557690;S
20240416;101030;0.02367;5900000;10131557691;S
20240416;101030;0.02367;6000000;10131557692;S
20240416;101030;0.02367;10000;10131557693;S
20240416;101030;0.02367;700000;10131557694;S
20240416;101030;0.02367;10000;10131557695;S
20240416;101030;0.02367;1000000;10131557696;S
20240416;101030;0.023665;20000;10131557697;S
20240416;101030;0.023665;10000;10131557698;S
20240416;101030;0.023665;5900000;10131557699;S
20240416;101030;0.023665;10000;10131557700;S
20240416;101030;0.023665;800000;10131557701;S
20240416;101030;0.023665;4530000;10131557702;S
20240416;101030;0.023695;3000000;10131557703;B
20240416;101030;0.023695;1000000;10131557704;B
20240416;101030;0.02368;1000000;10131557705;B
20240416;101030;0.02368;3000000;10131557706;S
20240416;101030;0.02368;16000000;10131557707;S
20240416;101030;0.02368;5900000;10131557708;S
20240416;101030;0.02368;3000000;10131557709;S
20240416;101030;0.02368;3450000;10131557710;S
20240416;101030;0.023675;1650000;10131557711;S
20240416;101030;0.02368;8430000;10131557712;B
20240416;101030;0.02368;1000000;10131557713;B
20240416;101030;0.02368;5730000;10131557715;S
20240416;101031;0.02368;200000;10131557829;S
20240416;101031;0.02368;300000;10131557906;S
20240416;101031;0.023685;10000;10131557909;B
20240416;101031;0.023685;100000;10131557911;B
20240416;101032;0.023685;30000;10131558023;B
20240416;101032;0.02368;3000000;10131558031;S
20240416;101033;0.02368;50000;10131558330;S
20240416;101033;0.02368;300000;10131558393;S
20240416;101034;0.023685;50000;10131558523;B
20240416;101034;0.02368;380000;10131558532;S
20240416;101035;0.02368;470000;10131558652;S
20240416;101035;0.02368;3000000;10131558653;S
20240416;101035;0.02368;20000;10131558654;S
20240416;101035;0.02368;3460000;10131558655;S
20240416;101035;0.02368;10000;10131558656;S
20240416;101035;0.02368;1310000;10131558657;S
20240416;101035;0.02368;440000;10131558676;S
20240416;101035;0.023685;10000;10131558684;B
20240416;101036;0.023685;2800000;10131558831;B
20240416;101036;0.02369;1000000;10131558832;B
20240416;101036;0.02369;1200000;10131558833;B
20240416;101036;0.023685;270000;10131558882;B
20240416;101036;0.02369;20000;10131558909;B
20240416;101037;0.02369;140000;10131559213;B
20240416;101039;0.02369;100000;10131559730;B
20240416;101040;0.023685;1080000;10131559869;S
20240416;101041;0.02369;10000;10131560122;B
20240416;101042;0.02369;10000;10131560313;B
20240416;101042;0.023685;1050000;10131560329;S
20240416;101043;0.023685;230000;10131560485;S
20240416;101044;0.02369;40000;10131560851;B
20240416;101044;0.02369;100000;10131560947;B
20240416;101046;0.02369;50000;10131561641;S
20240416;101046;0.023695;30000;10131561677;B
20240416;101047;0.02369;2000000;10131561838;S
20240416;101048;0.02369;950000;10131562266;S
20240416;101048;0.023685;3050000;10131562267;S
20240416;101048;0.02369;100000;10131562325;S
20240416;101049;0.023695;10000;10131562516;B
20240416;101050;0.023695;10000;10131562825;B
20240416;101050;0.023695;10000;10131562908;B
20240416;101050;0.023695;10000;10131562910;B
20240416;101051;0.023695;5000000;10131563150;B
20240416;101052;0.023695;930000;10131563577;B
20240416;101052;0.023695;1000000;10131563578;B
20240416;101052;0.023695;1070000;10131563579;B
20240416;101053;0.02369;2000000;10131563764;S
20240416;101053;0.02369;10000;10131563774;S
20240416;101053;0.02369;990000;10131563835;S
20240416;101053;0.02369;100000;10131563836;S
20240416;101053;0.02369;10000;10131563837;S
20240416;101053;0.02369;1000000;10131563838;S
20240416;101053;0.023685;310000;10131563839;S
20240416;101054;0.023685;10000;10131564202;S
20240416;101057;0.02369;1420000;10131564938;B
20240416;101057;0.02369;3000000;10131564939;B
20240416;101057;0.023695;3000000;10131564940;B
20240416;101057;0.023695;2580000;10131564941;B
20240416;101057;0.023685;4270000;10131564988;S
20240416;101057;0.023685;120000;10131564989;S
20240416;101057;0.023685;3000000;10131564990;S
20240416;101057;0.023685;10000000;10131564991;S
20240416;101057;0.023685;10000;10131564992;S
20240416;101057;0.023685;30000;10131564993;S
20240416;101057;0.023685;1000000;10131564994;S
20240416;101057;0.02368;1000000;10131564995;S
20240416;101057;0.02368;4220000;10131564996;S
20240416;101057;0.02368;90000;10131564997;S
20240416;101057;0.02368;5900000;10131564998;S
20240416;101057;0.02368;5060000;10131564999;S
20240416;101057;0.02368;30000;10131565000;S
20240416;101057;0.02368;10000;10131565001;S
20240416;101057;0.02368;660000;10131565002;S
20240416;101057;0.02368;9600000;10131565003;S
20240416;101059;0.02368;110000;10131565273;S
20240416;101100;0.02369;2500000;10131565400;B
20240416;101100;0.02368;1680000;10131565431;S
20240416;101100;0.02368;1000000;10131565432;S
20240416;101100;0.02368;5900000;10131565433;S
20240416;101100;0.02368;110000;10131565434;S
20240416;101100;0.02368;5060000;10131565435;S
20240416;101100;0.02368;4220000;10131565436;S
20240416;101100;0.023675;4250000;10131565437;S
20240416;101100;0.023675;1000000;10131565438;S
20240416;101100;0.023675;4300000;10131565439;S
20240416;101100;0.023675;10000;10131565440;S
20240416;101100;0.023675;36700000;10131565441;S
20240416;101100;0.02368;200000;10131565532;S
20240416;101101;0.023675;160000;10131565786;S
20240416;101101;0.02368;10000;10131565821;B
20240416;101101;0.02368;300000;10131565881;B
20240416;101102;0.023675;5740000;10131566005;S
20240416;101102;0.023675;11390000;10131566006;S
20240416;101102;0.023675;100000;10131566007;S
20240416;101102;0.02367;2770000;10131566008;S
20240416;101103;0.02368;2690000;10131566107;B
20240416;101103;0.02368;2000000;10131566108;B
20240416;101103;0.02368;310000;10131566109;B
20240416;101103;0.02367;450000;10131566221;S
20240416;101104;0.02368;60000;10131566428;B
20240416;101106;0.02368;2940000;10131566763;B
20240416;101106;0.02368;2970000;10131566764;B
20240416;101106;0.023685;1000000;10131566765;B
20240416;101106;0.023685;3000000;10131566766;B
20240416;101106;0.023685;8430000;10131566767;B
20240416;101106;0.023685;6000000;10131566768;B
20240416;101106;0.023685;5060000;10131566769;B
20240416;101106;0.023685;4220000;10131566770;B
20240416;101106;0.02369;500000;10131566771;B
20240416;101106;0.02369;1000000;10131566772;B
20240416;101106;0.02369;6000000;10131566773;B
20240416;101106;0.02369;39530000;10131566774;B
20240416;101106;0.02369;100000;10131566775;B
20240416;101106;0.023695;6000000;10131566776;B
20240416;101106;0.023695;1000000;10131566777;B
20240416;101106;0.023695;3250000;10131566778;B
20240416;101107;0.02368;1000000;10131566849;S
20240416;101107;0.023675;6000000;10131566850;S
20240416;101107;0.023675;90000;10131566851;S
20240416;101107;0.023675;1000000;10131566852;S
20240416;101107;0.023675;5900000;10131566853;S
20240416;101107;0.023675;39530000;10131566854;S
20240416;101107;0.02367;2680000;10131566855;S
20240416;101107;0.02367;1000000;10131566856;S
20240416;101107;0.02367;10000;10131566857;S
20240416;101107;0.02367;20000000;10131566858;S
20240416;101107;0.02367;10000;10131566859;S
20240416;101107;0.02367;6000000;10131566860;S
20240416;101107;0.023665;1470000;10131566861;S
20240416;101107;0.023665;10000;10131566862;S
20240416;101107;0.023665;1000000;10131566863;S
20240416;101107;0.023665;5900000;10131566864;S
20240416;101107;0.023665;10000000;10131566865;S
20240416;101107;0.023665;7500000;10131566866;S
20240416;101107;0.023665;10000;10131566867;S
20240416;101107;0.023665;10000;10131566868;S
20240416;101107;0.023665;11400000;10131566869;S
20240416;101107;0.023665;2000000;10131566870;S
20240416;101107;0.023665;4220000;10131566871;S
20240416;101107;0.023665;19050000;10131566872;S
20240416;101107;0.02366;180000;10131566873;S
20240416;101107;0.02366;100000;10131566874;S
20240416;101107;0.02366;10000;10131566875;S
20240416;101107;0.02366;200000;10131566876;S
20240416;101107;0.02366;5000000;10131566877;S
20240416;101107;0.02366;550000;10131566878;S
20240416;101107;0.02366;50000;10131566879;S
20240416;101107;0.02366;10000;10131566880;S
20240416;101107;0.02366;300000;10131566881;S
20240416;101107;0.02366;900000;10131566882;S
20240416;101107;0.02366;10000000;10131566883;S
20240416;101107;0.02366;10000;10131566884;S
20240416;101107;0.02366;10000;10131566885;S
20240416;101107;0.02366;10000;10131566886;S
20240416;101107;0.02366;5900000;10131566887;S
20240416;101107;0.02366;6000000;10131566888;S
20240416;101107;0.02366;880000;10131566889;S
20240416;101107;0.02366;10000;10131566890;S
20240416;101107;0.02366;10000000;10131566891;S
20240416;101107;0.02366;1000000;10131566892;S
20240416;101107;0.02366;13090000;10131566893;S
20240416;101107;0.023665;50000;10131566938;S
20240416;101107;0.02366;450000;10131566958;S
20240416;101107;0.02367;20000;10131566964;B
20240416;101107;0.02367;50000;10131566981;B
20240416;101107;0.023665;3000000;10131567019;S
20240416;101107;0.023665;20000;10131567020;S
20240416;101107;0.023665;1500000;10131567057;S
20240416;101108;0.02367;30000;10131567119;B
20240416;101108;0.02367;20000;10131567128;B
20240416;101108;0.023665;500000;10131567142;S
20240416;101108;0.02367;10000;10131567143;B
20240416;101108;0.023665;10000;10131567159;S
20240416;101108;0.023665;10000;10131567160;S
20240416;101108;0.023665;200000;10131567172;S
20240416;101110;0.02367;10000;10131567746;B
20240416;101110;0.02367;1960000;10131567804;B
20240416;101110;0.02367;3040000;10131567805;B
20240416;101110;0.02367;20000;10131567827;B
20240416;101110;0.02367;10000;10131567829;B
20240416;101111;0.023675;30000;10131567847;B
20240416;101111;0.02367;20000;10131567952;B
20240416;101111;0.02367;10000;10131567990;B
20240416;101112;0.023675;10000;10131568036;B
20240416;101113;0.023675;20000;10131568520;B
20240416;101113;0.023675;10000;10131568571;B
20240416;101113;0.02368;3000000;10131568660;B
20240416;101114;0.02368;2000000;10131568834;S
20240416;101114;0.023675;3000000;10131568835;S
20240416;101114;0.023675;1000000;10131568836;S
20240416;101114;0.023675;4220000;10131568837;S
20240416;101114;0.023675;2830000;10131568838;S
20240416;101114;0.023675;5060000;10131568839;S
20240416;101114;0.023675;90000;10131568840;S
20240416;101114;0.023675;3960000;10131568841;S
20240416;101116;0.023675;1000000;10131569277;S
20240416;101116;0.023675;40000;10131569278;S
20240416;101116;0.023675;3960000;10131569279;S
20240416;101117;0.02368;10000;10131569457;B
20240416;101118;0.02368;10000000;10131569528;B
20240416;101119;0.023675;10000;10131569705;S
20240416;101119;0.023685;100000;10131569872;B
20240416;101119;0.023685;10000;10131569907;B
20240416;101119;0.023685;20000;10131569992;B
20240416;101120;0.023675;10000;10131570162;S
20240416;101120;0.023675;530000;10131570163;S
20240416;101121;0.023675;2000000;10131570250;S
20240416;101121;0.023685;20000;10131570271;B
20240416;101121;0.02368;250000;10131570404;B
20240416;101122;0.023685;50000;10131570485;B
20240416;101123;0.023685;10000;10131570746;B
20240416;101123;0.023685;50000;10131570974;B
20240416;101124;0.023685;10000;10131571182;B
20240416;101124;0.023685;10000;10131571216;B
20240416;101124;0.023685;10000000;10131571255;B
20240416;101126;0.02368;2000000;10131571639;S
20240416;101126;0.023685;500000;10131571846;B
20240416;101127;0.02368;1000000;10131572003;S
20240416;101128;0.023685;930000;10131572113;B
20240416;101128;0.02368;100000;10131572308;S
20240416;101128;0.02368;3000000;10131572309;S
20240416;101128;0.023675;2530000;10131572310;S
20240416;101128;0.023675;4220000;10131572311;S
20240416;101128;0.023675;2810000;10131572312;S
20240416;101129;0.02368;5060000;10131572586;S
20240416;101129;0.02368;3000000;10131572587;S
20240416;101129;0.023675;5620000;10131572588;S
20240416;101129;0.023675;80000;10131572589;S
20240416;101129;0.023675;360000;10131572590;S
20240416;101129;0.023675;6980000;10131572591;S
20240416;101130;0.02369;1000000;10131572696;B
20240416;101130;0.02369;9000000;10131572697;B
20240416;101130;0.02369;100000;10131572805;B
20240416;101130;0.02368;250000;10131572820;S
20240416;101131;0.023685;100000;10131573070;B
20240416;101132;0.023685;2860000;10131573170;B
20240416;101132;0.02369;10000;10131573171;B
20240416;101132;0.02369;1000000;10131573172;B
20240416;101132;0.02369;1130000;10131573173;B
20240416;101132;0.02368;50000;10131573226;S
20240416;101132;0.02368;1950000;10131573227;S
20240416;101132;0.02369;10000;10131573247;B
20240416;101133;0.02368;2770000;10131573321;S
20240416;101133;0.02369;1000000;10131573323;B
20240416;101133;0.02369;900000;10131573324;B
20240416;101133;0.02369;10000000;10131573503;B
20240416;101134;0.02368;3000000;10131573551;S
20240416;101134;0.02368;4220000;10131573552;S
20240416;101134;0.02368;1000000;10131573553;S
20240416;101134;0.02368;80000;10131573554;S
20240416;101134;0.02368;5060000;10131573555;S
20240416;101134;0.02368;8430000;10131573556;S
20240416;101134;0.023675;12660000;10131573601;S
20240416;101134;0.023675;360000;10131573755;S
20240416;101134;0.023675;10000000;10131573756;S
20240416;101134;0.023675;100000;10131573757;S
20240416;101134;0.02367;170000;10131573758;S
20240416;101134;0.02367;11390000;10131573759;S
20240416;101134;0.02367;2870000;10131573760;S
20240416;101134;0.02367;70000;10131573761;S
20240416;101134;0.02367;30000;10131573762;S
20240416;101134;0.02367;40000;10131573763;B
20240416;101134;0.023665;10000;10131573789;S
20240416;101134;0.023665;10000;10131573790;S
20240416;101134;0.023665;1980000;10131573791;S
20240416;101138;0.02367;20000;10131575069;B
20240416;101139;0.02367;40000;10131575308;B
20240416;101139;0.02367;20000;10131575382;B
20240416;101141;0.023665;70000;10131575676;S
20240416;101143;0.02367;1050000;10131576043;B
20240416;101144;0.02367;50000;10131576169;B
20240416;101144;0.02367;30000;10131576182;B
20240416;101144;0.02367;10000000;10131576189;B
20240416;101144;0.02367;10000000;10131576190;B
20240416;101144;0.02367;10000000;10131576191;B
20240416;101144;0.02367;10000000;10131576192;B
20240416;101144;0.02367;45740000;10131576276;B
20240416;101144;0.02367;2900000;10131576277;B
20240416;101144;0.02367;500000;10131576278;B
20240416;101144;0.023675;6000000;10131576279;B
20240416;101144;0.023675;39530000;10131576280;B
20240416;101144;0.02368;5330000;10131576281;B
20240416;101144;0.02368;7500000;10131576282;B
20240416;101145;0.02368;60000;10131576391;B
20240416;101146;0.023675;10000;10131576644;B
20240416;101146;0.023675;270000;10131576693;B
20240416;101147;0.02367;1000000;10131576835;S
20240416;101147;0.02367;3000000;10131576836;S
20240416;101147;0.02367;330000;10131576837;S
20240416;101147;0.023665;1130000;10131576838;S
20240416;101147;0.023665;30000;10131576839;S
20240416;101147;0.023665;8430000;10131576840;S
20240416;101147;0.023665;10000;10131576841;S
20240416;101147;0.023665;1000000;10131576842;S
20240416;101147;0.023665;50000;10131576843;S
20240416;101147;0.023665;4220000;10131576844;S
20240416;101147;0.023665;5060000;10131576845;S
20240416;101147;0.023665;5000000;10131576846;S
20240416;101147;0.023665;3040000;10131576847;S
20240416;101147;0.023665;60000;10131576848;S
20240416;101147;0.02366;5190000;10131576849;S
20240416;101147;0.02366;12450000;10131576850;S
20240416;101147;0.02367;3000000;10131576899;B
20240416;101147;0.02367;3050000;10131576900;B
20240416;101147;0.023675;2340000;10131576901;B
20240416;101147;0.02368;10000;10131576909;B
20240416;101147;0.02368;50000;10131576935;B
20240416;101148;0.02368;100000;10131576995;B
20240416;101149;0.02367;1000000;10131577225;S
20240416;101149;0.02367;3000000;10131577226;S
20240416;101149;0.023675;10000;10131577321;B
20240416;101150;0.02367;50000;10131577398;S
20240416;101150;0.02367;950000;10131577624;S
20240416;101150;0.02367;270000;10131577625;S
20240416;101150;0.023665;3000000;10131577626;S
20240416;101150;0.023665;1000000;10131577627;S
20240416;101150;0.023665;3000000;10131577628;S
20240416;101150;0.02367;3000000;10131577681;S
20240416;101150;0.023665;500000;10131577682;S
20240416;101151;0.023675;10000;10131577719;B
