<DATE>;<TIME>;<LAST>;<VOL>;<ID>;<OPER>
20240423;095938;0.02411;30000;10184104125;B
20240423;095938;0.02411;10000;10184104126;B
20240423;095938;0.02411;10000;10184104127;B
20240423;095938;0.02411;60000;10184104128;B
20240423;095938;0.02411;210000;10184104129;B
20240423;095938;0.02411;10000;10184104130;B
20240423;095938;0.02411;50000;10184104131;B
20240423;095938;0.02411;50000;10184104132;B
20240423;095938;0.02411;20000;10184104133;B
20240423;095938;0.02411;1280000;10184104134;B
20240423;095938;0.02411;100000;10184104135;B
20240423;095938;0.02411;10000;10184104136;B
20240423;095938;0.02411;80000;10184104137;B
20240423;095938;0.02411;30000;10184104138;B
20240423;095938;0.02411;100000;10184104139;B
20240423;095938;0.02411;240000;10184104140;B
20240423;095938;0.02411;3000000;10184104141;B
20240423;095938;0.02411;240000;10184104142;B
20240423;095938;0.02411;10000;10184104143;B
20240423;095938;0.02411;10000;10184104144;B
20240423;095938;0.02411;300000;10184104145;B
20240423;095938;0.02411;1500000;10184104146;B
20240423;095938;0.02411;20000;10184104147;B
20240423;095938;0.02411;10000;10184104148;B
20240423;095938;0.02411;10000;10184104149;B
20240423;095938;0.02411;10000;10184104150;B
20240423;095938;0.02411;20000;10184104151;B
20240423;095938;0.02411;20000;10184104152;B
20240423;095938;0.02411;20000;10184104153;B
20240423;095938;0.02411;110000;10184104154;B
20240423;095938;0.02411;100000;10184104155;B
20240423;095938;0.02411;10000;10184104156;B
20240423;095938;0.02411;10000;10184104157;B
20240423;095938;0.02411;40000;10184104158;B
20240423;095938;0.02411;100000;10184104159;B
20240423;095938;0.02411;50000;10184104160;B
20240423;095938;0.02411;10000;10184104161;B
20240423;095938;0.02411;250000;10184104162;B
20240423;095938;0.02411;2570000;10184104163;B
20240423;095938;0.02411;1680000;10184104164;B
20240423;095938;0.02411;230000;10184104165;B
20240423;095938;0.02411;520000;10184104166;B
20240423;095938;0.02411;40000;10184104167;B
20240423;095938;0.02411;10000;10184104168;S
20240423;095938;0.02411;10000;10184104169;B
20240423;095938;0.02411;90000;10184104170;B
20240423;095938;0.02411;330000;10184104171;B
20240423;095938;0.02411;90000;10184104172;B
20240423;095938;0.02411;10000;10184104173;S
20240423;095938;0.02411;20000;10184104174;B
20240423;095938;0.02411;230000;10184104175;B
20240423;095938;0.02411;10000;10184104176;B
20240423;095938;0.02411;470000;10184104177;B
20240423;095938;0.02411;40000;10184104178;B
20240423;095938;0.02411;10000;10184104179;B
20240423;095938;0.02411;30000;10184104180;B
20240423;095938;0.02411;270000;10184104181;B
20240423;095938;0.02411;10000;10184104182;B
20240423;095938;0.02411;10000;10184104183;B
20240423;095938;0.02411;12180000;10184104184;B
20240423;095938;0.02411;12480000;10184104185;B
20240423;095938;0.02411;12480000;10184104186;B
20240423;095938;0.02411;10710000;10184104187;B
20240423;095938;0.02411;1810000;10184104188;B
20240423;095938;0.02411;12510000;10184104189;B
20240423;095938;0.02411;12520000;10184104190;B
20240423;095938;0.02411;6160000;10184104191;B
20240423;095938;0.02411;6350000;10184104192;B
20240423;095938;0.02411;12520000;10184104193;B
20240423;095938;0.02411;12510000;10184104194;B
20240423;095938;0.02411;12520000;10184104195;B
20240423;095938;0.02411;6100000;10184104196;B
20240423;095938;0.02411;1000000;10184104197;B
20240423;095938;0.02411;5410000;10184104198;B
20240423;095938;0.02411;7590000;10184104199;B
20240423;095938;0.02411;50000;10184104200;B
20240423;095938;0.02411;4880000;10184104201;B
20240423;095938;0.02411;120000;10184104202;B
20240423;095938;0.02411;5000000;10184104203;B
20240423;095938;0.02411;420000;10184104204;B
20240423;095938;0.02411;500000;10184104205;B
20240423;095938;0.02411;6470000;10184104206;B
20240423;095938;0.02411;200000;10184104207;B
20240423;095938;0.02411;3330000;10184104208;B
20240423;095938;0.02411;9190000;10184104209;B
20240423;095938;0.02411;810000;10184104210;B
20240423;095938;0.02411;11700000;10184104211;B
20240423;095938;0.02411;2170000;10184104212;B
20240423;095938;0.02411;12520000;10184104213;B
20240423;095938;0.02411;12510000;10184104214;B
20240423;095938;0.02411;100000;10184104215;B
20240423;095938;0.02411;12520000;10184104216;B
20240423;095938;0.02411;12520000;10184104217;B
20240423;095938;0.02411;10000;10184104218;B
20240423;095938;0.02411;10000;10184104219;B
20240423;095938;0.02411;70000;10184104220;B
20240423;095938;0.02411;10000;10184104221;B
20240423;095938;0.02411;10000;10184104222;B
20240423;095938;0.02411;10000;10184104223;B
20240423;095938;0.02411;10000;10184104224;B
20240423;095938;0.02411;50000;10184104225;B
20240423;095938;0.02411;750000;10184104226;B
20240423;095938;0.02411;10000;10184104227;B
20240423;095938;0.02411;20000;10184104228;B
20240423;095938;0.02411;10000;10184104229;B
20240423;095938;0.02411;10000;10184104230;B
20240423;095938;0.02411;200000;10184104231;B
20240423;095938;0.02411;30000;10184104232;B
20240423;095938;0.02411;50000;10184104233;B
20240423;095938;0.02411;30000;10184104234;B
20240423;095938;0.02411;10000;10184104235;B
20240423;095938;0.02411;10000;10184104236;B
20240423;095938;0.02411;10000;10184104237;B
20240423;095938;0.02411;10000;10184104238;B
20240423;095938;0.02411;760000;10184104239;B
20240423;095938;0.02411;70000;10184104240;B
20240423;095938;0.02411;10000;10184104241;B
20240423;095938;0.02411;80000;10184104242;B
20240423;095938;0.02411;220000;10184104243;B
20240423;095938;0.02411;1660000;10184104244;B
20240423;095938;0.02411;12520000;10184104245;B
20240423;095938;0.02411;12520000;10184104246;B
20240423;095938;0.02411;10000;10184104247;B
20240423;095938;0.02411;10000000;10184104248;B
20240423;095938;0.02411;250000;10184104249;B
20240423;095938;0.02411;50000;10184104250;B
20240423;095938;0.02411;10000;10184104251;B
20240423;095938;0.02411;10000;10184104252;B
20240423;095938;0.02411;10000;10184104253;B
20240423;095938;0.02411;10000;10184104254;B
20240423;095938;0.02411;1670000;10184104255;B
20240423;095938;0.02411;10000;10184104256;B
20240423;095938;0.02411;640000;10184104257;B
20240423;095938;0.02411;20000;10184104258;B
20240423;095938;0.02411;1000000;10184104259;B
20240423;095938;0.02411;10000;10184104260;B
20240423;095938;0.02411;20000;10184104261;B
20240423;095938;0.02411;10000;10184104262;B
20240423;095938;0.02411;120000;10184104263;B
20240423;095938;0.02411;7940000;10184104264;B
20240423;095938;0.02411;4020000;10184104265;S
20240423;095938;0.02411;70000;10184104266;S
20240423;095938;0.02411;10000;10184104267;S
20240423;095938;0.02411;400000;10184104268;S
20240423;095938;0.02411;10000;10184104269;S
20240423;095938;0.02411;10000;10184104270;S
20240423;095938;0.02411;10000;10184104271;S
20240423;095938;0.02411;12520000;10184104272;B
20240423;095938;0.02411;10950000;10184104273;B
20240423;095938;0.02411;9050000;10184104274;B
20240423;095938;0.02411;50000;10184104275;B
20240423;095938;0.02411;10000;10184104276;B
20240423;095938;0.02411;20000;10184104277;B
20240423;095938;0.02411;310000;10184104278;B
20240423;095938;0.02411;970000;10184104279;S
20240423;095938;0.02411;10000;10184104280;S
20240423;095938;0.02411;110000;10184104281;B
20240423;095938;0.02411;12520000;10184104282;B
20240423;095938;0.02411;10000;10184104283;B
20240423;095938;0.02411;10000;10184104284;B
20240423;095938;0.02411;10000;10184104285;B
20240423;095938;0.02411;1920000;10184104286;B
20240423;095938;0.02411;10000;10184104287;B
20240423;095938;0.02411;500000;10184104288;B
20240423;095938;0.02411;4000000;10184104289;B
20240423;095938;0.02411;10000;10184104290;B
20240423;095938;0.02411;3560000;10184104291;B
20240423;095938;0.02411;200000;10184104292;B
20240423;095938;0.02411;50000;10184104293;B
20240423;095938;0.02411;370000;10184104294;B
20240423;095938;0.02411;20000;10184104295;B
20240423;095938;0.02411;10000;10184104296;B
20240423;095938;0.02411;10000;10184104297;S
20240423;100000;0.024115;10000;10184109618;B
20240423;100000;0.024115;2090000;10184109619;B
20240423;100000;0.02411;10000;10184109776;S
20240423;100000;0.024115;10430000;10184109991;B
20240423;100000;0.024115;50000;10184109992;B
20240423;100000;0.024115;20000;10184109993;B
20240423;100000;0.024115;10000;10184109994;B
20240423;100000;0.024115;50000;10184109995;B
20240423;100000;0.024115;10000;10184109996;B
20240423;100000;0.024115;1430000;10184109997;B
20240423;100000;0.02411;100000;10184110023;S
20240423;100000;0.02411;100000;10184110031;S
20240423;100000;0.02411;50000;10184110061;S
20240423;100000;0.024115;300000;10184110086;B
20240423;100000;0.024115;60000;10184110098;B
20240423;100000;0.024115;10000;10184110113;B
20240423;100000;0.024115;1200000;10184110116;B
20240423;100000;0.024115;3000000;10184110117;B
20240423;100000;0.024115;3000000;10184110118;B
20240423;100000;0.024115;20000;10184110119;B
20240423;100000;0.024115;20000;10184110120;B
20240423;100000;0.024115;1560000;10184110121;B
20240423;100000;0.024115;60000;10184110138;B
20240423;100000;0.024115;400000;10184110142;B
20240423;100001;0.024115;980000;10184110334;B
20240423;100001;0.02412;600000;10184110335;B
20240423;100001;0.02412;5000000;10184110341;B
20240423;100001;0.02412;100000;10184110664;B
20240423;100001;0.02412;2600000;10184110670;B
20240423;100001;0.024115;8310000;10184110695;S
20240423;100001;0.02412;3000000;10184110761;B
20240423;100001;0.024115;10000;10184110839;S
20240423;100001;0.02412;120000;10184110875;B
20240423;100001;0.024115;400000;10184110925;S
20240423;100001;0.024115;130000;10184111081;S
20240423;100001;0.02412;700000;10184111094;B
20240423;100001;0.024115;10000;10184111109;S
20240423;100002;0.024115;10000;10184111201;S
20240423;100002;0.02412;400000;10184111296;B
20240423;100002;0.02412;10000;10184111297;B
20240423;100002;0.02412;10000;10184111298;B
20240423;100002;0.02412;1000000;10184111299;B
20240423;100002;0.02412;120000;10184111300;B
20240423;100002;0.02412;100000;10184111301;B
20240423;100002;0.02412;250000;10184111302;B
20240423;100002;0.02412;400000;10184111303;B
20240423;100002;0.02412;20000;10184111304;B
20240423;100002;0.02412;500000;10184111305;B
20240423;100002;0.02412;250000;10184111306;B
20240423;100002;0.02412;20000;10184111307;B
20240423;100002;0.02412;30000;10184111308;B
20240423;100002;0.02412;250000;10184111309;B
20240423;100002;0.02412;10000;10184111310;B
20240423;100002;0.02412;3000000;10184111311;B
20240423;100002;0.02412;3000000;10184111312;B
20240423;100002;0.02412;3000000;10184111313;B
20240423;100002;0.02412;3000000;10184111314;B
20240423;100002;0.02412;3000000;10184111315;B
20240423;100002;0.02412;1630000;10184111316;B
20240423;100002;0.024115;20000;10184111432;S
20240423;100002;0.02412;500000;10184111610;B
20240423;100002;0.024125;100000;10184111660;B
20240423;100002;0.02412;50000;10184111668;S
20240423;100002;0.02412;300000;10184111670;S
20240423;100002;0.02412;4640000;10184111704;S
20240423;100002;0.02412;5360000;10184111705;S
20240423;100002;0.02412;950000;10184111715;S
20240423;100002;0.024125;50000;10184111794;B
20240423;100002;0.02412;120000;10184111808;S
20240423;100002;0.02412;4220000;10184111872;S
20240423;100002;0.02412;780000;10184111873;S
20240423;100002;0.02412;220000;10184111941;S
20240423;100002;0.02412;80000;10184111942;S
20240423;100002;0.024125;2000000;10184112067;B
20240423;100002;0.02412;10000;10184112104;S
20240423;100002;0.024125;100000;10184112130;B
20240423;100002;0.02412;1500000;10184112205;S
20240423;100002;0.024125;7000000;10184112249;B
20240423;100002;0.02412;10000;10184112294;S
20240423;100002;0.02412;10000;10184112306;S
20240423;100002;0.02412;10000;10184112351;S
20240423;100002;0.02412;100000;10184112417;S
20240423;100003;0.024125;3270000;10184112534;B
20240423;100003;0.024125;10000;10184112535;B
20240423;100003;0.024125;20000;10184112536;B
20240423;100003;0.024125;10000;10184112537;B
20240423;100003;0.024125;30000;10184112538;B
20240423;100003;0.024125;100000;10184112539;B
20240423;100003;0.024125;10000;10184112540;B
20240423;100003;0.024125;3000000;10184112541;B
20240423;100003;0.024125;3000000;10184112542;B
20240423;100003;0.024125;550000;10184112543;B
20240423;100003;0.02412;100000;10184112631;S
20240423;100003;0.02412;10000;10184112632;S
20240423;100003;0.02412;10000;10184112815;S
20240423;100003;0.024125;2000000;10184112841;B
20240423;100003;0.024125;10000;10184113102;B
20240423;100003;0.02412;10000;10184113127;S
20240423;100003;0.024125;300000;10184113168;B
20240423;100003;0.02412;100000;10184113203;S
20240423;100003;0.024125;300000;10184113249;B
20240423;100004;0.02412;3780000;10184113546;S
20240423;100004;0.02412;1410000;10184113547;S
20240423;100004;0.024125;10000;10184113656;B
20240423;100004;0.024125;10000;10184113698;B
20240423;100004;0.024125;10000;10184113699;B
20240423;100004;0.02412;20000;10184113703;S
20240423;100004;0.02412;10000;10184113705;S
20240423;100004;0.024125;10000;10184113708;B
20240423;100004;0.024125;10000;10184113955;B
20240423;100004;0.024125;10000;10184113958;B
20240423;100004;0.02412;80000;10184113959;S
20240423;100004;0.024125;20000;10184113960;B
20240423;100004;0.024125;10000;10184113961;B
20240423;100004;0.024125;10000;10184113962;B
20240423;100004;0.024125;10000;10184113964;B
20240423;100004;0.02412;20000;10184113965;S
20240423;100004;0.02412;10000;10184113981;S
20240423;100004;0.024125;120000;10184113988;B
20240423;100004;0.024125;100000;10184114065;B
20240423;100004;0.024125;200000;10184114148;B
20240423;100004;0.024125;10000;10184114150;B
20240423;100004;0.024125;20000;10184114151;B
20240423;100004;0.024125;10000;10184114153;B
20240423;100004;0.024125;10000;10184114167;B
20240423;100004;0.024125;50000;10184114169;B
20240423;100004;0.024125;10000;10184114172;B
20240423;100005;0.024125;60000;10184114174;B
20240423;100005;0.024125;10000;10184114175;B
20240423;100005;0.024125;10000;10184114187;B
20240423;100005;0.02412;100000;10184114193;S
20240423;100005;0.024125;10000;10184114196;B
20240423;100005;0.024125;10000;10184114200;B
20240423;100005;0.024125;10000;10184114201;B
20240423;100005;0.024125;10000;10184114687;B
20240423;100005;0.02412;10000;10184114703;S
20240423;100005;0.024125;5000000;10184114737;B
20240423;100005;0.02412;40000;10184114896;S
20240423;100005;0.024125;20000;10184114939;B
20240423;100005;0.02412;10000;10184114941;S
20240423;100005;0.02412;10000;10184114944;S
20240423;100005;0.024125;10000;10184114949;B
20240423;100005;0.024125;10000;10184114954;B
20240423;100005;0.024125;10000;10184114955;B
20240423;100005;0.024125;10000;10184114962;B
20240423;100005;0.02412;10000;10184114965;S
20240423;100005;0.024125;10000;10184114974;B
20240423;100005;0.02412;40000;10184114977;S
20240423;100005;0.024125;10000;10184114982;B
20240423;100005;0.024125;120000;10184114984;B
20240423;100005;0.024125;10000;10184114989;B
20240423;100005;0.024125;10000;10184114990;B
20240423;100005;0.024125;10000;10184115147;B
20240423;100005;0.024125;10000;10184115148;B
20240423;100005;0.02412;10000;10184115149;S
20240423;100005;0.024125;10000;10184115151;B
20240423;100005;0.024125;10000;10184115153;B
20240423;100005;0.02412;20000;10184115154;S
20240423;100005;0.024125;20000;10184115158;B
20240423;100005;0.02412;10000;10184115253;S
20240423;100005;0.024125;450000;10184115361;B
20240423;100005;0.024125;20000;10184115797;B
20240423;100005;0.024125;10000;10184115800;B
20240423;100005;0.024125;10000;10184115804;B
20240423;100005;0.02412;50000;10184115811;S
20240423;100005;0.024125;10000;10184115812;B
20240423;100005;0.024125;10000;10184115817;B
20240423;100005;0.024125;1000000;10184115862;B
20240423;100005;0.024125;200000;10184115874;B
20240423;100005;0.02412;10000;10184115925;S
20240423;100005;0.02412;10000;10184115932;S
20240423;100005;0.024125;10000;10184115933;B
20240423;100005;0.024125;10000;10184115936;B
20240423;100005;0.02412;10000;10184115942;S
20240423;100005;0.024125;10000;10184115946;B
20240423;100005;0.024125;10000;10184115948;B
20240423;100005;0.024125;10000;10184115986;B
20240423;100005;0.024125;10000;10184116001;B
20240423;100006;0.024125;10000;10184116483;B
20240423;100006;0.024125;10000;10184116493;B
20240423;100006;0.02412;10000;10184116496;S
20240423;100006;0.024125;10000;10184116502;B
20240423;100006;0.02412;10000;10184116506;S
20240423;100006;0.02412;230000;10184116507;S
20240423;100006;0.024125;10000;10184116515;B
20240423;100006;0.024125;10000;10184116520;B
20240423;100006;0.024125;200000;10184116591;B
20240423;100006;0.024125;10000;10184116593;B
20240423;100006;0.024125;10000;10184116594;B
20240423;100006;0.02412;40000;10184116595;S
20240423;100006;0.024125;10000;10184116596;B
20240423;100006;0.024125;10000;10184116598;B
20240423;100006;0.024125;10000;10184116600;B
20240423;100006;0.024125;10000;10184116603;B
20240423;100006;0.024125;10000;10184116604;B
20240423;100006;0.02412;10000;10184116605;S
20240423;100006;0.024125;10000;10184116606;B
20240423;100006;0.024125;20000;10184116607;B
20240423;100006;0.024125;40000;10184116609;B
20240423;100006;0.024125;270000;10184116613;B
20240423;100006;0.02412;10000;10184116614;S
20240423;100006;0.02412;20000;10184116619;S
20240423;100006;0.024125;10000;10184116620;B
20240423;100006;0.024125;20000;10184116629;B
20240423;100006;0.024125;400000;10184116633;B
20240423;100006;0.02412;40000;10184116635;S
20240423;100006;0.02412;10000;10184116777;S
20240423;100006;0.024125;30000;10184117034;B
20240423;100006;0.024125;1400000;10184117142;B
20240423;100006;0.024125;10000;10184117365;B
20240423;100006;0.024125;10000;10184117371;B
20240423;100006;0.024125;10000;10184117374;B
20240423;100006;0.024125;10000;10184117377;B
20240423;100006;0.024125;10000;10184117379;B
20240423;100006;0.024125;50000;10184117381;B
20240423;100006;0.024125;10000;10184117384;B
20240423;100006;0.024125;10000;10184117424;B
20240423;100006;0.024125;10000;10184117429;B
20240423;100006;0.024125;10000;10184117433;B
20240423;100006;0.02412;10000;10184117440;S
20240423;100006;0.024125;10000;10184117449;B
20240423;100006;0.02412;20000;10184117459;S
20240423;100006;0.02412;10000;10184117462;S
20240423;100006;0.024125;10000;10184117467;B
20240423;100006;0.024125;20000;10184117472;B
20240423;100006;0.024125;20000;10184117476;B
20240423;100006;0.024125;10000;10184117484;B
20240423;100006;0.02412;10000;10184117488;S
20240423;100006;0.02412;30000;10184117493;S
20240423;100006;0.02412;10000;10184117512;S
20240423;100006;0.024125;10000;10184117516;B
20240423;100006;0.024125;40000;10184117526;B
20240423;100006;0.024125;10000;10184117646;B
20240423;100006;0.024125;20000;10184117647;B
20240423;100006;0.024125;10000;10184117653;B
20240423;100006;0.02412;10000;10184117654;S
20240423;100006;0.024125;60000;10184117664;B
20240423;100006;0.024125;10000;10184117666;B
20240423;100006;0.024125;50000;10184117671;B
20240423;100006;0.024125;10000;10184117673;B
20240423;100006;0.02412;10000;10184117678;S
20240423;100006;0.02412;10000;10184117684;S
20240423;100007;0.024125;10000;10184117687;B
20240423;100007;0.02412;40000;10184117689;S
20240423;100007;0.024125;40000;10184117707;B
20240423;100007;0.024125;10000;10184117708;B
20240423;100007;0.024125;10000;10184117709;B
20240423;100007;0.024125;30000;10184117714;B
20240423;100007;0.024125;10000;10184117715;B
20240423;100007;0.024125;100000;10184117718;B
20240423;100007;0.02412;140000;10184117721;S
20240423;100007;0.024125;10000;10184117722;B
20240423;100007;0.024125;10000;10184117725;B
20240423;100007;0.024125;10000;10184117733;B
20240423;100007;0.024125;10000;10184117734;B
20240423;100007;0.024125;10000;10184117737;B
20240423;100007;0.024125;10000;10184117740;B
20240423;100007;0.02412;10000;10184117751;S
20240423;100007;0.024125;10000;10184117753;B
20240423;100007;0.024125;10000;10184117754;B
20240423;100007;0.02412;10000;10184117758;S
20240423;100007;0.024125;10000;10184117759;B
20240423;100007;0.024125;10000;10184117763;B
20240423;100007;0.024125;150000;10184117770;B
20240423;100007;0.024125;10000;10184117773;B
20240423;100007;0.024125;40000;10184117776;B
20240423;100007;0.024125;50000;10184117778;B
20240423;100007;0.024125;10000;10184117789;B
20240423;100007;0.02412;10000;10184117791;S
20240423;100007;0.02412;20000;10184117795;S
20240423;100007;0.024125;500000;10184117859;B
20240423;100007;0.024125;10000;10184117890;B
20240423;100007;0.024125;30000;10184117891;B
20240423;100007;0.024125;10000;10184117893;B
20240423;100007;0.024125;10000;10184117894;B
20240423;100007;0.024125;10000;10184118186;B
20240423;100007;0.02412;10000;10184118187;S
20240423;100007;0.02412;100000;10184118188;S
20240423;100007;0.02412;10000;10184118202;S
20240423;100007;0.024125;10000;10184118203;B
20240423;100007;0.024125;10000;10184118205;B
20240423;100007;0.024125;20000;10184118209;B
20240423;100007;0.024125;40000;10184118210;B
20240423;100007;0.02412;10000;10184118211;S
20240423;100007;0.02412;10000;10184118214;S
20240423;100007;0.024125;10000;10184118218;B
20240423;100007;0.024125;10000;10184118221;B
20240423;100007;0.024125;10000;10184118236;B
20240423;100007;0.024125;10000;10184118247;B
20240423;100007;0.02412;40000;10184118256;S
20240423;100007;0.024125;370000;10184118268;B
20240423;100007;0.024125;130000;10184118269;B
20240423;100007;0.024125;10000;10184118275;B
20240423;100007;0.024125;10000;10184118280;B
20240423;100007;0.024125;10000;10184118281;B
20240423;100007;0.02413;20000;10184118286;B
20240423;100007;0.02413;10000;10184118290;B
20240423;100007;0.024125;10000;10184118303;S
20240423;100007;0.02413;10000;10184118310;B
20240423;100007;0.02413;10000;10184118318;B
20240423;100007;0.024125;10000;10184118327;S
20240423;100007;0.02413;10000;10184118329;B
20240423;100007;0.024125;50000;10184118330;S
20240423;100007;0.024125;10000;10184118331;S
20240423;100007;0.02413;10000;10184118332;B
20240423;100007;0.02413;130000;10184118333;B
20240423;100007;0.024125;30000;10184118334;S
20240423;100007;0.02413;10000;10184118336;B
20240423;100007;0.02413;10000;10184118337;B
20240423;100007;0.02413;10000;10184118341;B
20240423;100007;0.02413;400000;10184118342;B
20240423;100007;0.024125;660000;10184118343;S
20240423;100007;0.02413;10000;10184118344;B
20240423;100007;0.02413;10000;10184118349;B
20240423;100007;0.024125;10000;10184118456;S
20240423;100007;0.024125;10000;10184118501;S
20240423;100007;0.02413;500000;10184118540;B
20240423;100007;0.02413;10000;10184118576;B
20240423;100007;0.024125;50000;10184118577;S
20240423;100007;0.024125;10000;10184118578;S
20240423;100007;0.02413;10000;10184118581;B
20240423;100007;0.02413;20000;10184118582;B
20240423;100007;0.02413;20000;10184118585;B
20240423;100007;0.02413;10000000;10184118586;B
20240423;100007;0.02413;1310000;10184118587;B
20240423;100007;0.02413;10000;10184118588;B
20240423;100007;0.02413;1610000;10184118589;B
20240423;100007;0.02413;30000;10184118590;B
20240423;100007;0.02413;20000;10184118591;B
20240423;100007;0.02413;10000;10184118592;B
20240423;100007;0.02413;10000;10184118593;B
20240423;100007;0.02413;60000;10184118594;B
20240423;100007;0.02413;20000;10184118595;B
20240423;100007;0.02413;400000;10184118596;B
20240423;100007;0.02413;10000;10184118597;B
20240423;100007;0.02413;3000000;10184118598;B
20240423;100007;0.02413;3000000;10184118599;B
20240423;100007;0.02413;3000000;10184118600;B
20240423;100007;0.02413;510000;10184118601;B
20240423;100007;0.02413;2490000;10184118602;B
20240423;100007;0.02413;1000000;10184118603;B
20240423;100007;0.024135;10000;10184118604;B
20240423;100007;0.024135;2900000;10184118605;B
20240423;100007;0.024135;3000000;10184118606;B
20240423;100007;0.02413;20000;10184118607;S
20240423;100007;0.024135;10000;10184118608;B
20240423;100007;0.02413;10000;10184118609;S
20240423;100007;0.024135;40000;10184118616;B
20240423;100007;0.024135;10000;10184118617;B
20240423;100007;0.024135;130000;10184118618;B
20240423;100007;0.024135;10000;10184118619;B
20240423;100007;0.024135;10000;10184118927;B
20240423;100007;0.02413;10000;10184118928;S
20240423;100007;0.02413;10000;10184118931;S
20240423;100007;0.024135;10000;10184118934;B
20240423;100007;0.024135;10000;10184118936;B
20240423;100007;0.024135;10000;10184118939;B
20240423;100007;0.02413;40000;10184118940;S
20240423;100007;0.024135;10000;10184118941;B
20240423;100007;0.02413;10000;10184118942;S
20240423;100007;0.02413;10000;10184118943;S
20240423;100007;0.02413;10000;10184118944;S
20240423;100007;0.024135;10000;10184118945;B
20240423;100007;0.024135;20000;10184118947;B
20240423;100007;0.024135;10000;10184118948;B
20240423;100007;0.024135;10000;10184118949;B
20240423;100007;0.02413;70000;10184118950;S
20240423;100007;0.02413;10000;10184118951;S
20240423;100007;0.02413;10000;10184118952;S
20240423;100007;0.024135;20000;10184118954;B
20240423;100007;0.024135;10000;10184118955;B
20240423;100007;0.02413;10000;10184118964;S
20240423;100008;0.024135;20000;10184119158;B
20240423;100008;0.02413;10000;10184119185;S
20240423;100008;0.024135;10000;10184119200;B
20240423;100008;0.024135;200000;10184119299;B
20240423;100008;0.02413;5500000;10184119595;S
20240423;100008;0.02413;9500000;10184119596;S
20240423;100008;0.024135;10000;10184119690;B
20240423;100008;0.02413;10000;10184119759;S
20240423;100008;0.024135;30000;10184119768;B
20240423;100008;0.024135;40000;10184119772;B
20240423;100008;0.02413;10000;10184119904;S
20240423;100008;0.024135;30000;10184120149;B
20240423;100008;0.024135;110000;10184120151;B
20240423;100008;0.024135;110000;10184120152;B
20240423;100008;0.024135;10000;10184120153;B
20240423;100008;0.024135;10000;10184120157;B
20240423;100008;0.02413;10000;10184120158;S
20240423;100008;0.024135;300000;10184120159;B
20240423;100008;0.024135;10000;10184120160;B
20240423;100008;0.024135;10000;10184120161;B
20240423;100008;0.024135;10000;10184120162;B
20240423;100008;0.024135;10000;10184120163;B
20240423;100008;0.024135;10000;10184120168;B
20240423;100008;0.024135;10000;10184120169;B
20240423;100008;0.024135;10000;10184120177;B
20240423;100009;0.02413;10000;10184120200;S
20240423;100009;0.02413;10000;10184120530;S
20240423;100009;0.024135;10000;10184120531;B
20240423;100009;0.02413;10000;10184120532;S
20240423;100009;0.024135;10000;10184120533;B
20240423;100009;0.024135;10000;10184120534;B
20240423;100009;0.02413;10000;10184120535;S
20240423;100009;0.024135;10000;10184120536;B
20240423;100009;0.024135;4000000;10184120571;B
20240423;100009;0.024135;40000;10184120664;B
20240423;100009;0.02413;10000;10184120724;S
20240423;100009;0.024135;30000;10184120741;B
20240423;100010;0.024135;990000;10184120987;B
20240423;100010;0.02413;630000;10184121039;S
20240423;100010;0.024135;100000;10184121060;B
20240423;100010;0.024135;140000;10184121062;B
20240423;100010;0.024135;50000;10184121063;B
20240423;100010;0.024135;10000;10184121064;B
20240423;100011;0.02413;30000;10184121448;S
20240423;100011;0.024135;500000;10184121649;B
20240423;100011;0.024135;20000;10184121650;B
20240423;100011;0.024135;830000;10184121651;B
20240423;100011;0.024135;10000;10184121652;B
20240423;100011;0.024135;30000;10184121653;B
20240423;100011;0.024135;10000;10184121654;B
20240423;100011;0.024135;2000000;10184121655;B
20240423;100011;0.024135;2600000;10184121656;B
20240423;100011;0.02413;10000;10184121702;S
20240423;100011;0.024135;1400000;10184121906;B
20240423;100011;0.024135;10000;10184121907;B
20240423;100012;0.02414;10000;10184122068;B
20240423;100012;0.02414;10000;10184122069;B
20240423;100012;0.02414;12520000;10184122070;B
20240423;100012;0.02414;10000;10184122071;B
20240423;100012;0.02414;10000;10184122072;B
20240423;100012;0.02414;30000;10184122073;B
20240423;100012;0.02414;10000;10184122074;B
20240423;100012;0.024145;10000;10184122115;B
20240423;100012;0.024145;10000;10184122116;B
20240423;100012;0.024145;10000;10184122117;B
20240423;100012;0.024145;30000;10184122118;B
20240423;100012;0.024145;10000;10184122119;B
20240423;100012;0.024145;30000;10184122120;B
20240423;100012;0.02414;40000;10184122125;S
20240423;100012;0.02414;130000;10184122128;S
20240423;100012;0.02414;830000;10184122133;S
20240423;100012;0.02414;4170000;10184122134;S
20240423;100012;0.02414;10000;10184122185;S
20240423;100012;0.024145;4970000;10184122187;B
20240423;100012;0.024145;2000000;10184122188;B
20240423;100012;0.024145;100000;10184122189;B
20240423;100012;0.024145;10000;10184122190;B
20240423;100012;0.024145;1000000;10184122191;B
20240423;100012;0.024145;2000000;10184122192;B
20240423;100012;0.024145;50000;10184122193;B
20240423;100012;0.02415;10000;10184122194;B
20240423;100012;0.02415;10000;10184122195;B
20240423;100012;0.02415;10000;10184122196;B
20240423;100012;0.02415;20000;10184122197;B
20240423;100012;0.02415;30000;10184122198;B
20240423;100012;0.02415;790000;10184122199;B
20240423;100012;0.02414;100000;10184122206;S
20240423;100013;0.024145;10000;10184122248;S
20240423;100013;0.024145;990000;10184122275;S
20240423;100013;0.024145;4510000;10184122276;S
20240423;100013;0.024145;1220000;10184122281;S
20240423;100013;0.024145;1230000;10184122282;S
20240423;100013;0.024145;220000;10184122284;S
20240423;100013;0.02415;210000;10184122290;B
20240423;100013;0.02415;1000000;10184122291;B
20240423;100013;0.02415;20000;10184122292;B
20240423;100013;0.02415;1000000;10184122293;B
20240423;100013;0.02415;250000;10184122294;B
20240423;100013;0.02415;560000;10184122295;B
20240423;100013;0.02415;960000;10184122296;B
20240423;100013;0.024145;350000;10184122308;S
20240423;100013;0.02415;1040000;10184122309;B
20240423;100013;0.02415;620000;10184122310;B
20240423;100013;0.02415;1000000;10184122311;B
20240423;100013;0.02415;10000;10184122312;B
20240423;100013;0.02415;7330000;10184122313;B
20240423;100013;0.02415;4000000;10184122317;B
20240423;100013;0.024145;60000;10184122327;S
20240423;100013;0.02415;200000;10184122337;B
20240423;100013;0.024145;9320000;10184122381;S
20240423;100013;0.024145;3680000;10184122382;S
20240423;100013;0.024145;1320000;10184122383;S
20240423;100013;0.024145;1760000;10184122384;S
20240423;100013;0.024145;50000;10184122385;S
20240423;100013;0.024145;190000;10184122386;S
20240423;100013;0.024145;310000;10184122387;S
20240423;100013;0.024145;20000;10184122408;S
20240423;100013;0.024145;40000;10184122409;S
20240423;100013;0.024145;20000;10184122422;S
20240423;100013;0.024145;10000;10184122440;S
20240423;100014;0.02415;40000;10184122456;B
20240423;100014;0.02415;40000;10184122457;B
20240423;100014;0.02415;10000;10184122458;B
20240423;100014;0.02415;100000;10184122459;B
20240423;100014;0.02415;10000;10184122460;B
20240423;100014;0.02415;90000;10184122483;B
20240423;100014;0.02415;40000;10184122484;B
20240423;100014;0.02415;300000;10184122485;B
20240423;100014;0.02415;5000000;10184122486;B
20240423;100014;0.02415;30000;10184122487;B
20240423;100014;0.02415;10000;10184122488;B
20240423;100014;0.02415;300000;10184122489;B
20240423;100014;0.024155;1000000;10184122490;B
20240423;100014;0.024155;20000;10184122491;B
20240423;100014;0.024155;20000;10184122492;B
20240423;100014;0.024155;40000;10184122493;B
20240423;100014;0.024155;10000;10184122494;B
20240423;100014;0.024155;1000000;10184122495;B
20240423;100014;0.024155;3000000;10184122496;B
20240423;100014;0.024155;3310000;10184122497;B
20240423;100014;0.02416;10000;10184122498;B
20240423;100014;0.02416;4000000;10184122499;B
20240423;100014;0.02416;10000;10184122500;B
20240423;100014;0.02416;10000;10184122501;B
20240423;100014;0.02416;10000;10184122502;B
20240423;100014;0.02416;200000;10184122503;B
20240423;100014;0.02416;10000;10184122504;B
20240423;100014;0.02416;50000;10184122505;B
20240423;100014;0.02416;1000000;10184122506;B
20240423;100014;0.02416;10530000;10184122507;B
20240423;100014;0.024155;300000;10184122540;S
20240423;100014;0.02416;50000;10184122564;S
20240423;100014;0.024165;10000;10184122565;B
20240423;100014;0.024165;20000;10184122566;B
20240423;100014;0.024165;2000000;10184122567;B
20240423;100014;0.024165;70000;10184122568;B
20240423;100014;0.024165;10000;10184122569;B
20240423;100014;0.024165;50000;10184122570;B
20240423;100014;0.024165;10000;10184122571;B
20240423;100014;0.024165;650000;10184122572;B
20240423;100014;0.024165;6290000;10184122573;B
20240423;100014;0.02417;40000;10184122574;B
20240423;100014;0.02417;10000;10184122575;B
20240423;100014;0.02417;10000;10184122576;B
20240423;100014;0.02417;250000;10184122577;B
20240423;100014;0.02417;10000;10184122578;B
20240423;100014;0.02417;20000;10184122579;B
20240423;100014;0.02417;10000;10184122580;B
20240423;100014;0.02417;20000;10184122581;B
20240423;100014;0.02417;30000;10184122582;B
20240423;100014;0.02417;3000000;10184122583;B
20240423;100014;0.02417;4350000;10184122584;B
20240423;100014;0.02417;50000;10184122585;B
20240423;100014;0.02417;10000;10184122586;B
20240423;100014;0.02417;1000000;10184122587;B
20240423;100014;0.024175;10000;10184122588;B
20240423;100014;0.024175;70000;10184122589;B
20240423;100014;0.024175;20000;10184122590;B
20240423;100014;0.024175;50000;10184122591;B
20240423;100014;0.024175;50000;10184122592;B
20240423;100014;0.024175;10000;10184122593;B
20240423;100014;0.024175;2000000;10184122594;B
20240423;100014;0.024175;1000000;10184122595;B
20240423;100014;0.024175;400000;10184122596;B
20240423;100014;0.024175;3000000;10184122597;B
20240423;100014;0.024175;16000000;10184122598;B
20240423;100014;0.024175;9470000;10184122599;B
20240423;100014;0.024175;3900000;10184122600;B
20240423;100014;0.024175;1100000;10184122601;B
20240423;100014;0.024175;100000;10184122604;S
20240423;100014;0.02418;10000;10184122612;B
20240423;100014;0.02418;500000;10184122613;B
20240423;100014;0.02418;10000;10184122614;B
20240423;100014;0.02418;20000;10184122615;B
20240423;100014;0.02418;10000;10184122616;B
20240423;100014;0.02418;1450000;10184122617;B
20240423;100014;0.024175;100000;10184122619;S
20240423;100014;0.02418;2400000;10184122623;B
20240423;100014;0.02418;4000000;10184122624;B
20240423;100014;0.024175;1200000;10184122627;S
20240423;100014;0.024175;420000;10184122628;S
20240423;100014;0.02418;33700000;10184122672;B
20240423;100014;0.02418;10000;10184122673;B
20240423;100014;0.02418;10000000;10184122674;B
20240423;100014;0.02418;80000;10184122675;B
20240423;100014;0.02418;150000;10184122676;B
20240423;100014;0.02418;3000000;10184122677;B
20240423;100014;0.02418;3000000;10184122678;B
20240423;100014;0.02418;11060000;10184122679;B
20240423;100014;0.02418;3000000;10184122680;B
20240423;100014;0.024185;10000;10184122681;B
20240423;100014;0.024185;1000000;10184122682;B
20240423;100014;0.024185;60000;10184122683;B
20240423;100014;0.024185;50000;10184122684;B
20240423;100014;0.024185;10000;10184122685;B
20240423;100014;0.024185;100000;10184122686;B
20240423;100014;0.024185;10000;10184122687;B
20240423;100014;0.024185;250000;10184122688;B
20240423;100014;0.024185;19510000;10184122689;B
20240423;100014;0.024185;3440000;10184122719;B
20240423;100014;0.024185;50000;10184122720;B
20240423;100014;0.024185;10000;10184122721;B
20240423;100014;0.024185;1000000;10184122722;B
20240423;100014;0.024185;30000;10184122723;B
20240423;100014;0.024185;1770000;10184122724;B
20240423;100014;0.024185;1230000;10184122725;B
20240423;100014;0.024185;3000000;10184122726;B
20240423;100014;0.024185;3000000;10184122727;B
20240423;100014;0.024185;2770000;10184122728;B
20240423;100014;0.024175;80000;10184122729;S
20240423;100014;0.024175;600000;10184122730;S
20240423;100014;0.024175;1320000;10184122731;S
20240423;100014;0.02419;10000;10184122732;B
20240423;100014;0.02419;10000;10184122733;B
20240423;100014;0.02419;10000;10184122734;B
20240423;100014;0.02419;2000000;10184122735;B
20240423;100014;0.02419;30000;10184122736;B
20240423;100014;0.02419;940000;10184122737;B
20240423;100014;0.024185;4500000;10184122738;S
20240423;100014;0.024185;1810000;10184122806;S
20240423;100014;0.02419;60000;10184122809;B
20240423;100014;0.02419;20000;10184122810;B
20240423;100014;0.02419;4250000;10184122811;B
20240423;100014;0.02419;20000;10184122812;B
20240423;100014;0.02419;650000;10184122813;B
20240423;100014;0.024185;10000;10184122820;S
20240423;100014;0.024185;8000000;10184122821;S
20240423;100014;0.024185;10000;10184122822;S
20240423;100014;0.024185;100000;10184122823;S
20240423;100014;0.02419;20000;10184122828;B
20240423;100014;0.024185;10000;10184122829;S
20240423;100014;0.02419;20000000;10184122830;B
20240423;100014;0.024185;560000;10184122831;S
20240423;100014;0.024185;530000;10184122832;S
20240423;100014;0.024185;10000;10184122839;S
20240423;100014;0.02419;4000000;10184122840;B
20240423;100014;0.02419;25330000;10184122849;B
20240423;100014;0.02419;10000;10184122850;B
20240423;100014;0.02419;7990000;10184122851;B
20240423;100014;0.02419;2010000;10184122852;B
20240423;100014;0.02419;140000;10184122853;B
20240423;100014;0.02419;1000000;10184122854;B
20240423;100014;0.02419;4930000;10184122855;B
20240423;100014;0.02419;200000;10184122856;B
20240423;100014;0.024195;10000;10184122857;B
20240423;100014;0.024195;10000;10184122858;B
20240423;100014;0.024195;4170000;10184122859;B
20240423;100014;0.024195;10000;10184122860;B
20240423;100014;0.024195;70000;10184122861;B
20240423;100014;0.024195;250000;10184122862;B
20240423;100014;0.024195;900000;10184122863;B
20240423;100014;0.024185;1500000;10184122864;S
20240423;100014;0.02419;100000;10184122866;B
20240423;100014;0.024195;60000;10184122867;B
20240423;100014;0.024195;400000;10184122868;B
20240423;100014;0.024185;10000;10184122869;S
20240423;100014;0.024185;60000;10184122870;S
20240423;100014;0.024185;90000;10184122871;S
20240423;100014;0.024185;10000;10184122872;S
20240423;100014;0.024195;2000000;10184122874;B
20240423;100014;0.024185;10000;10184122875;S
20240423;100014;0.02419;20000;10184122880;B
20240423;100014;0.024195;780000;10184122881;B
20240423;100014;0.024195;700000;10184122897;B
20240423;100014;0.024195;160000;10184122902;B
20240423;100014;0.024195;200000;10184122903;B
20240423;100014;0.024195;20000;10184122904;B
20240423;100014;0.024195;100000;10184122905;B
20240423;100014;0.024195;400000;10184122906;B
20240423;100014;0.024195;100000;10184122907;B
20240423;100014;0.024195;50000;10184122908;B
20240423;100014;0.024195;10000;10184122909;B
20240423;100014;0.024195;15560000;10184122910;B
20240423;100014;0.024185;10000;10184122922;S
20240423;100014;0.024185;1000000;10184122925;S
20240423;100014;0.024185;10000;10184122934;S
20240423;100014;0.024185;6500000;10184122935;S
20240423;100014;0.024185;280000;10184122945;S
20240423;100014;0.024195;3800000;10184122952;B
20240423;100014;0.02419;3000000;10184122955;S
20240423;100014;0.02419;2000000;10184122956;S
20240423;100014;0.02419;250000;10184122957;S
20240423;100014;0.02419;750000;10184122959;S
20240423;100014;0.02419;3000000;10184122960;S
20240423;100014;0.02419;1000000;10184122961;S
20240423;100014;0.02419;3000000;10184122962;S
20240423;100014;0.02419;3000000;10184122963;S
20240423;100014;0.02419;1500000;10184122964;S
20240423;100014;0.024185;1140000;10184122965;S
20240423;100014;0.024185;15000000;10184122966;S
20240423;100014;0.024185;1000000;10184122967;S
20240423;100014;0.024185;1170000;10184122968;S
20240423;100014;0.02418;1000000;10184122969;S
20240423;100014;0.02418;5730000;10184122970;S
20240423;100014;0.02418;400000;10184122971;S
20240423;100014;0.02418;8310000;10184122972;S
20240423;100014;0.024175;1680000;10184122973;S
20240423;100014;0.024175;1000000;10184122974;S
20240423;100014;0.024175;1320000;10184122975;S
20240423;100014;0.02418;10000;10184122991;S
20240423;100014;0.024195;2860000;10184122998;B
20240423;100014;0.024195;2000000;10184122999;B
20240423;100014;0.024195;5140000;10184123000;B
20240423;100014;0.02419;100000;10184123002;B
20240423;100014;0.02419;10000;10184123006;B
20240423;100015;0.02419;40000;10184123009;B
20240423;100015;0.02419;20000;10184123011;B
20240423;100015;0.02418;160000;10184123053;S
20240423;100015;0.02419;4820000;10184123054;B
20240423;100015;0.02419;1000000;10184123055;B
20240423;100015;0.02419;4160000;10184123056;B
20240423;100015;0.02419;8310000;10184123057;B
20240423;100015;0.024195;5360000;10184123058;B
20240423;100015;0.024195;1000000;10184123059;B
20240423;100015;0.024195;200000;10184123060;B
20240423;100015;0.024195;150000;10184123061;B
20240423;100015;0.02418;840000;10184123068;S
20240423;100015;0.02418;2650000;10184123069;S
20240423;100015;0.024185;10000;10184123101;S
20240423;100015;0.024185;10000;10184123105;S
20240423;100015;0.024185;20000;10184123106;S
20240423;100015;0.02419;180000;10184123117;B
20240423;100015;0.024185;20000;10184123118;S
20240423;100015;0.02419;720000;10184123120;B
20240423;100015;0.024195;280000;10184123121;B
20240423;100015;0.024195;900000;10184123132;B
20240423;100015;0.024195;50000;10184123133;B
20240423;100015;0.024195;10000000;10184123137;B
20240423;100015;0.024185;70000;10184123166;S
20240423;100015;0.024185;1170000;10184123174;S
20240423;100015;0.024195;20000000;10184123188;B
20240423;100015;0.02419;40000;10184123191;S
20240423;100015;0.024185;1700000;10184123192;S
20240423;100015;0.024185;3000000;10184123193;S
20240423;100015;0.024185;3000000;10184123194;S
20240423;100015;0.024185;1000000;10184123195;S
20240423;100015;0.024185;3000000;10184123196;S
20240423;100015;0.024185;11160000;10184123197;S
20240423;100015;0.024185;3000000;10184123198;S
20240423;100015;0.024185;3000000;10184123199;S
20240423;100015;0.024185;1810000;10184123200;S
20240423;100015;0.024185;1190000;10184123203;S
20240423;100015;0.024185;1210000;10184123204;S
20240423;100015;0.024185;1790000;10184123207;S
20240423;100015;0.024185;3000000;10184123208;S
20240423;100015;0.024185;1510000;10184123209;S
20240423;100015;0.024195;680000;10184123210;B
20240423;100015;0.024185;100000;10184123213;S
20240423;100015;0.024185;100000;10184123222;S
20240423;100015;0.024185;20000;10184123278;S
20240423;100015;0.024185;2000000;10184123280;S
20240423;100015;0.024185;3000000;10184123283;S
20240423;100015;0.024185;400000;10184123344;S
20240423;100015;0.024185;100000;10184123363;S
20240423;100015;0.024185;500000;10184123380;S
20240423;100015;0.024185;20000;10184123413;S
20240423;100015;0.024185;1400000;10184123443;S
20240423;100016;0.024185;10000;10184123553;S
20240423;100016;0.024185;1000000;10184123571;S
20240423;100016;0.02419;30000;10184123634;B
20240423;100016;0.02419;1870000;10184123635;B
20240423;100016;0.02419;50000;10184123769;B
20240423;100016;0.02419;30000;10184123770;B
20240423;100016;0.02419;190000;10184123771;B
20240423;100016;0.02419;200000;10184123772;B
20240423;100016;0.02419;10000;10184123773;B
20240423;100016;0.02419;500000;10184123774;B
20240423;100016;0.02419;990000;10184123775;B
20240423;100016;0.024195;17940000;10184123776;B
20240423;100016;0.024195;10000000;10184123777;B
20240423;100016;0.024195;20000000;10184123778;B
20240423;100016;0.024195;1000000;10184123779;B
20240423;100016;0.024195;1250000;10184123780;B
20240423;100016;0.024195;20000;10184123781;B
20240423;100016;0.024195;10000;10184123782;B
20240423;100016;0.024195;1240000;10184123783;B
20240423;100016;0.024195;100000;10184123784;B
20240423;100016;0.024195;300000;10184123785;B
20240423;100016;0.024195;1170000;10184123786;B
20240423;100016;0.024195;2990000;10184123791;B
20240423;100016;0.024195;300000;10184123792;B
20240423;100016;0.024195;710000;10184123793;B
20240423;100016;0.024195;4000000;10184123800;B
20240423;100016;0.02419;25000000;10184123863;B
20240423;100016;0.02419;4150000;10184123902;B
20240423;100016;0.024185;10000;10184123950;S
20240423;100016;0.02419;40000;10184123973;B
20240423;100016;0.02419;4440000;10184123979;B
20240423;100017;0.02419;16370000;10184124000;B
20240423;100017;0.0242;500000;10184124001;B
20240423;100017;0.0242;10000;10184124002;B
20240423;100017;0.0242;1000000;10184124003;B
20240423;100017;0.0242;10000;10184124004;B
20240423;100017;0.0242;60000;10184124005;B
20240423;100017;0.0242;50000;10184124006;B
20240423;100017;0.0242;50000;10184124007;B
20240423;100017;0.0242;50000;10184124008;B
20240423;100017;0.0242;10000;10184124009;B
20240423;100017;0.0242;110000;10184124010;B
20240423;100017;0.0242;20000;10184124011;B
20240423;100017;0.0242;40000;10184124012;B
20240423;100017;0.0242;10000;10184124013;B
20240423;100017;0.0242;250000;10184124014;B
20240423;100017;0.0242;1460000;10184124015;B
20240423;100017;0.024185;10000;10184124016;S
20240423;100017;0.0242;540000;10184124018;B
20240423;100017;0.0242;10000;10184124019;B
20240423;100017;0.0242;1000000;10184124020;B
20240423;100017;0.0242;20000;10184124021;B
20240423;100017;0.0242;10000;10184124022;B
20240423;100017;0.0242;2000000;10184124023;B
20240423;100017;0.0242;20000;10184124024;B
20240423;100017;0.0242;100000;10184124025;B
20240423;100017;0.0242;10000;10184124026;B
20240423;100017;0.0242;10000;10184124027;B
20240423;100017;0.0242;1000000;10184124028;B
20240423;100017;0.0242;1000000;10184124029;B
20240423;100017;0.0242;500000;10184124030;B
20240423;100017;0.0242;50000;10184124031;B
20240423;100017;0.0242;10000000;10184124032;B
20240423;100017;0.0242;20000;10184124033;B
20240423;100017;0.0242;100000;10184124034;B
20240423;100017;0.0242;10000;10184124035;B
20240423;100017;0.0242;30000;10184124036;B
20240423;100017;0.0242;100000;10184124037;B
20240423;100017;0.0242;200000;10184124038;B
20240423;100017;0.0242;20000;10184124039;B
20240423;100017;0.0242;2100000;10184124040;B
20240423;100017;0.0242;10000;10184124041;B
20240423;100017;0.0242;10000;10184124042;B
20240423;100017;0.0242;4500000;10184124043;B
20240423;100017;0.0242;400000;10184124044;B
20240423;100017;0.0242;500000;10184124045;B
20240423;100017;0.0242;400000;10184124046;B
20240423;100017;0.0242;1000000;10184124047;B
20240423;100017;0.0242;30000;10184124048;B
20240423;100017;0.0242;50000;10184124049;B
20240423;100017;0.0242;120000;10184124050;B
20240423;100017;0.0242;1000000;10184124051;B
20240423;100017;0.0242;50000;10184124052;B
20240423;100017;0.0242;380000;10184124053;B
20240423;100017;0.0242;1000000;10184124054;B
20240423;100017;0.0242;40000;10184124055;B
20240423;100017;0.0242;10000;10184124056;B
20240423;100017;0.0242;70000;10184124057;B
20240423;100017;0.0242;200000;10184124058;B
20240423;100017;0.0242;1000000;10184124059;B
20240423;100017;0.0242;10000;10184124060;B
20240423;100017;0.0242;300000;10184124061;B
20240423;100017;0.0242;33000000;10184124062;B
20240423;100017;0.0242;10000;10184124063;B
20240423;100017;0.0242;50000;10184124064;B
20240423;100017;0.0242;2080000;10184124065;B
20240423;100017;0.0242;2100000;10184124066;B
20240423;100017;0.0242;40000;10184124067;B
20240423;100017;0.0242;600000;10184124068;B
20240423;100017;0.0242;10000;10184124069;B
20240423;100017;0.0242;60000;10184124070;B
20240423;100017;0.0242;10000;10184124071;B
20240423;100017;0.0242;10000;10184124072;B
20240423;100017;0.0242;100000;10184124073;B
20240423;100017;0.0242;150000;10184124074;B
20240423;100017;0.0242;1000000;10184124075;B
20240423;100017;0.0242;40000000;10184124076;B
20240423;100017;0.0242;132850000;10184124077;B
20240423;100017;0.0242;1000000;10184124078;B
20240423;100017;0.0242;2250000;10184124079;B
20240423;100017;0.0242;3370000;10184124082;B
20240423;100017;0.0242;2500000;10184124083;B
20240423;100017;0.0242;10000;10184124084;B
20240423;100017;0.024205;70000;10184124253;B
20240423;100017;0.024205;1000000;10184124254;B
20240423;100017;0.024205;20000;10184124255;B
20240423;100017;0.024205;50000;10184124256;B
20240423;100017;0.024205;10000;10184124257;B
20240423;100017;0.024205;20000000;10184124258;B
20240423;100017;0.02421;1000000;10184124259;B
20240423;100017;0.02421;10000;10184124260;B
20240423;100017;0.02421;50000;10184124261;B
20240423;100017;0.02421;180000;10184124262;B
20240423;100017;0.02421;10000000;10184124263;B
20240423;100017;0.02421;60000;10184124264;B
20240423;100017;0.02421;10000;10184124265;B
20240423;100017;0.02421;1350000;10184124266;B
20240423;100017;0.02421;950000;10184124267;B
20240423;100017;0.02421;1000000;10184124268;B
20240423;100017;0.02421;5700000;10184124269;B
20240423;100017;0.02421;10000000;10184124270;B
20240423;100017;0.024215;10000;10184124271;B
20240423;100017;0.024215;80000;10184124272;B
20240423;100017;0.024215;10000;10184124273;B
20240423;100017;0.024215;50000;10184124274;B
20240423;100017;0.024215;30000;10184124275;B
20240423;100017;0.024215;1000000;10184124276;B
20240423;100017;0.024215;100000;10184124277;B
20240423;100017;0.024215;600000;10184124278;B
20240423;100017;0.024215;10000;10184124279;B
20240423;100017;0.024215;2000000;10184124280;B
20240423;100017;0.024215;1000000;10184124281;B
20240423;100017;0.024215;7500000;10184124282;B
20240423;100017;0.02422;80000;10184124283;B
20240423;100017;0.02422;250000;10184124284;B
20240423;100017;0.02422;400000;10184124285;B
20240423;100017;0.02422;100000;10184124286;B
20240423;100017;0.02422;250000;10184124287;B
20240423;100017;0.02422;250000;10184124288;B
20240423;100017;0.02422;10000;10184124289;B
20240423;100017;0.02422;10000;10184124290;B
20240423;100017;0.02422;10000000;10184124291;B
20240423;100017;0.02422;31860000;10184124292;B
20240423;100017;0.02422;5730000;10184124293;B
20240423;100017;0.02422;1000000;10184124294;B
20240423;100017;0.024225;40000;10184124295;B
20240423;100017;0.024225;500000;10184124296;B
20240423;100017;0.024225;100000;10184124297;B
20240423;100017;0.024225;20000;10184124298;B
20240423;100017;0.024225;20000;10184124299;B
20240423;100017;0.024225;1000000;10184124300;B
20240423;100017;0.024225;10000;10184124301;B
20240423;100017;0.024225;5730000;10184124302;B
20240423;100017;0.024225;2000000;10184124303;B
20240423;100017;0.024225;1000000;10184124304;B
20240423;100017;0.02423;300000;10184124305;B
20240423;100017;0.02423;50000;10184124306;B
20240423;100017;0.02423;10000;10184124307;B
20240423;100017;0.02423;70000;10184124308;B
20240423;100017;0.02423;10000;10184124309;B
20240423;100017;0.02423;5730000;10184124310;B
20240423;100017;0.02423;1000000;10184124311;B
20240423;100017;0.02423;30000000;10184124312;B
20240423;100017;0.024235;10000;10184124313;B
20240423;100017;0.024235;5730000;10184124314;B
20240423;100017;0.024235;30000;10184124315;B
20240423;100017;0.024235;1000000;10184124316;B
20240423;100017;0.024235;4160000;10184124317;B
20240423;100017;0.024235;6100000;10184124318;B
20240423;100017;0.024235;15570000;10184124319;B
20240423;100017;0.02424;10000;10184124320;B
20240423;100017;0.02424;10000;10184124321;B
20240423;100017;0.02424;60000;10184124322;B
20240423;100017;0.02424;50000;10184124323;B
20240423;100017;0.02424;10000;10184124324;B
20240423;100017;0.02424;10000;10184124325;B
20240423;100017;0.02424;50000;10184124326;B
20240423;100017;0.02424;50000;10184124327;B
20240423;100017;0.02424;5000000;10184124328;B
20240423;100017;0.02424;400000;10184124329;B
20240423;100017;0.02424;20000;10184124330;B
20240423;100017;0.02424;250000;10184124331;B
20240423;100017;0.02424;10000;10184124332;B
20240423;100017;0.02424;30000;10184124333;B
20240423;100017;0.02424;5730000;10184124334;B
20240423;100017;0.02424;1000000;10184124335;B
20240423;100017;0.02424;30000000;10184124336;B
20240423;100017;0.02424;4990000;10184124337;B
20240423;100017;0.024245;10000;10184124338;B
20240423;100017;0.024245;10000;10184124339;B
20240423;100017;0.024245;100000;10184124340;B
20240423;100017;0.024245;2000000;10184124341;B
20240423;100017;0.024245;2000000;10184124342;B
20240423;100017;0.024245;10000;10184124343;B
20240423;100017;0.024245;100000;10184124344;B
20240423;100017;0.024245;10000;10184124345;B
20240423;100017;0.024245;1000000;10184124346;B
20240423;100017;0.024245;5730000;10184124347;B
20240423;100017;0.024245;2000000;10184124348;B
20240423;100017;0.024245;1000000;10184124349;B
20240423;100017;0.024245;15000000;10184124350;B
20240423;100017;0.024245;1000000;10184124351;B
20240423;100017;0.024245;20000000;10184124352;B
20240423;100017;0.024245;11150000;10184124353;B
20240423;100017;0.02425;20000;10184124354;B
20240423;100017;0.02425;6500000;10184124355;B
20240423;100017;0.02425;500000;10184124356;B
20240423;100017;0.02425;10000;10184124357;B
20240423;100017;0.02425;100000;10184124358;B
20240423;100017;0.02425;10000;10184124359;B
20240423;100017;0.02425;20000;10184124360;B
20240423;100017;0.02425;100000;10184124361;B
20240423;100017;0.02425;20000;10184124362;B
20240423;100017;0.02425;30000;10184124363;B
20240423;100017;0.02425;10000;10184124364;B
20240423;100017;0.02425;50000;10184124365;B
20240423;100017;0.02425;100000;10184124366;B
20240423;100017;0.02425;20000;10184124367;B
20240423;100017;0.02425;1000000;10184124368;B
20240423;100017;0.02425;70000;10184124369;B
20240423;100017;0.02425;4000000;10184124370;B
20240423;100017;0.02425;10000;10184124371;B
20240423;100017;0.02425;84650000;10184124372;B
20240423;100017;0.024215;100000;10184124374;B
20240423;100017;0.024205;900000;10184124375;S
20240423;100017;0.024215;2900000;10184124376;B
20240423;100017;0.02421;20000;10184124378;S
20240423;100017;0.02421;100000;10184124381;S
20240423;100017;0.02421;100000;10184124382;S
20240423;100017;0.02421;10000;10184124383;S
20240423;100017;0.024215;300000;10184124388;B
20240423;100017;0.02424;10000;10184124389;B
20240423;100017;0.024245;5730000;10184124390;B
20240423;100017;0.024245;1000000;10184124391;B
20240423;100017;0.024245;4160000;10184124392;B
20240423;100017;0.024245;4990000;10184124393;B
20240423;100017;0.024245;230000;10184124394;B
20240423;100017;0.02425;83890000;10184124395;B
20240423;100017;0.024245;2000000;10184124397;B
20240423;100017;0.024245;30000;10184124398;B
20240423;100017;0.024245;330000;10184124399;B
20240423;100017;0.02424;20000;10184124400;S
20240423;100017;0.02424;11130000;10184124419;S
20240423;100017;0.02424;1000000;10184124420;S
20240423;100017;0.024235;210000;10184124421;S
20240423;100017;0.024235;1000000;10184124422;S
20240423;100017;0.024235;2570000;10184124423;S
20240423;100017;0.024235;100000;10184124425;S
20240423;100017;0.02424;850000;10184124426;B
20240423;100017;0.024235;2000000;10184124427;S
20240423;100017;0.024235;450000;10184124434;S
20240423;100017;0.024235;100000;10184124436;S
20240423;100017;0.024235;500000;10184124439;S
20240423;100017;0.024235;50000;10184124447;S
20240423;100017;0.024235;20000;10184124449;S
20240423;100017;0.024235;30000;10184124452;S
20240423;100017;0.024235;10000;10184124473;S
20240423;100017;0.024235;300000;10184124476;S
20240423;100017;0.024235;5020000;10184124482;S
20240423;100017;0.024235;1000000;10184124483;S
20240423;100017;0.02423;1000000;10184124484;S
20240423;100017;0.02423;50000;10184124485;S
20240423;100017;0.024225;1000000;10184124486;S
20240423;100017;0.02422;1000000;10184124487;S
20240423;100017;0.02422;3000000;10184124488;S
20240423;100017;0.02422;2930000;10184124489;S
20240423;100017;0.02422;70000;10184124490;S
20240423;100017;0.02422;3000000;10184124491;S
20240423;100017;0.02422;3000000;10184124492;S
20240423;100017;0.02422;3000000;10184124493;S
20240423;100017;0.02422;3000000;10184124494;S
20240423;100017;0.02422;3000000;10184124495;S
20240423;100017;0.02422;3000000;10184124496;S
20240423;100017;0.02422;3000000;10184124497;S
20240423;100017;0.02422;3000000;10184124498;S
20240423;100017;0.02422;5730000;10184124499;S
20240423;100017;0.02422;1000000;10184124500;S
20240423;100017;0.02422;11130000;10184124501;S
20240423;100017;0.02422;3000000;10184124502;S
20240423;100017;0.024215;2070000;10184124503;S
20240423;100017;0.024215;9630000;10184124504;S
20240423;100017;0.024215;1000000;10184124505;S
20240423;100017;0.024215;5730000;10184124506;S
20240423;100017;0.02421;30000000;10184124507;S
20240423;100017;0.02421;1000000;10184124508;S
20240423;100017;0.02421;2640000;10184124509;S
20240423;100017;0.02422;20000;10184124511;S
20240423;100017;0.024215;40000;10184124518;S
20240423;100017;0.02422;10000;10184124545;S
20240423;100017;0.024235;50000;10184124547;B
20240423;100017;0.024215;100000;10184124548;S
20240423;100017;0.024215;10000;10184124550;S
20240423;100017;0.024215;1100000;10184124551;S
20240423;100017;0.024215;100000;10184124552;S
20240423;100017;0.024215;1000000;10184124553;S
20240423;100017;0.024235;1850000;10184124554;B
20240423;100017;0.024215;650000;10184124556;S
20240423;100017;0.024215;350000;10184124557;S
20240423;100017;0.024215;10000;10184124558;S
20240423;100017;0.024235;5000000;10184124559;B
20240423;100017;0.024215;1000000;10184124560;S
20240423;100017;0.024215;10000;10184124561;S
20240423;100017;0.02422;31140000;10184124562;S
20240423;100017;0.024215;1630000;10184124563;S
20240423;100017;0.024215;3000000;10184124564;S
20240423;100017;0.024215;3000000;10184124565;S
20240423;100017;0.024215;1230000;10184124566;S
20240423;100017;0.024215;500000;10184124567;S
20240423;100017;0.024215;400000;10184124568;S
20240423;100017;0.024215;870000;10184124569;S
20240423;100017;0.024215;1130000;10184124570;S
20240423;100017;0.024215;1870000;10184124571;S
20240423;100017;0.024215;130000;10184124572;S
20240423;100017;0.024215;180000;10184124573;S
20240423;100017;0.024215;160000;10184124574;S
20240423;100017;0.024215;10000;10184124575;S
20240423;100017;0.024215;100000;10184124576;S
20240423;100017;0.024215;1510000;10184124577;S
20240423;100017;0.024215;60000;10184124585;S
20240423;100017;0.024215;50000;10184124586;S
20240423;100017;0.024215;100000;10184124587;S
20240423;100017;0.024215;100000;10184124588;S
20240423;100017;0.02422;10000;10184124589;B
20240423;100017;0.02422;50000;10184124590;B
20240423;100017;0.02424;1000000;10184124591;B
20240423;100017;0.024245;1940000;10184124592;B
20240423;100017;0.024215;10000;10184124593;S
20240423;100017;0.024225;500000;10184124595;B
20240423;100017;0.024215;590000;10184124611;S
20240423;100017;0.024215;40000;10184124612;S
20240423;100017;0.024215;10000;10184124616;S
20240423;100017;0.02423;200000;10184124617;B
20240423;100017;0.024215;10000;10184124619;S
20240423;100017;0.024215;40000;10184124620;S
20240423;100017;0.024215;10000;10184124621;S
20240423;100017;0.02422;100000;10184124623;B
20240423;100017;0.024225;80000;10184124624;B
20240423;100017;0.02423;820000;10184124625;B
20240423;100017;0.024215;110000;10184124626;S
20240423;100017;0.024215;20000;10184124628;S
20240423;100017;0.024215;100000;10184124629;S
20240423;100017;0.024215;40000;10184124632;S
20240423;100017;0.024215;580000;10184124633;S
20240423;100017;0.02423;1000000;10184124635;B
20240423;100017;0.024215;10000;10184124636;S
20240423;100017;0.024215;20000;10184124638;S
20240423;100017;0.024215;50000;10184124642;S
20240423;100017;0.024215;800000;10184124643;S
20240423;100017;0.024215;120000;10184124647;S
20240423;100017;0.024215;10000;10184124649;S
20240423;100017;0.024215;10000;10184124650;S
20240423;100018;0.024215;20000;10184124652;S
20240423;100018;0.024215;50000;10184124653;S
20240423;100018;0.024215;20000;10184124663;S
20240423;100018;0.02422;80000;10184124664;B
20240423;100018;0.02423;20000;10184124665;B
20240423;100018;0.024215;250000;10184124667;S
20240423;100018;0.024215;680000;10184124668;S
20240423;100018;0.024215;820000;10184124669;S
20240423;100018;0.024215;10000;10184124670;S
20240423;100018;0.02423;130000;10184124688;B
20240423;100018;0.02423;60000;10184124698;B
20240423;100018;0.024215;170000;10184124703;S
20240423;100018;0.024215;1410000;10184124704;S
20240423;100018;0.024215;10000;10184124705;S
20240423;100018;0.02423;400000;10184124706;B
20240423;100018;0.024225;1000000;10184124717;S
20240423;100018;0.02423;100000;10184124718;B
20240423;100018;0.024235;10000;10184124719;B
20240423;100018;0.024235;100000;10184124720;B
20240423;100018;0.02424;1000000;10184124721;B
20240423;100018;0.02424;550000;10184124722;B
20240423;100018;0.024225;50000;10184124744;S
20240423;100018;0.024225;500000;10184124747;S
20240423;100018;0.024225;10000;10184124748;S
20240423;100018;0.024225;960000;10184124749;S
20240423;100018;0.024225;10000;10184124759;S
20240423;100018;0.024235;140000;10184124762;B
20240423;100018;0.024225;10000;10184124763;S
20240423;100018;0.024225;5000000;10184124764;S
20240423;100018;0.024225;2100000;10184124780;S
20240423;100018;0.024225;400000;10184124787;S
20240423;100018;0.024225;10000;10184124789;S
20240423;100018;0.024225;60000;10184124790;S
20240423;100018;0.024225;50000;10184124791;S
20240423;100018;0.024235;1000000;10184124792;B
20240423;100018;0.024235;8990000;10184124793;B
20240423;100018;0.024225;50000;10184124794;S
20240423;100018;0.024225;30000;10184124796;S
20240423;100018;0.024235;100000;10184124801;B
20240423;100018;0.024225;10000;10184124802;S
20240423;100018;0.024225;1890000;10184124805;S
20240423;100018;0.024225;1000000;10184124806;S
20240423;100018;0.02422;100000;10184124807;S
20240423;100018;0.02422;1000000;10184124808;S
20240423;100018;0.02422;10000;10184124809;S
20240423;100018;0.024225;10000;10184124815;S
20240423;100018;0.024225;400000;10184124828;S
20240423;100018;0.024225;500000;10184124834;S
20240423;100018;0.024235;1000000;10184124837;B
20240423;100018;0.024235;1040000;10184124838;B
20240423;100018;0.02424;7760000;10184124839;B
20240423;100018;0.02424;200000;10184124840;B
20240423;100018;0.024225;80000;10184124841;S
20240423;100018;0.024225;100000;10184124846;S
20240423;100018;0.024225;250000;10184124857;S
20240423;100018;0.024225;100000;10184124858;S
20240423;100018;0.024225;100000;10184124862;S
20240423;100018;0.024225;1200000;10184124863;S
20240423;100018;0.024225;20000;10184124876;S
20240423;100018;0.024225;8380000;10184124877;S
20240423;100018;0.024225;1000000;10184124878;S
20240423;100018;0.02422;5720000;10184124879;S
20240423;100018;0.02422;4900000;10184124880;S
20240423;100018;0.024225;4250000;10184124883;S
20240423;100018;0.024225;100000;10184124891;S
20240423;100018;0.024225;100000;10184124892;S
20240423;100018;0.024225;20000;10184124894;S
20240423;100018;0.02423;10000;10184124895;B
20240423;100018;0.024235;90000;10184124896;B
20240423;100018;0.024235;400000;10184124897;B
20240423;100018;0.02423;530000;10184124909;S
20240423;100018;0.024235;10000;10184124918;B
20240423;100018;0.02423;60000;10184124942;S
20240423;100018;0.024235;10000;10184124952;B
20240423;100018;0.02423;2500000;10184124953;S
20240423;100018;0.02423;100000;10184124954;S
20240423;100018;0.02423;400000;10184124956;S
20240423;100018;0.02423;20000;10184124958;S
20240423;100018;0.024235;100000;10184124959;B
20240423;100018;0.02423;16390000;10184124960;S
20240423;100018;0.02423;1000000;10184124961;S
20240423;100018;0.024225;2610000;10184124962;S
20240423;100018;0.024225;10000;10184124964;S
20240423;100018;0.024225;100000;10184124965;S
20240423;100018;0.024225;300000;10184124968;S
20240423;100018;0.024225;1000000;10184124969;S
20240423;100018;0.024225;2650000;10184124970;S
20240423;100018;0.024225;910000;10184124971;S
20240423;100018;0.024225;4000000;10184124973;S
20240423;100018;0.024225;10000;10184124984;S
20240423;100018;0.024235;100000;10184124994;B
20240423;100018;0.024225;150000;10184124995;S
20240423;100018;0.024225;20000;10184125000;S
20240423;100018;0.024235;290000;10184125018;B
20240423;100018;0.024235;1000000;10184125019;B
20240423;100018;0.024235;210000;10184125020;B
20240423;100018;0.024225;4500000;10184125021;S
20240423;100018;0.024225;1000000;10184125022;S
20240423;100018;0.024235;120000;10184125026;B
20240423;100018;0.024225;10000;10184125041;S
20240423;100018;0.02422;10000;10184125044;S
20240423;100018;0.02422;10000;10184125045;S
20240423;100018;0.02422;10000;10184125046;S
20240423;100018;0.024235;200000;10184125048;B
20240423;100018;0.024225;10000;10184125050;B
20240423;100018;0.024235;90000;10184125051;B
20240423;100019;0.024225;1000000;10184125058;S
20240423;100019;0.02422;170000;10184125059;S
20240423;100019;0.02422;1000000;10184125060;S
20240423;100019;0.02422;5730000;10184125061;S
20240423;100019;0.024215;2100000;10184125062;S
20240423;100019;0.02422;1000000;10184125063;S
20240423;100019;0.024215;400000;10184125064;S
20240423;100019;0.02422;1000000;10184125128;S
20240423;100019;0.024215;10000;10184125148;S
20240423;100019;0.024215;500000;10184125157;S
20240423;100019;0.024215;10000;10184125162;S
20240423;100019;0.024215;200000;10184125176;S
20240423;100019;0.02422;200000;10184125177;B
20240423;100019;0.024215;300000;10184125180;S
20240423;100019;0.024215;790000;10184125192;S
20240423;100019;0.024215;10000;10184125193;S
20240423;100019;0.024215;100000;10184125194;S
20240423;100019;0.024215;100000;10184125195;S
20240423;100019;0.024215;50000;10184125199;S
20240423;100019;0.024215;20000;10184125246;S
20240423;100019;0.02422;410000;10184125307;B
20240423;100019;0.024215;30000;10184125367;S
20240423;100019;0.02422;500000;10184125390;B
20240423;100020;0.02422;890000;10184125591;B
20240423;100020;0.02422;1500000;10184125592;B
20240423;100020;0.02422;650000;10184125593;B
20240423;100020;0.024215;10000;10184125603;S
20240423;100020;0.02422;650000;10184125654;B
20240423;100021;0.024215;40000;10184125781;S
20240423;100021;0.024215;1400000;10184125782;S
20240423;100021;0.024215;10000;10184125798;S
20240423;100021;0.024215;20000;10184125827;S
20240423;100021;0.02422;100000;10184125832;B
20240423;100021;0.024215;10000;10184125854;S
20240423;100021;0.024215;10000;10184125855;S
20240423;100021;0.02422;10000000;10184125856;B
20240423;100022;0.02422;8600000;10184125956;B
20240423;100022;0.02422;210000;10184125957;B
20240423;100022;0.02422;1000000;10184125958;B
20240423;100022;0.02422;180000;10184125959;B
20240423;100022;0.02422;10000;10184125963;S
20240423;100022;0.02422;990000;10184125964;S
20240423;100022;0.02422;4740000;10184125974;S
20240423;100022;0.02422;260000;10184125975;S
20240423;100022;0.02422;10000;10184125991;S
20240423;100022;0.02422;10000;10184126044;S
20240423;100022;0.02422;30000;10184126145;S
20240423;100022;0.02422;10000;10184126201;S
20240423;100022;0.02422;10000;10184126202;S
20240423;100022;0.02422;930000;10184126205;S
20240423;100022;0.02422;1470000;10184126206;S
20240423;100022;0.024225;130000;10184126209;B
20240423;100022;0.024225;360000;10184126210;B
20240423;100022;0.02423;10000;10184126211;B
20240423;100022;0.02423;210000;10184126212;B
20240423;100022;0.024235;590000;10184126213;B
20240423;100022;0.024235;10000;10184126214;B
20240423;100022;0.024235;500000;10184126215;B
20240423;100022;0.024235;1890000;10184126216;B
20240423;100022;0.024225;20000;10184126217;S
20240423;100022;0.024235;610000;10184126219;B
20240423;100022;0.024235;1000000;10184126220;B
20240423;100022;0.02424;800000;10184126221;B
20240423;100022;0.02424;250000;10184126222;B
20240423;100022;0.02424;1000000;10184126223;B
20240423;100022;0.02424;340000;10184126224;B
20240423;100023;0.024235;1000000;10184126240;B
20240423;100023;0.02424;1000000;10184126241;B
20240423;100023;0.024225;3450000;10184126375;S
20240423;100023;0.024225;1000000;10184126376;S
20240423;100023;0.02422;5730000;10184126377;S
20240423;100023;0.02422;10000000;10184126378;S
20240423;100023;0.02422;400000;10184126379;S
20240423;100023;0.02422;1000000;10184126380;S
20240423;100023;0.02422;5320000;10184126381;S
20240423;100023;0.024215;5730000;10184126382;S
20240423;100023;0.024215;1000000;10184126383;S
20240423;100023;0.024215;10000;10184126384;S
20240423;100023;0.02421;3090000;10184126385;S
20240423;100023;0.02421;1000000;10184126386;S
20240423;100023;0.02421;3300000;10184126387;S
20240423;100023;0.02421;1000000;10184126388;S
20240423;100023;0.02421;3000000;10184126389;S
20240423;100023;0.02421;3000000;10184126390;S
20240423;100023;0.02421;3000000;10184126391;S
20240423;100023;0.02421;3000000;10184126392;S
20240423;100023;0.02421;3000000;10184126393;S
20240423;100023;0.02421;3000000;10184126394;S
20240423;100023;0.02421;3000000;10184126395;S
20240423;100023;0.02421;3000000;10184126396;S
20240423;100023;0.024205;100000;10184126397;S
20240423;100023;0.024205;5730000;10184126398;S
20240423;100023;0.024205;1000000;10184126399;S
20240423;100023;0.024205;60000;10184126400;S
20240423;100023;0.024205;7500000;10184126401;S
20240423;100023;0.024205;5000000;10184126402;S
20240423;100023;0.024205;3000000;10184126403;S
20240423;100023;0.024205;3000000;10184126404;S
20240423;100023;0.0242;1000000;10184126405;S
20240423;100023;0.0242;5730000;10184126406;S
20240423;100023;0.0242;1000000;10184126407;S
20240423;100023;0.0242;850000;10184126408;S
20240423;100023;0.024215;10000;10184126423;S
20240423;100023;0.024215;20000;10184126424;S
20240423;100023;0.024215;50000;10184126589;S
20240423;100023;0.024215;10000;10184126602;S
20240423;100023;0.024215;1000000;10184126630;S
20240423;100023;0.024215;220000;10184126631;S
20240423;100023;0.024215;10000;10184126658;S
20240423;100024;0.024215;40000;10184126721;S
20240423;100024;0.024215;1060000;10184126724;S
20240423;100024;0.024215;50000;10184126725;S
20240423;100024;0.024215;100000;10184126740;S
20240423;100024;0.02423;150000;10184126782;B
20240423;100024;0.024215;60000;10184126783;S
20240423;100024;0.024215;590000;10184126814;S
20240423;100024;0.02423;850000;10184126875;B
20240423;100024;0.02423;2150000;10184126876;B
20240423;100024;0.024215;2430000;10184126889;S
20240423;100025;0.024225;10000;10184126944;B
20240423;100025;0.02422;10000;10184126945;S
20240423;100025;0.024225;1250000;10184127015;B
20240423;100025;0.02422;10000;10184127034;S
20240423;100025;0.02422;2200000;10184127040;S
20240423;100025;0.024215;80000;10184127041;S
20240423;100025;0.024215;150000;10184127042;S
20240423;100025;0.024215;2430000;10184127130;S
20240423;100025;0.024215;10000;10184127184;S
20240423;100026;0.024225;210000;10184127254;B
20240423;100026;0.024215;220000;10184127307;S
20240423;100026;0.024215;800000;10184127308;S
20240423;100026;0.024225;1000000;10184127320;B
20240423;100026;0.024225;1130000;10184127323;B
20240423;100026;0.024225;1000000;10184127324;B
20240423;100026;0.024225;1870000;10184127325;B
20240423;100026;0.024225;1000000;10184127327;B
20240423;100026;0.024225;1000000;10184127328;B
20240423;100026;0.02423;1170000;10184127329;B
20240423;100026;0.024225;1000000;10184127360;B
20240423;100026;0.02423;240000;10184127361;B
20240423;100026;0.024215;10000;10184127395;S
20240423;100027;0.024215;4000000;10184127516;S
20240423;100027;0.024215;920000;10184127533;S
20240423;100027;0.024215;1000000;10184127534;S
20240423;100027;0.024215;3450000;10184127535;S
20240423;100027;0.02421;4630000;10184127536;S
20240423;100027;0.02421;670000;10184127642;S
20240423;100027;0.02421;10000000;10184127694;S
20240423;100028;0.02422;300000;10184127721;B
20240423;100028;0.02421;470000;10184127723;S
20240423;100028;0.024215;10000;10184127795;S
20240423;100028;0.024215;410000;10184127906;S
20240423;100028;0.024215;10000;10184127934;S
20240423;100028;0.024215;900000;10184128062;S
20240423;100028;0.02421;1100000;10184128063;S
20240423;100029;0.02422;700000;10184128245;B
20240423;100029;0.024225;10000;10184128246;B
20240423;100029;0.024225;1000000;10184128247;B
20240423;100029;0.024225;2290000;10184128248;B
20240423;100029;0.02422;1000000;10184128250;B
20240423;100029;0.024225;1160000;10184128251;B
20240423;100029;0.024225;10000;10184128252;B
20240423;100029;0.024225;1280000;10184128253;B
20240423;100029;0.02422;1000000;10184128258;B
20240423;100029;0.02422;100000;10184128268;S
20240423;100029;0.02422;18900000;10184128305;S
20240423;100029;0.02421;5000000;10184128313;S
20240423;100029;0.02421;10000;10184128390;S
20240423;100030;0.024215;3000000;10184128599;S
20240423;100030;0.024215;3000000;10184128600;S
20240423;100030;0.024215;3000000;10184128601;S
20240423;100030;0.024215;3000000;10184128602;S
20240423;100030;0.024215;3000000;10184128603;S
20240423;100030;0.024215;110000;10184128604;S
20240423;100030;0.02422;1100000;10184128622;B
20240423;100030;0.024225;6970000;10184128623;B
20240423;100030;0.024225;1000000;10184128624;B
20240423;100030;0.024225;3450000;10184128625;B
20240423;100030;0.02423;440000;10184128626;B
20240423;100030;0.02423;1000000;10184128627;B
20240423;100030;0.02423;10000;10184128628;B
20240423;100030;0.02423;4990000;10184128629;B
20240423;100030;0.02423;4160000;10184128630;B
20240423;100030;0.02423;6000000;10184128631;B
20240423;100030;0.02423;8310000;10184128632;B
20240423;100030;0.024235;1000000;10184128633;B
20240423;100030;0.024235;580000;10184128634;B
20240423;100030;0.024235;10000000;10184128635;B
20240423;100030;0.024235;1190000;10184128636;B
20240423;100030;0.024235;6000000;10184128637;B
20240423;100030;0.02424;10000;10184128638;B
20240423;100030;0.02424;500000;10184128639;B
20240423;100030;0.02424;10000;10184128640;B
20240423;100030;0.02424;3000000;10184128641;B
20240423;100030;0.02424;10000;10184128642;B
20240423;100030;0.02424;1000000;10184128643;B
20240423;100030;0.02424;4390000;10184128644;B
20240423;100030;0.024225;10000;10184128679;S
20240423;100030;0.02423;1000000;10184128806;B
20240423;100030;0.024235;6000000;10184128807;B
20240423;100030;0.024235;3000000;10184128808;B
20240423;100031;0.024225;990000;10184128924;S
20240423;100031;0.024225;510000;10184128925;S
20240423;100031;0.024235;1000000;10184129193;B
20240423;100031;0.024235;2820000;10184129194;B
20240423;100031;0.024235;3690000;10184129195;B
20240423;100031;0.024235;1000000;10184129206;B
20240423;100031;0.02423;20000;10184129213;S
20240423;100031;0.02423;20000;10184129225;S
20240423;100031;0.02423;10000;10184129274;S
20240423;100031;0.024225;240000;10184129275;S
20240423;100031;0.024225;430000;10184129312;S
20240423;100031;0.024225;1000000;10184129313;S
20240423;100031;0.024225;2220000;10184129314;S
20240423;100031;0.024225;3450000;10184129315;S
20240423;100032;0.024225;10000;10184129342;B
20240423;100032;0.02422;2220000;10184129521;S
20240423;100032;0.024215;2890000;10184129522;S
20240423;100032;0.024215;3000000;10184129523;S
20240423;100032;0.024215;3000000;10184129524;S
20240423;100032;0.024215;1000000;10184129525;S
20240423;100032;0.024215;5730000;10184129526;S
20240423;100032;0.024215;10000;10184129527;S
20240423;100032;0.024215;3450000;10184129528;S
20240423;100032;0.024215;3000000;10184129529;S
20240423;100032;0.02421;720000;10184129530;S
20240423;100032;0.02421;1000000;10184129531;S
20240423;100032;0.02421;2220000;10184129532;S
20240423;100032;0.02421;20000000;10184129533;S
20240423;100032;0.02421;1760000;10184129534;S
20240423;100033;0.024215;10000;10184129778;B
20240423;100033;0.024215;190000;10184129784;B
20240423;100033;0.024215;810000;10184129785;B
20240423;100033;0.02421;400000;10184129839;S
20240423;100034;0.02422;1000000;10184130138;B
20240423;100034;0.024215;10000;10184130380;S
20240423;100035;0.024215;50000;10184130540;S
20240423;100035;0.02422;3970000;10184130594;B
20240423;100035;0.02422;4000000;10184130595;B
20240423;100035;0.02422;8310000;10184130640;B
20240423;100035;0.02422;10000;10184130641;B
20240423;100035;0.02422;10000;10184130642;B
20240423;100035;0.02422;4160000;10184130643;B
20240423;100035;0.02422;4990000;10184130644;B
20240423;100035;0.02422;6000000;10184130645;B
20240423;100035;0.02422;3000000;10184130646;B
20240423;100035;0.02422;3000000;10184130647;B
20240423;100035;0.02422;3000000;10184130648;B
20240423;100035;0.02422;3000000;10184130649;B
20240423;100035;0.02422;3000000;10184130650;B
20240423;100035;0.02422;3000000;10184130651;B
20240423;100035;0.02422;1000000;10184130652;B
20240423;100035;0.02422;3450000;10184130653;B
20240423;100035;0.024225;122890000;10184130654;B
20240423;100035;0.024225;1000000;10184130655;B
20240423;100035;0.024225;6000000;10184130656;B
20240423;100035;0.024225;12720000;10184130657;B
20240423;100035;0.02423;1000000;10184130658;B
20240423;100035;0.02423;6000000;10184130659;B
20240423;100035;0.02423;10000;10184130767;S
20240423;100035;0.024235;10000;10184130780;B
20240423;100035;0.024235;10000;10184130781;B
20240423;100035;0.024235;980000;10184130782;B
20240423;100035;0.02423;10000;10184130876;S
20240423;100035;0.02423;5000000;10184130879;S
20240423;100035;0.02423;10000;10184130902;S
20240423;100036;0.02423;8250000;10184130971;S
20240423;100036;0.02423;3720000;10184131005;S
20240423;100036;0.02423;20000000;10184131007;S
20240423;100036;0.02423;10000;10184131171;S
20240423;100037;0.024235;400000;10184131368;B
20240423;100037;0.02423;10000;10184131574;S
20240423;100037;0.024235;40000;10184131615;B
20240423;100037;0.024235;3570000;10184131639;B
20240423;100037;0.024235;6000000;10184131640;B
20240423;100037;0.024235;3450000;10184131641;B
20240423;100037;0.024235;1000000;10184131642;B
20240423;100037;0.02424;6000000;10184131643;B
20240423;100037;0.02424;10000;10184131644;B
20240423;100037;0.02424;3000000;10184131645;B
20240423;100037;0.02424;120000;10184131646;B
20240423;100037;0.024235;4000000;10184131705;B
20240423;100037;0.024235;4000000;10184131709;B
20240423;100038;0.024235;4990000;10184131795;B
20240423;100038;0.02424;2880000;10184131796;B
20240423;100038;0.02424;3000000;10184131797;B
20240423;100038;0.02424;830000;10184131798;B
20240423;100038;0.02423;15000000;10184131885;S
20240423;100038;0.02423;10000;10184131888;S
20240423;100038;0.02423;20000;10184131989;S
20240423;100038;0.024235;10000;10184132130;B
20240423;100039;0.024235;1620000;10184132219;B
20240423;100039;0.024235;250000;10184132375;B
20240423;100040;0.02423;500000;10184132454;S
20240423;100040;0.024235;3110000;10184132458;B
20240423;100040;0.024235;3450000;10184132459;B
20240423;100040;0.024235;1000000;10184132460;B
20240423;100040;0.024235;10000;10184132461;B
20240423;100040;0.024235;2000000;10184132462;B
20240423;100040;0.02424;7480000;10184132463;B
20240423;100040;0.02424;1000000;10184132464;B
20240423;100040;0.02424;4160000;10184132465;B
20240423;100040;0.02424;3000000;10184132466;B
20240423;100040;0.02424;3000000;10184132467;B
20240423;100040;0.02424;3600000;10184132468;B
20240423;100040;0.02424;11140000;10184132469;B
20240423;100040;0.02424;10000;10184132470;B
20240423;100040;0.02424;5040000;10184132471;B
20240423;100040;0.02423;1910000;10184132483;S
20240423;100040;0.02423;10000;10184132484;S
20240423;100040;0.02423;10000;10184132485;S
20240423;100040;0.024225;1000000;10184132486;S
20240423;100040;0.024225;10000;10184132487;S
20240423;100040;0.024225;10000;10184132488;S
20240423;100040;0.024225;3450000;10184132489;S
20240423;100040;0.02422;1000000;10184132490;S
20240423;100040;0.02422;300000;10184132491;S
20240423;100040;0.02422;2300000;10184132492;S
20240423;100040;0.024235;790000;10184132612;B
20240423;100040;0.024235;350000;10184132614;B
20240423;100040;0.024235;70000;10184132655;B
20240423;100041;0.02422;10000;10184132934;S
20240423;100041;0.02422;10000;10184132936;S
20240423;100041;0.02422;150000;10184132937;S
20240423;100041;0.024215;1000000;10184132938;S
20240423;100041;0.024215;820000;10184132939;S
20240423;100041;0.024215;10000;10184132940;S
20240423;100041;0.024215;10000;10184132941;S
20240423;100041;0.024215;10000;10184132942;S
20240423;100041;0.024215;2630000;10184132943;S
20240423;100041;0.024215;3450000;10184132944;S
20240423;100041;0.02421;10000;10184132945;S
20240423;100041;0.02421;10000;10184132946;S
20240423;100041;0.02421;10000;10184132947;S
20240423;100041;0.02421;1000000;10184132948;S
20240423;100041;0.02421;5730000;10184132949;S
20240423;100041;0.02421;6000000;10184132950;S
20240423;100041;0.02421;11090000;10184132951;S
20240423;100041;0.02421;100000;10184132952;S
20240423;100041;0.024205;5730000;10184132953;S
20240423;100041;0.024205;1000000;10184132954;S
20240423;100041;0.024205;7500000;10184132955;S
20240423;100041;0.024205;10000;10184132956;S
20240423;100041;0.024205;3720000;10184132957;S
20240423;100041;0.024205;170000;10184133154;S
20240423;100041;0.024215;10000;10184133217;S
20240423;100041;0.024205;2110000;10184133255;S
20240423;100041;0.024205;890000;10184133256;S
20240423;100041;0.02422;450000;10184133296;B
20240423;100042;0.024215;10000;10184133463;B
20240423;100042;0.02422;190000;10184133464;B
20240423;100042;0.024205;1000000;10184133536;S
20240423;100042;0.024205;1000000;10184133568;S
20240423;100042;0.02421;2560000;10184133594;B
20240423;100042;0.02421;1440000;10184133595;B
20240423;100042;0.02421;4000000;10184133597;B
20240423;100042;0.02421;610000;10184133611;B
20240423;100042;0.02421;100000;10184133733;B
20240423;100043;0.02421;18850000;10184133968;B
20240423;100043;0.024215;1000000;10184133969;B
20240423;100043;0.024215;3450000;10184133970;B
20240423;100043;0.024215;10000;10184133971;B
20240423;100043;0.02422;360000;10184133972;B
20240423;100043;0.02422;6000000;10184133973;B
20240423;100043;0.02422;2500000;10184133974;B
20240423;100043;0.024225;4520000;10184133975;B
20240423;100043;0.024225;6000000;10184133976;B
20240423;100043;0.024225;1000000;10184133977;B
20240423;100043;0.02423;1000000;10184133978;B
20240423;100043;0.02423;6000000;10184133979;B
20240423;100043;0.02423;4160000;10184133980;B
20240423;100043;0.02423;8310000;10184133981;B
20240423;100043;0.02423;10000;10184133982;B
20240423;100043;0.02423;6830000;10184133983;B
20240423;100043;0.024225;200000;10184133992;B
20240423;100043;0.024225;800000;10184134020;B
20240423;100043;0.02423;4740000;10184134021;B
20240423;100043;0.024225;400000;10184134083;S
20240423;100043;0.02422;3450000;10184134084;S
20240423;100043;0.02422;1000000;10184134085;S
20240423;100043;0.02422;2000000;10184134086;S
20240423;100043;0.024215;1000000;10184134087;S
20240423;100043;0.02421;1000000;10184134088;S
20240423;100043;0.02421;6000000;10184134089;S
20240423;100043;0.024205;3970000;10184134090;S
20240423;100044;0.02422;10000;10184134172;B
20240423;100044;0.024215;100000;10184134186;S
20240423;100044;0.024215;10000;10184134187;S
20240423;100044;0.02421;1000000;10184134188;S
20240423;100044;0.02421;2390000;10184134189;S
20240423;100044;0.02422;990000;10184134198;B
20240423;100044;0.024225;4160000;10184134199;B
20240423;100044;0.024225;1000000;10184134200;B
20240423;100044;0.024225;3450000;10184134201;B
20240423;100044;0.02423;400000;10184134202;B
20240423;100044;0.024225;1000000;10184134240;B
20240423;100044;0.024225;3000000;10184134241;B
20240423;100044;0.024225;3450000;10184134242;B
20240423;100044;0.02423;600000;10184134243;B
20240423;100044;0.02423;6000000;10184134244;B
20240423;100044;0.02423;8310000;10184134245;B
20240423;100044;0.02423;17640000;10184134246;B
20240423;100044;0.02423;100000;10184134249;B
20240423;100044;0.024215;1000000;10184134302;S
20240423;100045;0.024215;160000;10184134384;S
20240423;100046;0.02421;190000;10184134707;S
20240423;100046;0.02421;30000;10184134779;S
20240423;100046;0.02421;10000;10184134789;S
20240423;100046;0.02421;80000;10184134790;S
20240423;100046;0.024205;10000;10184134791;S
20240423;100046;0.024205;10000;10184134792;S
20240423;100046;0.024205;10000;10184134793;S
20240423;100046;0.024205;10000;10184134794;S
20240423;100046;0.024205;10000;10184134795;S
20240423;100046;0.024205;10000;10184134796;S
20240423;100046;0.024205;1000000;10184134797;S
20240423;100046;0.024205;10000;10184134798;S
20240423;100046;0.024205;10000;10184134799;S
20240423;100046;0.0242;10000;10184134800;S
20240423;100046;0.0242;1000000;10184134801;S
20240423;100046;0.0242;6000000;10184134802;S
20240423;100046;0.0242;1820000;10184134803;S
20240423;100047;0.024205;80000;10184134917;S
20240423;100047;0.02421;20000;10184135018;B
20240423;100047;0.02421;1000000;10184135019;B
20240423;100047;0.024215;10000;10184135020;B
20240423;100047;0.024215;1000000;10184135021;B
20240423;100047;0.024215;1690000;10184135022;B
20240423;100047;0.02421;1000000;10184135038;B
20240423;100047;0.024215;2340000;10184135039;B
20240423;100047;0.02421;1000000;10184135050;B
20240423;100047;0.024215;2000000;10184135051;B
20240423;100047;0.0242;110000;10184135056;S
20240423;100047;0.024205;10000;10184135060;B
20240423;100047;0.024205;40000;10184135063;B
20240423;100047;0.02421;160000;10184135064;B
20240423;100047;0.02421;20000;10184135187;B
20240423;100048;0.024205;890000;10184135247;B
20240423;100048;0.02421;1180000;10184135248;B
20240423;100048;0.02421;10000;10184135288;B
20240423;100048;0.02421;100000;10184135395;B
20240423;100049;0.024205;10000;10184135610;S
20240423;100049;0.02421;2000000;10184135646;B
20240423;100049;0.02421;10000;10184135672;B
20240423;100049;0.02421;10000;10184135678;B
20240423;100050;0.024205;700000;10184135944;S
20240423;100050;0.024205;1850000;10184135975;S
20240423;100050;0.024205;10000;10184135976;S
20240423;100050;0.0242;18070000;10184135977;S
20240423;100050;0.0242;1000000;10184135978;S
20240423;100050;0.0242;3450000;10184135979;S
20240423;100050;0.0242;40000;10184135982;B
20240423;100050;0.024195;10000;10184136058;S
20240423;100050;0.024195;1490000;10184136059;S
20240423;100050;0.02419;1000000;10184136060;S
20240423;100050;0.0242;30000;10184136063;B
20240423;100050;0.02419;100000;10184136098;S
20240423;100050;0.024195;140000;10184136115;B
20240423;100050;0.024195;100000;10184136120;B
20240423;100050;0.024195;100000;10184136121;B
20240423;100050;0.024195;660000;10184136130;B
20240423;100050;0.024195;1790000;10184136131;B
20240423;100050;0.0242;100000;10184136157;B
20240423;100050;0.0242;100000;10184136196;B
20240423;100050;0.0242;100000;10184136212;B
20240423;100051;0.024195;50000;10184136251;B
20240423;100051;0.024195;120000;10184136252;B
20240423;100051;0.024195;100000;10184136283;B
20240423;100051;0.024195;40000;10184136293;B
20240423;100051;0.024195;10000;10184136309;B
20240423;100051;0.024195;100000;10184136317;B
20240423;100051;0.024195;100000;10184136328;B
20240423;100051;0.024195;100000;10184136331;B
20240423;100051;0.024195;100000;10184136332;B
20240423;100051;0.024195;100000;10184136349;B
20240423;100051;0.024195;100000;10184136365;B
20240423;100051;0.024195;100000;10184136467;B
20240423;100051;0.02419;830000;10184136488;S
20240423;100051;0.024195;100000;10184136501;B
20240423;100051;0.024195;100000;10184136502;B
20240423;100051;0.024195;100000;10184136504;B
20240423;100051;0.024195;100000;10184136534;B
20240423;100051;0.024195;2180000;10184136535;B
20240423;100051;0.024195;4000000;10184136536;B
20240423;100052;0.024195;20000;10184136576;B
20240423;100052;0.02419;3800000;10184136764;S
20240423;100052;0.02419;1000000;10184136765;S
20240423;100052;0.02419;10000;10184136766;S
20240423;100052;0.02419;990000;10184136767;S
20240423;100053;0.02419;2000000;10184137109;S
20240423;100054;0.024195;3580000;10184137151;B
20240423;100054;0.024195;4920000;10184137152;B
20240423;100054;0.024195;4000000;10184137184;B
20240423;100054;0.024195;810000;10184137185;B
20240423;100054;0.024195;3190000;10184137186;B
20240423;100054;0.024195;3000000;10184137311;B
20240423;100054;0.0242;2400000;10184137312;B
20240423;100054;0.024195;3000000;10184137313;B
20240423;100054;0.0242;900000;10184137314;B
20240423;100054;0.0242;700000;10184137315;B
20240423;100054;0.0242;700000;10184137316;B
20240423;100055;0.024195;30000;10184137510;S
20240423;100055;0.024195;200000;10184137715;S
20240423;100056;0.0242;40000;10184137735;B
20240423;100056;0.0242;4000000;10184137854;B
20240423;100056;0.0242;10000000;10184137864;B
20240423;100056;0.024195;10000;10184137923;S
20240423;100056;0.0242;14300000;10184137944;B
20240423;100056;0.0242;7000000;10184137945;B
20240423;100056;0.0242;250000;10184137946;B
20240423;100056;0.024205;1000000;10184137947;B
20240423;100056;0.024205;11150000;10184137948;B
20240423;100056;0.024205;3000000;10184137949;B
20240423;100056;0.02421;4820000;10184137950;B
20240423;100056;0.02421;4480000;10184137951;B
20240423;100057;0.024205;2000000;10184138090;B
20240423;100057;0.024205;1700000;10184138273;B
20240423;100058;0.024205;10000;10184138319;B
20240423;100058;0.0242;400000;10184138344;S
20240423;100058;0.0242;10000;10184138352;S
20240423;100058;0.0242;1000000;10184138392;S
20240423;100058;0.024205;100000;10184138582;B
20240423;100058;0.024205;3910000;10184138611;B
20240423;100058;0.024205;3430000;10184138612;B
20240423;100058;0.02421;10000;10184138613;B
20240423;100058;0.02421;60000;10184138614;B
20240423;100058;0.02421;10000;10184138615;B
20240423;100058;0.024215;40000;10184138616;B
20240423;100058;0.02421;1000000;10184138619;S
20240423;100058;0.024205;1000000;10184138620;S
20240423;100058;0.024205;1000000;10184138621;S
20240423;100059;0.024205;50000;10184138728;S
20240423;100059;0.024215;10000;10184138859;B
20240423;100059;0.024215;10000;10184138860;B
20240423;100059;0.024215;10000;10184138861;B
20240423;100059;0.024215;2030000;10184138862;B
20240423;100059;0.024215;10000;10184138929;B
20240423;100100;0.02421;4130000;10184138989;S
20240423;100100;0.02421;50000;10184139048;S
20240423;100100;0.024215;23480000;10184139109;B
20240423;100100;0.024215;400000;10184139110;B
20240423;100100;0.024215;11150000;10184139111;B
20240423;100100;0.024215;3450000;10184139112;B
20240423;100100;0.024215;2720000;10184139113;B
20240423;100100;0.024215;10000;10184139114;B
20240423;100100;0.02422;1000000;10184139115;B
20240423;100100;0.02422;6000000;10184139116;B
20240423;100100;0.02422;3000000;10184139117;B
20240423;100100;0.02422;3000000;10184139118;B
20240423;100100;0.02422;3000000;10184139119;B
20240423;100100;0.024225;640000;10184139120;B
20240423;100100;0.02421;950000;10184139182;S
20240423;100100;0.02421;4050000;10184139183;S
20240423;100100;0.02422;10000;10184139225;B
20240423;100100;0.02421;10000;10184139240;S
20240423;100100;0.02421;990000;10184139252;S
20240423;100100;0.02421;1960000;10184139253;S
20240423;100100;0.02421;20000;10184139262;S
20240423;100100;0.02421;2180000;10184139293;S
20240423;100100;0.02421;820000;10184139294;S
20240423;100101;0.024215;50000;10184139400;S
20240423;100101;0.02422;1740000;10184139401;B
20240423;100101;0.024215;50000;10184139442;S
20240423;100101;0.024215;50000;10184139483;S
20240423;100101;0.02422;260000;10184139492;B
20240423;100101;0.024215;20000;10184139500;S
20240423;100101;0.024215;10000;10184139533;S
20240423;100101;0.02422;9140000;10184139587;B
20240423;100101;0.02422;3450000;10184139588;B
20240423;100101;0.02422;1000000;10184139589;B
20240423;100101;0.02422;3000000;10184139590;B
20240423;100101;0.02422;4990000;10184139591;B
20240423;100101;0.024225;360000;10184139592;B
20240423;100101;0.024225;3060000;10184139593;B
20240423;100101;0.024215;320000;10184139628;S
20240423;100101;0.024215;100000;10184139629;S
20240423;100101;0.02421;580000;10184139630;S
20240423;100102;0.02422;4000000;10184139805;B
20240423;100102;0.02422;4000000;10184139808;B
20240423;100102;0.02421;40000;10184139867;S
20240423;100102;0.02421;10000;10184139868;S
20240423;100102;0.02421;40000;10184139869;S
20240423;100102;0.02421;50000;10184139919;S
20240423;100102;0.02421;280000;10184139943;S
20240423;100102;0.02421;40000;10184139944;S
20240423;100102;0.02421;4990000;10184139945;S
20240423;100102;0.024205;950000;10184139946;S
20240423;100102;0.024205;10000000;10184139947;S
20240423;100102;0.024205;8310000;10184139948;S
20240423;100102;0.024205;6000000;10184139949;S
20240423;100102;0.024205;29210000;10184139950;S
20240423;100102;0.024205;220000;10184139951;S
20240423;100103;0.024205;40000;10184140019;S
20240423;100103;0.024215;500000;10184140029;B
20240423;100103;0.024205;40000;10184140039;S
20240423;100103;0.024205;250000;10184140207;S
20240423;100103;0.024205;40000;10184140270;S
20240423;100103;0.024205;40000;10184140292;S
20240423;100103;0.02421;5000000;10184140308;B
20240423;100104;0.02421;500000;10184140327;B
20240423;100104;0.024205;3590000;10184140331;S
20240423;100104;0.024205;10000;10184140332;S
20240423;100104;0.024205;1000000;10184140333;S
20240423;100104;0.024205;5560000;10184140334;S
20240423;100104;0.024205;50000;10184140343;S
20240423;100104;0.02421;100000;10184140392;B
20240423;100104;0.02421;3900000;10184140403;B
20240423;100104;0.02421;4000000;10184140410;B
20240423;100104;0.02421;4000000;10184140412;B
20240423;100104;0.02421;2500000;10184140437;B
20240423;100104;0.02421;50000;10184140438;B
20240423;100104;0.02421;2740000;10184140439;B
20240423;100104;0.024215;500000;10184140440;B
20240423;100104;0.024215;3000000;10184140441;B
20240423;100104;0.024215;4160000;10184140442;B
20240423;100104;0.02422;1000000;10184140443;B
20240423;100104;0.02422;10000;10184140444;B
20240423;100104;0.02422;1040000;10184140445;B
20240423;100104;0.02422;1960000;10184140465;B
20240423;100104;0.02422;3000000;10184140466;B
20240423;100104;0.02422;3000000;10184140467;B
20240423;100104;0.02422;1000000;10184140468;B
20240423;100104;0.024225;100000;10184140469;B
20240423;100104;0.024225;1000000;10184140470;B
20240423;100104;0.024225;4080000;10184140471;B
20240423;100105;0.02421;1000000;10184140511;S
20240423;100105;0.02421;40000;10184140512;S
20240423;100105;0.02421;2010000;10184140571;B
20240423;100105;0.02421;500000;10184140575;B
20240423;100105;0.02421;100000;10184140586;B
20240423;100105;0.024205;150000;10184140693;S
20240423;100105;0.02421;10000;10184140757;B
20240423;100106;0.02421;240000;10184140810;B
20240423;100106;0.024205;2000000;10184140971;S
20240423;100107;0.024205;20000;10184141034;S
20240423;100107;0.02421;30000;10184141101;B
20240423;100107;0.024205;980000;10184141132;S
20240423;100107;0.024205;2000000;10184141133;S
20240423;100107;0.024205;8230000;10184141134;S
20240423;100107;0.0242;30000;10184141168;S
20240423;100107;0.02421;3070000;10184141182;B
20240423;100107;0.02421;930000;10184141183;B
20240423;100107;0.02421;1950000;10184141184;B
20240423;100107;0.02421;30000;10184141219;B
20240423;100108;0.0242;10000;10184141256;S
20240423;100108;0.024205;10000;10184141380;S
20240423;100108;0.02421;500000;10184141441;B
20240423;100108;0.02421;100000;10184141530;B
20240423;100109;0.02421;6490000;10184141580;B
20240423;100109;0.02421;1400000;10184141581;B
20240423;100109;0.02421;20000;10184141698;B
20240423;100109;0.02421;20000;10184141700;B
20240423;100109;0.02421;300000;10184141703;B
20240423;100109;0.02421;2090000;10184141704;B
20240423;100109;0.02421;300000;10184141705;B
20240423;100109;0.02421;2750000;10184141706;B
20240423;100109;0.024215;1000000;10184141707;B
20240423;100109;0.024215;3450000;10184141708;B
20240423;100109;0.024215;500000;10184141709;B
20240423;100109;0.024215;10000;10184141713;B
20240423;100109;0.02421;10000;10184141715;S
20240423;100109;0.024215;100000;10184141716;B
20240423;100109;0.024215;10000;10184141719;B
20240423;100109;0.024215;100000;10184141721;B
20240423;100109;0.024215;100000;10184141722;B
20240423;100109;0.024215;100000;10184141740;B
20240423;100110;0.024215;100000;10184141757;B
20240423;100110;0.02421;80000;10184141823;S
20240423;100110;0.02421;100000;10184141869;S
20240423;100110;0.02421;240000;10184141920;S
20240423;100111;0.02421;100000;10184141994;S
20240423;100111;0.024215;4000000;10184142112;B
20240423;100111;0.024215;4000000;10184142114;B
20240423;100111;0.024215;900000;10184142155;B
20240423;100112;0.024215;390000;10184142352;B
20240423;100112;0.024215;4120000;10184142372;B
20240423;100113;0.024215;410000;10184142380;B
20240423;100113;0.02421;4130000;10184142410;S
20240423;100113;0.024215;400000;10184142423;B
20240423;100113;0.02421;100000;10184142427;S
20240423;100113;0.02421;1000000;10184142456;S
20240423;100113;0.024215;1000000;10184142505;B
20240423;100113;0.02421;10000;10184142510;S
20240423;100114;0.02421;410000;10184142586;S
20240423;100114;0.024215;4000000;10184142615;B
20240423;100114;0.024215;4000000;10184142616;B
20240423;100114;0.024215;2410000;10184142673;B
20240423;100115;0.02421;500000;10184142815;S
20240423;100115;0.024215;3600000;10184142830;B
20240423;100115;0.024215;100000;10184142861;B
20240423;100115;0.024215;100000;10184142910;B
20240423;100115;0.024215;9550000;10184142974;B
20240423;100115;0.024215;2830000;10184142975;B
20240423;100115;0.024215;600000;10184142976;B
20240423;100115;0.02422;1000000;10184142977;B
20240423;100115;0.02422;20000;10184142978;B
20240423;100115;0.02422;1000000;10184142979;B
20240423;100115;0.024215;1000000;10184142994;S
20240423;100116;0.024215;10000;10184143040;S
20240423;100116;0.02422;1000000;10184143078;B
20240423;100116;0.024215;10000;10184143081;S
20240423;100116;0.024215;100000;10184143186;S
20240423;100116;0.02421;700000;10184143187;S
20240423;100116;0.02422;20000;10184143201;B
20240423;100117;0.02421;300000;10184143229;S
20240423;100117;0.02421;1350000;10184143230;S
20240423;100117;0.02421;8310000;10184143231;S
20240423;100117;0.02421;40000;10184143232;S
20240423;100117;0.02422;500000;10184143238;B
20240423;100117;0.02422;20000;10184143304;B
20240423;100117;0.02422;20000;10184143345;B
20240423;100117;0.02421;20000;10184143347;S
20240423;100117;0.02422;1000000;10184143414;B
20240423;100117;0.024215;10000;10184143442;B
20240423;100117;0.024215;20000;10184143461;S
20240423;100117;0.024215;10000;10184143462;S
20240423;100117;0.024215;130000;10184143463;S
20240423;100117;0.024215;17580000;10184143484;S
20240423;100118;0.02422;1440000;10184143609;B
20240423;100118;0.02422;2800000;10184143610;B
20240423;100118;0.02422;3000000;10184143611;B
20240423;100118;0.02422;3450000;10184143612;B
20240423;100118;0.02422;4990000;10184143613;B
20240423;100118;0.024225;2320000;10184143614;B
20240423;100118;0.02422;250000;10184143644;B
20240423;100118;0.02422;2750000;10184143679;B
20240423;100118;0.02422;770000;10184143680;B
20240423;100118;0.02422;2230000;10184143681;B
20240423;100118;0.02422;1770000;10184143682;B
20240423;100118;0.024215;160000;10184143708;S
20240423;100119;0.024215;10000;10184143710;S
20240423;100119;0.02422;300000;10184143800;B
20240423;100119;0.02422;100000;10184143829;B
20240423;100119;0.02422;100000;10184143838;B
20240423;100119;0.024215;200000;10184143844;S
20240423;100120;0.02422;100000;10184143888;B
20240423;100120;0.02422;100000;10184143889;B
20240423;100120;0.02422;100000;10184143930;B
20240423;100120;0.024215;5000000;10184143949;S
20240423;100120;0.02422;90000;10184143998;B
20240423;100120;0.02422;100000;10184144053;B
20240423;100121;0.02422;100000;10184144075;B
20240423;100121;0.024215;5880000;10184144078;S
20240423;100121;0.024215;1000000;10184144079;S
20240423;100121;0.02421;3120000;10184144080;S
20240423;100121;0.02422;400000;10184144100;B
20240423;100121;0.02421;50000;10184144108;S
20240423;100121;0.02422;100000;10184144156;B
20240423;100121;0.02421;700000;10184144192;S
20240423;100121;0.024215;100000;10184144241;B
20240423;100122;0.024215;100000;10184144307;B
20240423;100122;0.024215;100000;10184144308;B
20240423;100122;0.024215;100000;10184144311;B
20240423;100122;0.02421;2780000;10184144315;B
20240423;100122;0.02421;3450000;10184144316;B
20240423;100122;0.024215;2770000;10184144317;B
20240423;100122;0.024215;100000;10184144358;B
20240423;100122;0.024215;130000;10184144360;B
20240423;100122;0.024215;3000000;10184144361;B
20240423;100122;0.024215;870000;10184144362;B
20240423;100122;0.024215;2130000;10184144365;B
20240423;100122;0.024215;1870000;10184144366;B
20240423;100122;0.024205;100000;10184144378;S
20240423;100122;0.02422;30000;10184144406;B
