<DATE>;<TIME>;<LAST>;<VOL>;<ID>;<OPER>
20240418;095948;0.02377;220000;10142458679;S
20240418;095948;0.02377;780000;10142458680;B
20240418;095948;0.02377;10000;10142458681;S
20240418;095948;0.02377;140000;10142458682;S
20240418;095948;0.02377;70000;10142458683;S
20240418;095948;0.02377;140000;10142458684;S
20240418;095948;0.02377;170000;10142458685;S
20240418;095948;0.02377;30000;10142458686;S
20240418;095948;0.02377;50000;10142458687;S
20240418;095948;0.02377;230000;10142458688;S
20240418;095948;0.02377;50000;10142458689;S
20240418;095948;0.02377;70000;10142458690;S
20240418;095948;0.02377;2430000;10142458691;S
20240418;095948;0.02377;10000;10142458692;B
20240418;095948;0.02377;10000;10142458693;B
20240418;095948;0.02377;30000;10142458694;B
20240418;095948;0.02377;30000;10142458695;B
20240418;095948;0.02377;10000;10142458696;B
20240418;095948;0.02377;20000;10142458697;B
20240418;095948;0.02377;10000;10142458698;B
20240418;095948;0.02377;10000;10142458699;B
20240418;095948;0.02377;10000;10142458700;B
20240418;095948;0.02377;20000;10142458701;B
20240418;095948;0.02377;10000;10142458702;B
20240418;095948;0.02377;20000;10142458703;B
20240418;095948;0.02377;10000;10142458704;B
20240418;095948;0.02377;50000;10142458705;B
20240418;095948;0.02377;10000;10142458706;B
20240418;095948;0.02377;10000;10142458707;B
20240418;095948;0.02377;10000;10142458708;S
20240418;095948;0.02377;10000;10142458709;S
20240418;095948;0.02377;20000;10142458710;S
20240418;095948;0.02377;80000;10142458711;S
20240418;095948;0.02377;10000;10142458712;S
20240418;095948;0.02377;10000;10142458713;B
20240418;095948;0.02377;10000;10142458714;B
20240418;095948;0.02377;40000;10142458715;B
20240418;095948;0.02377;30000;10142458716;B
20240418;095948;0.02377;10000;10142458717;B
20240418;095948;0.02377;50000;10142458718;B
20240418;095948;0.02377;50000;10142458719;B
20240418;095948;0.02377;30000;10142458720;B
20240418;095948;0.02377;20000;10142458721;B
20240418;095948;0.02377;10000;10142458722;B
20240418;095948;0.02377;10000;10142458723;B
20240418;095948;0.02377;2000000;10142458724;S
20240418;095948;0.02377;1930000;10142458725;S
20240418;095948;0.02377;200000;10142458726;S
20240418;095948;0.02377;10000;10142458727;B
20240418;095948;0.02377;1860000;10142458728;S
20240418;095948;0.02377;40000;10142458729;S
20240418;095948;0.02377;110000;10142458730;S
20240418;095948;0.02377;2990000;10142458731;S
20240418;095948;0.02377;400000;10142458732;B
20240418;095948;0.02377;400000;10142458733;B
20240418;095948;0.02377;10000;10142458734;S
20240418;095948;0.02377;1000000;10142458735;S
20240418;095948;0.02377;10000;10142458736;S
20240418;095948;0.02377;130000;10142458737;B
20240418;095948;0.02377;10000;10142458738;S
20240418;095948;0.02377;10000;10142458739;B
20240418;095948;0.02377;120000;10142458740;S
20240418;095948;0.02377;500000;10142458741;B
20240418;100001;0.02376;570000;10142462547;S
20240418;100001;0.023765;10000;10142463161;B
20240418;100001;0.02376;500000;10142463229;S
20240418;100001;0.023765;10000;10142463295;B
20240418;100002;0.02376;1980000;10142463424;S
20240418;100002;0.023765;10000;10142463484;B
20240418;100002;0.02376;10000;10142463700;S
20240418;100004;0.02376;40000;10142465305;S
20240418;100005;0.023765;30000;10142465791;B
20240418;100005;0.023765;10000;10142465881;B
20240418;100005;0.023765;150000;10142465988;B
20240418;100005;0.023765;10000;10142466129;B
20240418;100005;0.023765;10000;10142466167;B
20240418;100005;0.023765;760000;10142466184;B
20240418;100005;0.023765;3240000;10142466185;B
20240418;100006;0.02376;220000;10142466230;S
20240418;100006;0.023765;10000;10142466798;B
20240418;100006;0.023765;10000;10142466810;B
20240418;100006;0.02376;10000;10142466815;S
20240418;100006;0.023765;10000;10142466827;B
20240418;100006;0.02376;10000;10142467099;S
20240418;100006;0.02376;10000;10142467102;S
20240418;100006;0.023765;220000;10142467105;B
20240418;100006;0.02376;50000;10142467107;S
20240418;100006;0.02376;50000;10142467109;S
20240418;100006;0.02376;10000;10142467113;S
20240418;100007;0.02376;10000;10142467273;S
20240418;100007;0.023765;10000;10142467274;B
20240418;100007;0.023765;10000;10142467279;B
20240418;100007;0.023765;10000;10142467283;B
20240418;100007;0.023765;10000;10142467288;B
20240418;100007;0.023765;10000;10142467290;B
20240418;100007;0.023765;10000;10142467292;B
20240418;100007;0.02376;30000;10142467629;S
20240418;100007;0.023765;10000;10142467860;B
20240418;100007;0.02376;80000;10142467861;S
20240418;100007;0.02376;10000;10142467862;S
20240418;100007;0.023765;10000;10142467863;B
20240418;100007;0.02376;10000;10142467864;S
20240418;100007;0.02376;10000;10142467865;S
20240418;100007;0.023765;10000;10142467866;B
20240418;100007;0.023765;10000;10142467867;B
20240418;100007;0.023765;10000;10142467868;B
20240418;100007;0.023765;10000;10142467869;B
20240418;100007;0.023765;10000;10142467872;B
20240418;100007;0.023765;10000;10142467873;B
20240418;100007;0.023765;10000;10142467874;B
20240418;100007;0.02376;220000;10142467875;S
20240418;100007;0.023765;10000;10142467876;B
20240418;100007;0.023765;10000;10142467877;B
20240418;100007;0.02376;7530000;10142467959;S
20240418;100008;0.02376;10000;10142468130;B
20240418;100008;0.023765;10000;10142468261;B
20240418;100008;0.023765;10000;10142468268;B
20240418;100008;0.02376;40000;10142468277;S
20240418;100008;0.02376;10000;10142468283;S
20240418;100008;0.02376;10000;10142468288;S
20240418;100008;0.02376;50000;10142468301;S
20240418;100008;0.02376;10000;10142468302;S
20240418;100008;0.023765;10000;10142468304;B
20240418;100008;0.023765;10000;10142468305;B
20240418;100008;0.02377;430000;10142468387;B
20240418;100008;0.02377;10000;10142468401;B
20240418;100008;0.02377;10000;10142468403;B
20240418;100008;0.02376;60000;10142468405;S
20240418;100008;0.02377;10000;10142468415;B
20240418;100008;0.02376;40000;10142468418;S
20240418;100008;0.02377;40000;10142468520;B
20240418;100008;0.02377;10000;10142468521;B
20240418;100008;0.02377;10000;10142468522;B
20240418;100008;0.02376;10000;10142468523;S
20240418;100008;0.02376;120000;10142468524;S
20240418;100008;0.02377;10000;10142468525;B
20240418;100008;0.02377;10000;10142468526;B
20240418;100008;0.02377;10000;10142468527;B
20240418;100008;0.02377;10000;10142468529;B
20240418;100008;0.023765;40000;10142468778;B
20240418;100008;0.023765;100000;10142468779;B
20240418;100008;0.023765;10000;10142468780;B
20240418;100008;0.023765;10000;10142468781;B
20240418;100008;0.023765;60000;10142468782;B
20240418;100008;0.02376;10000;10142468784;S
20240418;100008;0.023765;10000;10142468785;B
20240418;100008;0.023765;10000;10142468786;B
20240418;100008;0.02376;40000;10142468787;S
20240418;100008;0.023765;10000;10142468788;B
20240418;100008;0.02376;50000;10142468861;S
20240418;100008;0.023765;10000;10142468863;B
20240418;100008;0.02376;10000;10142468865;S
20240418;100009;0.023765;10000;10142468868;B
20240418;100009;0.023765;10000;10142468872;B
20240418;100009;0.023765;10000;10142468879;B
20240418;100009;0.02376;10000;10142468891;S
20240418;100009;0.023765;10000;10142468894;B
20240418;100009;0.02376;10000;10142468898;S
20240418;100009;0.023765;40000;10142468904;B
20240418;100009;0.02376;10000;10142468908;S
20240418;100009;0.023765;10000;10142468912;B
20240418;100009;0.02376;10000;10142468915;S
20240418;100009;0.023765;10000;10142468967;B
20240418;100009;0.02376;10000;10142468978;S
20240418;100009;0.02376;100000;10142468986;S
20240418;100009;0.023765;20000;10142468992;B
20240418;100009;0.02376;10000;10142469753;S
20240418;100009;0.023765;10000;10142469756;B
20240418;100009;0.023765;10000;10142469757;B
20240418;100009;0.023765;10000;10142469759;B
20240418;100009;0.023765;10000;10142469760;B
20240418;100009;0.02376;20000;10142469762;S
20240418;100009;0.02376;30000;10142469763;S
20240418;100009;0.023765;10000;10142469765;B
20240418;100009;0.02376;10000;10142469766;S
20240418;100009;0.023765;10000;10142470147;B
20240418;100009;0.023765;10000;10142470148;B
20240418;100009;0.02376;10000;10142470149;S
20240418;100009;0.023765;10000;10142470150;B
20240418;100009;0.023765;10000;10142470151;B
20240418;100009;0.023765;10000;10142470152;B
20240418;100009;0.023765;10000;10142470153;B
20240418;100009;0.023765;10000;10142470154;B
20240418;100009;0.02376;10000;10142470155;S
20240418;100009;0.023765;10000;10142470174;B
20240418;100010;0.023765;10000;10142470366;B
20240418;100010;0.023765;20000;10142470371;B
20240418;100010;0.023765;10000;10142470372;B
20240418;100010;0.023765;10000;10142470373;B
20240418;100010;0.02376;10000;10142470376;S
20240418;100010;0.023765;10000;10142470378;B
20240418;100010;0.023765;10000;10142470381;B
20240418;100010;0.02376;20000;10142470383;S
20240418;100010;0.02376;10000;10142470618;S
20240418;100010;0.023765;10000;10142470787;B
20240418;100010;0.023765;10000;10142470796;B
20240418;100010;0.023765;10000;10142470806;B
20240418;100010;0.023765;10000;10142470814;B
20240418;100010;0.023765;10000;10142470821;B
20240418;100010;0.023765;10000;10142470828;B
20240418;100010;0.023765;10000;10142470839;B
20240418;100010;0.023765;40000;10142470843;B
20240418;100010;0.02376;20000;10142470859;S
20240418;100010;0.023765;10000;10142470862;B
20240418;100010;0.023765;50000;10142470863;B
20240418;100010;0.023765;20000;10142470867;B
20240418;100010;0.023765;10000;10142470868;B
20240418;100010;0.02376;20000;10142470869;S
20240418;100010;0.023765;50000;10142470880;B
20240418;100010;0.023765;10000;10142470881;B
20240418;100010;0.023765;10000;10142470882;B
20240418;100010;0.02376;10000;10142470883;S
20240418;100010;0.023765;500000;10142470887;B
20240418;100010;0.023765;10000;10142470888;B
20240418;100010;0.023765;10000;10142470889;B
20240418;100010;0.02376;10000;10142471042;S
20240418;100010;0.02376;10000;10142471044;S
20240418;100010;0.023765;10000;10142471048;B
20240418;100010;0.023765;10000;10142471050;B
20240418;100010;0.023765;10000;10142471051;B
20240418;100010;0.023765;10000;10142471052;B
20240418;100010;0.023765;700000;10142471058;B
20240418;100010;0.023765;10000;10142471059;B
20240418;100010;0.023765;10000;10142471061;B
20240418;100010;0.023765;80000;10142471062;B
20240418;100010;0.02376;20000;10142471064;S
20240418;100010;0.023765;40000;10142471065;B
20240418;100010;0.02376;10000;10142471067;S
20240418;100010;0.02376;30000;10142471071;S
20240418;100010;0.02376;30000;10142471465;S
20240418;100010;0.023765;10000;10142471466;B
20240418;100010;0.023765;10000;10142471468;B
20240418;100010;0.023765;10000;10142471470;B
20240418;100010;0.02376;120000;10142471474;S
20240418;100010;0.023765;10000;10142471476;B
20240418;100010;0.023765;10000;10142471478;B
20240418;100010;0.023765;10000;10142471480;B
20240418;100010;0.023765;10000;10142471482;B
20240418;100010;0.023765;10000;10142471660;B
20240418;100010;0.023765;50000;10142471663;B
20240418;100010;0.02376;10000;10142471667;S
20240418;100010;0.02376;10000;10142471675;S
20240418;100010;0.02376;10000;10142471679;S
20240418;100010;0.02376;40000;10142471687;S
20240418;100010;0.023765;20000;10142471689;B
20240418;100010;0.02376;20000;10142471690;S
20240418;100010;0.023765;10000;10142471692;B
20240418;100010;0.023765;40000;10142471700;B
20240418;100010;0.023765;10000;10142471701;B
20240418;100010;0.02376;10000;10142471705;S
20240418;100010;0.023765;20000;10142471711;B
20240418;100010;0.023765;10000;10142471713;B
20240418;100010;0.023765;10000;10142471715;B
20240418;100010;0.023765;10000;10142471716;B
20240418;100010;0.023765;10000;10142471717;B
20240418;100010;0.023765;20000;10142471718;B
20240418;100010;0.02376;20000;10142471722;S
20240418;100010;0.02376;50000;10142471724;S
20240418;100010;0.02376;10000;10142471725;S
20240418;100011;0.02376;30000;10142471999;S
20240418;100011;0.023765;10000;10142472053;B
20240418;100011;0.023765;10000;10142472089;B
20240418;100011;0.023765;80000;10142472139;B
20240418;100012;0.02376;10000;10142472774;S
20240418;100012;0.023765;10000;10142472788;B
20240418;100012;0.02376;90000;10142472789;S
20240418;100012;0.023765;10000;10142472790;B
20240418;100012;0.023765;10000;10142472791;B
20240418;100012;0.023765;10000;10142472792;B
20240418;100012;0.02376;50000;10142472793;S
20240418;100012;0.023765;10000;10142472794;B
20240418;100012;0.02376;10000;10142472795;S
20240418;100012;0.02376;10000;10142472796;S
20240418;100013;0.02376;10000;10142473129;S
20240418;100014;0.02376;80000;10142473311;S
20240418;100014;0.02376;640000;10142473334;S
20240418;100014;0.023765;630000;10142473336;B
20240418;100014;0.02376;200000;10142473373;S
20240418;100014;0.02376;2000000;10142473478;S
20240418;100015;0.02376;2940000;10142473611;S
20240418;100015;0.023765;10000;10142473627;B
20240418;100016;0.02376;1200000;10142473896;S
20240418;100016;0.02376;10000;10142473973;S
20240418;100016;0.023765;50000;10142474008;B
20240418;100016;0.02376;680000;10142474063;S
20240418;100017;0.02376;10000;10142474275;S
20240418;100017;0.02376;10000;10142474312;S
20240418;100019;0.02376;60000;10142474728;S
20240418;100020;0.02376;50000;10142475312;S
20240418;100022;0.02376;2070000;10142475624;S
20240418;100022;0.02376;360000;10142475625;S
20240418;100022;0.02376;390000;10142475626;S
20240418;100022;0.02376;260000;10142475627;S
20240418;100022;0.02376;120000;10142475628;S
20240418;100022;0.02376;100000;10142475629;S
20240418;100022;0.02376;30000;10142475659;B
20240418;100023;0.023755;10000000;10142475883;S
20240418;100023;0.023755;8150000;10142475884;S
20240418;100023;0.023755;310000;10142475885;S
20240418;100023;0.023755;11360000;10142475886;S
20240418;100023;0.023755;310000;10142475887;S
20240418;100023;0.02375;5900000;10142475888;S
20240418;100023;0.02375;3450000;10142475889;S
20240418;100023;0.02375;1320000;10142475890;S
20240418;100023;0.02375;1000000;10142475891;S
20240418;100023;0.023745;1000000;10142475892;S
20240418;100023;0.023745;5900000;10142475893;S
20240418;100023;0.023745;80000;10142475894;S
20240418;100023;0.023745;150000;10142475895;S
20240418;100023;0.023745;310000;10142475896;S
20240418;100023;0.02374;1000000;10142475897;S
20240418;100023;0.02374;5900000;10142475898;S
20240418;100023;0.02374;5860000;10142475899;S
20240418;100023;0.02375;3450000;10142475906;B
20240418;100023;0.02375;1000000;10142475907;B
20240418;100023;0.02375;1000000;10142475909;S
20240418;100024;0.02375;20000;10142476065;S
20240418;100024;0.02375;10000;10142476116;S
20240418;100024;0.023755;10000;10142476123;B
20240418;100025;0.023755;40000;10142476207;B
20240418;100027;0.023755;250000;10142477050;B
20240418;100028;0.02375;10000;10142477312;S
20240418;100028;0.02375;1360000;10142477350;S
20240418;100028;0.02375;3390000;10142477351;S
20240418;100029;0.023755;200000;10142477492;B
20240418;100031;0.023755;130000;10142478294;B
20240418;100033;0.023755;10000;10142478559;B
20240418;100035;0.02375;10000;10142478919;S
20240418;100035;0.023755;50000;10142478921;B
20240418;100035;0.023755;120000;10142478992;B
20240418;100036;0.02375;1280000;10142479248;S
20240418;100037;0.023755;100000;10142479594;B
20240418;100037;0.023755;500000;10142479634;B
20240418;100038;0.02375;2110000;10142479947;S
20240418;100038;0.02375;10000000;10142479948;S
20240418;100038;0.02375;240000;10142479949;S
20240418;100038;0.02375;3450000;10142479950;S
20240418;100038;0.02375;50000;10142479951;S
20240418;100038;0.023745;1000000;10142479952;S
20240418;100038;0.023745;60000;10142480051;S
20240418;100040;0.023745;10000000;10142480670;S
20240418;100040;0.023745;2000000;10142480671;S
20240418;100040;0.023745;4940000;10142480672;S
20240418;100041;0.02374;1640000;10142480714;S
20240418;100041;0.02374;3360000;10142480715;S
20240418;100041;0.02374;8060000;10142480716;S
20240418;100044;0.02374;5000000;10142481705;S
20240418;100045;0.023745;500000;10142481917;B
20240418;100045;0.02374;400000;10142481955;S
20240418;100047;0.023745;20000;10142482404;B
20240418;100048;0.023745;10000;10142482633;B
20240418;100051;0.02374;20000;10142483320;S
20240418;100054;0.023745;470000;10142484146;B
20240418;100054;0.023745;240000;10142484147;B
20240418;100055;0.023745;70000;10142484338;B
20240418;100056;0.02374;1580000;10142484641;S
20240418;100056;0.02374;3420000;10142484642;S
20240418;100057;0.023745;10000;10142485340;B
20240418;100059;0.023745;20000;10142485980;B
20240418;100100;0.023745;10000;10142486080;B
20240418;100101;0.023745;10000;10142486433;B
20240418;100102;0.02374;10000;10142486856;S
20240418;100102;0.023745;80000;10142486864;B
20240418;100105;0.02374;20000;10142487689;S
20240418;100107;0.023745;10000;10142488092;B
20240418;100107;0.02374;4050000;10142488169;S
20240418;100107;0.02374;10000000;10142488170;S
20240418;100107;0.02374;5000000;10142488171;S
20240418;100107;0.02374;2000000;10142488172;S
20240418;100107;0.02374;30000;10142488173;S
20240418;100107;0.02374;2910000;10142488174;S
20240418;100107;0.02374;10000;10142488175;S
20240418;100107;0.02374;2000000;10142488176;S
20240418;100107;0.023735;80000;10142488177;S
20240418;100107;0.02374;1000000;10142488178;S
20240418;100107;0.02374;7500000;10142488231;S
20240418;100107;0.02374;5000000;10142488232;S
20240418;100107;0.02374;10000000;10142488233;S
20240418;100107;0.02374;2000000;10142488234;S
20240418;100107;0.023735;1000000;10142488235;S
20240418;100107;0.02374;2000000;10142488236;B
20240418;100108;0.023735;7500000;10142488339;S
20240418;100108;0.023735;10000000;10142488340;S
20240418;100108;0.023735;5000000;10142488341;S
20240418;100108;0.023735;2000000;10142488342;S
20240418;100108;0.02373;1000000;10142488343;S
20240418;100108;0.02373;10000;10142488344;S
20240418;100108;0.02373;10000;10142488345;S
20240418;100108;0.02373;10000;10142488346;S
20240418;100108;0.02373;3450000;10142488347;S
20240418;100108;0.02373;4990000;10142488348;S
20240418;100108;0.023725;10000;10142488349;S
20240418;100108;0.023725;10000;10142488350;S
20240418;100108;0.023725;10000000;10142488351;S
20240418;100108;0.023725;1000000;10142488352;S
20240418;100108;0.023725;5900000;10142488353;S
20240418;100108;0.023725;1360000;10142488354;S
20240418;100108;0.023735;1000000;10142488355;B
20240418;100108;0.02373;1040000;10142488356;S
20240418;100108;0.023735;3450000;10142488357;B
20240418;100108;0.023735;1550000;10142488358;B
20240418;100108;0.023735;1000000;10142488359;B
20240418;100108;0.023735;4060000;10142488360;B
20240418;100108;0.023735;940000;10142488361;B
20240418;100108;0.023735;60000;10142488362;B
20240418;100109;0.02374;1000000;10142488547;B
20240418;100111;0.02374;50000;10142488796;B
20240418;100111;0.02374;40000;10142488836;B
20240418;100111;0.023735;130000;10142488895;S
20240418;100112;0.023735;10000;10142489104;S
20240418;100113;0.02374;10000;10142489195;B
20240418;100113;0.023735;800000;10142489277;S
20240418;100113;0.023735;4400000;10142489278;S
20240418;100113;0.023735;1750000;10142489279;S
20240418;100113;0.023735;7650000;10142489287;S
20240418;100113;0.023735;7920000;10142489288;S
20240418;100113;0.023735;2000000;10142489289;S
20240418;100113;0.023735;4000000;10142489290;B
20240418;100113;0.023735;3450000;10142489291;B
20240418;100113;0.023735;5060000;10142489292;B
20240418;100114;0.023735;30000;10142489385;B
20240418;100115;0.02373;680000;10142489693;S
20240418;100116;0.02373;90000;10142489779;S
20240418;100116;0.02373;230000;10142489857;S
20240418;100116;0.023725;280000;10142489858;S
20240418;100117;0.023735;1000000;10142490158;B
20240418;100123;0.023735;10000;10142491428;B
20240418;100123;0.023735;10000;10142491436;B
20240418;100123;0.02373;1000000;10142491459;S
20240418;100124;0.02373;1000000;10142491551;B
20240418;100125;0.023725;400000;10142491607;S
20240418;100125;0.02373;2000000;10142491608;B
20240418;100125;0.02373;20000;10142491671;B
20240418;100125;0.023725;1000000;10142491707;S
20240418;100126;0.02373;30000;10142491841;B
20240418;100127;0.02373;10000;10142492088;B
20240418;100127;0.02373;1940000;10142492127;B
20240418;100127;0.02373;60000;10142492128;B
20240418;100129;0.02373;1000000;10142492418;B
20240418;100130;0.02373;10000;10142492654;B
20240418;100131;0.02373;400000;10142492776;B
20240418;100131;0.02373;10000;10142492781;B
20240418;100134;0.02373;420000;10142493238;B
20240418;100135;0.023725;10000;10142493387;S
20240418;100138;0.023725;10000;10142493953;S
20240418;100139;0.023725;170000;10142494140;S
20240418;100139;0.02373;10000;10142494330;B
20240418;100140;0.023725;810000;10142494367;S
20240418;100140;0.023725;190000;10142494368;S
20240418;100140;0.02373;10000;10142494490;B
20240418;100141;0.02373;10000;10142494577;B
20240418;100141;0.02373;10000;10142494581;B
20240418;100141;0.02373;10000;10142494619;B
20240418;100141;0.023725;10000;10142494683;S
20240418;100141;0.023725;90000;10142494684;S
20240418;100142;0.02373;300000;10142494695;B
20240418;100143;0.023725;70000;10142495096;S
20240418;100143;0.023725;840000;10142495113;S
20240418;100143;0.023725;1400000;10142495114;S
20240418;100144;0.02373;10000;10142495390;B
20240418;100146;0.023725;40000;10142496040;S
20240418;100146;0.023725;10000;10142496056;S
20240418;100147;0.023725;550000;10142496311;S
20240418;100147;0.023725;140000;10142496312;S
20240418;100148;0.02373;10000;10142496406;B
20240418;100149;0.02373;100000;10142496732;B
20240418;100151;0.023725;160000;10142497046;S
20240418;100151;0.023725;1000000;10142497047;S
20240418;100151;0.023725;1370000;10142497048;S
20240418;100154;0.023725;30000000;10142497511;S
20240418;100154;0.023725;1000000;10142497512;S
20240418;100154;0.023725;3450000;10142497513;S
20240418;100154;0.02372;30000;10142497514;S
20240418;100154;0.02372;30000;10142497515;S
20240418;100154;0.02372;10000;10142497516;S
20240418;100154;0.02372;10000;10142497517;S
20240418;100154;0.02372;10000;10142497518;S
20240418;100154;0.02372;50000;10142497519;S
20240418;100154;0.02372;10000;10142497520;S
20240418;100154;0.02372;10000;10142497521;S
20240418;100154;0.02372;5000000;10142497522;S
20240418;100154;0.02372;10000;10142497523;S
20240418;100154;0.02372;50000;10142497524;S
20240418;100154;0.02372;10000;10142497525;S
20240418;100154;0.02372;80000;10142497526;S
20240418;100154;0.02372;10000;10142497527;S
20240418;100154;0.02372;10000;10142497528;S
20240418;100154;0.02372;10000;10142497529;S
20240418;100154;0.02372;10000;10142497530;S
20240418;100154;0.02372;50000;10142497531;S
20240418;100154;0.02372;10000;10142497532;S
20240418;100154;0.02372;10000;10142497533;S
20240418;100154;0.02372;10000;10142497534;S
20240418;100154;0.02372;20000;10142497535;S
20240418;100154;0.02372;30000;10142497536;S
20240418;100154;0.02372;10000;10142497537;S
20240418;100154;0.02372;10000;10142497538;S
20240418;100154;0.02372;50000;10142497539;S
20240418;100154;0.02372;10000;10142497540;S
20240418;100154;0.02372;10000;10142497541;S
20240418;100154;0.02372;10000;10142497542;S
20240418;100154;0.02372;200000;10142497543;S
20240418;100154;0.02372;10000;10142497544;S
20240418;100154;0.02372;10000;10142497545;S
20240418;100154;0.02372;10000;10142497546;S
20240418;100154;0.02372;10000;10142497547;S
20240418;100154;0.02372;10000;10142497548;S
20240418;100154;0.02372;10000;10142497549;S
20240418;100154;0.02372;20000;10142497550;S
20240418;100154;0.02372;10000;10142497551;S
20240418;100154;0.02372;10000;10142497552;S
20240418;100154;0.02372;800000;10142497553;S
20240418;100154;0.02372;100000;10142497554;S
20240418;100154;0.02372;50000;10142497555;S
20240418;100154;0.02372;10000;10142497556;S
20240418;100154;0.02372;1000000;10142497557;S
20240418;100154;0.02372;30000;10142497558;S
20240418;100154;0.02372;10000;10142497559;S
20240418;100154;0.02372;20000;10142497560;S
20240418;100154;0.02372;10000000;10142497561;S
20240418;100154;0.02372;10000;10142497562;S
20240418;100154;0.02372;20000;10142497563;S
20240418;100154;0.02372;220000;10142497564;S
20240418;100154;0.02372;10000;10142497565;S
20240418;100154;0.02372;10000;10142497566;S
20240418;100154;0.02372;40000;10142497567;S
20240418;100154;0.02372;15460000;10142497568;S
20240418;100155;0.02372;450000;10142497669;S
20240418;100155;0.02372;10000;10142497702;S
20240418;100155;0.02372;10000;10142497717;S
20240418;100155;0.023725;10000;10142497719;B
20240418;100155;0.02372;710000;10142497793;S
20240418;100157;0.02372;20000;10142498233;S
20240418;100200;0.023725;10000;10142498613;B
20240418;100202;0.023725;10000;10142499678;B
20240418;100203;0.023725;360000;10142499755;B
20240418;100203;0.023725;4330000;10142499756;B
20240418;100203;0.02373;500000;10142499757;B
20240418;100203;0.02373;210000;10142499758;B
20240418;100203;0.02373;1000000;10142499759;B
20240418;100203;0.02373;3450000;10142499760;B
20240418;100203;0.02373;4130000;10142499761;B
20240418;100203;0.023735;4010000;10142499762;B
20240418;100203;0.023735;130000;10142499763;B
20240418;100203;0.023735;4220000;10142499764;B
20240418;100203;0.023735;6000000;10142499765;B
20240418;100203;0.023735;8440000;10142499766;B
20240418;100203;0.023735;10000;10142499767;B
20240418;100203;0.023735;2000000;10142499768;B
20240418;100203;0.023735;1000000;10142499769;B
20240418;100203;0.023735;19400000;10142499770;B
20240418;100203;0.02374;12400000;10142499771;B
20240418;100203;0.02374;6000000;10142499772;B
20240418;100203;0.02374;1000000;10142499773;B
20240418;100203;0.02374;1000000;10142499774;B
20240418;100203;0.02374;10000;10142499775;B
20240418;100203;0.02374;100400000;10142499776;B
20240418;100204;0.02373;1000000;10142499919;S
20240418;100205;0.023735;10000;10142500021;B
20240418;100206;0.02373;2000000;10142500251;S
20240418;100206;0.02373;1000000;10142500252;S
20240418;100206;0.02373;5000000;10142500253;S
20240418;100207;0.023735;1300000;10142500485;B
20240418;100208;0.023735;20000;10142500605;B
20240418;100208;0.023735;10000;10142500630;B
20240418;100209;0.02373;1100000;10142500832;S
20240418;100210;0.02373;20000;10142501150;S
20240418;100211;0.02373;10000;10142501210;S
20240418;100211;0.023735;10000;10142501316;B
20240418;100212;0.023735;10000;10142501519;B
20240418;100217;0.02373;90000;10142502887;S
20240418;100217;0.02373;20000;10142502913;S
20240418;100218;0.02373;2300000;10142503137;S
20240418;100218;0.023735;100000;10142503266;B
20240418;100221;0.023735;10000;10142503658;B
20240418;100223;0.023735;10000;10142503977;B
20240418;100223;0.02373;260000;10142504125;S
20240418;100224;0.023735;20000;10142504235;B
20240418;100224;0.023735;10000;10142504237;B
20240418;100224;0.023735;10000;10142504272;B
20240418;100225;0.02373;150000;10142504291;S
20240418;100226;0.023735;30000;10142504478;B
20240418;100230;0.02373;20000;10142505363;S
20240418;100231;0.023735;500000;10142505434;B
20240418;100231;0.023735;20000;10142505452;B
20240418;100232;0.02373;20000;10142505635;S
20240418;100233;0.023735;50000;10142505780;B
20240418;100235;0.02373;10000;10142506234;S
20240418;100236;0.02373;10000;10142506386;S
20240418;100239;0.023735;30000;10142507090;B
20240418;100239;0.023735;80000;10142507119;B
20240418;100239;0.023735;120000;10142507120;B
20240418;100243;0.023735;500000;10142507715;B
20240418;100243;0.023735;290000;10142507740;B
20240418;100244;0.023735;10000;10142507950;B
20240418;100246;0.023735;3300000;10142508203;B
20240418;100246;0.023735;20000;10142508204;B
20240418;100246;0.02374;4550000;10142508205;B
20240418;100246;0.02374;3630000;10142508206;B
20240418;100246;0.02374;550000;10142508207;B
20240418;100246;0.02374;25870000;10142508208;B
20240418;100246;0.02374;600000;10142508209;B
20240418;100246;0.02374;6000000;10142508210;B
20240418;100249;0.02374;10000;10142508767;S
20240418;100250;0.023745;10000;10142508917;B
20240418;100250;0.023745;30000;10142508918;B
20240418;100253;0.02374;20000;10142509492;S
20240418;100253;0.023745;4190000;10142509493;B
20240418;100253;0.023745;1000000;10142509494;B
20240418;100255;0.02375;50000;10142509814;B
20240418;100257;0.02375;40000;10142510161;B
20240418;100257;0.023745;30000;10142510275;S
20240418;100258;0.02375;50000;10142510376;B
20240418;100259;0.023745;10000;10142510500;S
20240418;100259;0.02375;10000;10142510591;B
20240418;100301;0.02375;70000;10142510994;B
20240418;100301;0.023745;280000;10142511003;S
20240418;100302;0.023745;10000;10142511129;S
20240418;100305;0.02375;500000;10142511592;B
20240418;100307;0.02375;10000;10142511935;B
20240418;100307;0.023745;450000;10142511973;S
20240418;100307;0.02375;10000;10142511986;B
20240418;100308;0.02375;20000;10142512105;B
20240418;100308;0.02375;20000;10142512135;B
20240418;100309;0.02375;33370000;10142512170;B
20240418;100309;0.02375;1000000;10142512171;B
20240418;100309;0.02375;365630000;10142512172;B
20240418;100309;0.02375;50000;10142512173;B
20240418;100309;0.02375;34320000;10142512174;B
20240418;100309;0.02375;20000;10142512175;B
20240418;100309;0.02375;210000;10142512176;B
20240418;100309;0.02375;10000;10142512177;B
20240418;100309;0.02375;10000;10142512178;B
20240418;100309;0.02375;4220000;10142512179;B
20240418;100310;0.023755;10000;10142512491;S
20240418;100310;0.02376;400000;10142512535;B
20240418;100310;0.02376;20000;10142512545;B
20240418;100312;0.023755;10000;10142512745;S
20240418;100314;0.02376;1500000;10142513175;B
20240418;100315;0.023755;10000;10142513588;S
20240418;100317;0.02376;70000;10142514140;B
20240418;100319;0.023755;980000;10142514381;S
20240418;100319;0.023755;70000;10142514382;S
20240418;100320;0.02376;120000;10142514632;B
20240418;100321;0.02376;50000;10142514722;B
20240418;100321;0.02376;10000;10142514796;B
20240418;100321;0.02376;4220000;10142514797;B
20240418;100323;0.02376;10000;10142515051;S
20240418;100323;0.02376;200000;10142515064;S
20240418;100324;0.02376;10000;10142515227;S
20240418;100324;0.02376;500000;10142515298;S
20240418;100327;0.02376;20000;10142515681;S
20240418;100327;0.023765;10000;10142515699;B
20240418;100330;0.02376;100000;10142516263;S
20240418;100330;0.023765;10000;10142516266;B
20240418;100331;0.02376;80000;10142516334;S
20240418;100331;0.023765;8340000;10142516336;B
20240418;100333;0.02376;40000;10142516604;S
20240418;100337;0.023765;50000;10142517205;B
20240418;100339;0.02376;40000;10142517620;S
20240418;100339;0.02376;110000;10142517621;S
20240418;100339;0.023765;20000;10142517639;B
20240418;100339;0.023765;40000;10142517669;B
20240418;100342;0.02376;950000;10142518085;S
20240418;100342;0.02376;450000;10142518139;S
20240418;100342;0.023765;50000;10142518147;B
20240418;100343;0.02376;20000;10142518371;S
20240418;100346;0.023765;40000;10142518796;B
20240418;100346;0.02376;10000;10142518955;S
20240418;100347;0.02376;1910000;10142518981;S
20240418;100347;0.02376;3000000;10142518982;S
20240418;100347;0.02376;5090000;10142518983;S
20240418;100348;0.02376;10000;10142519177;S
20240418;100349;0.023765;100000;10142519434;B
20240418;100349;0.023765;100000;10142519473;B
20240418;100350;0.023765;100000;10142519491;B
20240418;100350;0.023765;20000;10142519509;B
20240418;100350;0.023765;80000;10142519510;B
20240418;100350;0.02376;150000;10142519529;S
20240418;100350;0.023765;100000;10142519564;B
20240418;100350;0.023765;20000;10142519596;B
20240418;100350;0.023765;10000;10142519597;B
20240418;100350;0.02377;100000;10142519619;B
20240418;100350;0.02377;100000;10142519656;B
20240418;100350;0.02377;100000;10142519688;B
20240418;100350;0.02377;100000;10142519703;B
20240418;100350;0.02377;100000;10142519715;B
20240418;100350;0.02377;100000;10142519756;B
20240418;100351;0.02377;100000;10142519781;B
20240418;100351;0.02377;100000;10142519792;B
20240418;100351;0.02377;100000;10142519831;B
20240418;100351;0.02377;100000;10142519865;B
20240418;100351;0.02377;100000;10142519889;B
20240418;100351;0.02377;100000;10142519925;B
20240418;100351;0.02377;100000;10142519942;B
20240418;100351;0.02377;100000;10142519967;B
20240418;100351;0.02377;100000;10142519987;B
20240418;100351;0.02377;100000;10142519992;B
20240418;100352;0.02377;100000;10142520002;B
20240418;100352;0.02377;100000;10142520022;B
20240418;100352;0.02377;100000;10142520039;B
20240418;100352;0.02377;100000;10142520052;B
20240418;100352;0.02377;100000;10142520061;B
20240418;100352;0.02377;100000;10142520068;B
20240418;100352;0.02377;100000;10142520088;B
20240418;100352;0.02377;100000;10142520121;B
20240418;100352;0.02377;40000;10142520123;B
20240418;100352;0.02377;100000;10142520131;B
20240418;100352;0.02377;100000;10142520164;B
20240418;100353;0.02377;100000;10142520183;B
20240418;100353;0.02377;100000;10142520219;B
20240418;100353;0.02377;100000;10142520236;B
20240418;100353;0.02377;100000;10142520260;B
20240418;100353;0.02377;100000;10142520274;B
20240418;100353;0.02377;100000;10142520282;B
20240418;100353;0.02377;100000;10142520300;B
20240418;100353;0.02377;30000;10142520316;B
20240418;100354;0.023765;10000;10142520469;S
20240418;100356;0.02377;350000;10142520883;B
20240418;100358;0.023765;100000;10142521163;S
20240418;100358;0.023765;10000;10142521165;S
20240418;100358;0.02377;140000;10142521176;B
20240418;100358;0.02377;4860000;10142521177;B
20240418;100359;0.02377;5140000;10142521206;B
20240418;100359;0.02377;10000;10142521207;B
20240418;100400;0.023775;300000;10142521476;B
20240418;100403;0.023775;30000;10142522148;B
20240418;100403;0.023775;20000;10142522169;B
20240418;100405;0.02377;200000;10142522438;S
20240418;100405;0.023775;8920000;10142522501;B
20240418;100405;0.023775;10000;10142522502;B
20240418;100405;0.023775;50000;10142522503;B
20240418;100405;0.023775;1170000;10142522504;B
20240418;100405;0.023775;420000;10142522505;B
20240418;100405;0.023775;1000000;10142522506;B
20240418;100405;0.023775;500000;10142522507;B
20240418;100405;0.023775;1980000;10142522508;B
20240418;100405;0.023775;10000;10142522509;B
20240418;100405;0.02378;10000;10142522510;B
20240418;100405;0.02378;5900000;10142522511;B
20240418;100405;0.02378;5030000;10142522512;B
20240418;100405;0.02378;970000;10142522514;B
20240418;100405;0.02378;10000;10142522515;B
20240418;100405;0.02378;10000;10142522516;B
20240418;100405;0.02378;10000;10142522517;B
20240418;100407;0.023775;280000;10142522886;S
20240418;100408;0.023775;10000;10142523252;S
20240418;100408;0.02378;110000;10142523263;B
20240418;100409;0.023775;40000;10142523377;S
20240418;100410;0.02378;250000;10142523496;B
20240418;100410;0.02378;30000;10142523542;B
20240418;100411;0.02378;40000;10142523588;B
20240418;100411;0.02378;5000000;10142523589;B
20240418;100413;0.02378;10000;10142523942;B
20240418;100414;0.023775;670000;10142524113;S
20240418;100414;0.023775;330000;10142524114;S
20240418;100415;0.02378;10000;10142524459;B
20240418;100416;0.02378;10000;10142524558;B
20240418;100418;0.02378;4970000;10142524899;B
20240418;100418;0.023785;10000;10142524900;B
20240418;100418;0.023785;10000;10142524901;B
20240418;100418;0.023785;3010000;10142524902;B
20240418;100419;0.02378;3000000;10142525134;S
20240418;100420;0.023785;50000;10142525164;B
20240418;100420;0.023785;210000;10142525250;B
20240418;100421;0.02378;30000;10142525482;S
20240418;100422;0.023785;30000;10142525600;B
20240418;100422;0.023785;10000;10142525633;B
20240418;100424;0.023785;700000;10142525831;B
20240418;100424;0.023785;830000;10142525846;B
20240418;100425;0.023785;1060000;10142525937;B
20240418;100425;0.023785;6000000;10142525938;B
20240418;100425;0.023785;10000;10142525939;B
20240418;100425;0.023785;500000;10142525940;B
20240418;100425;0.023785;11360000;10142525941;B
20240418;100425;0.023785;550000;10142525942;B
20240418;100425;0.023785;50000;10142525943;B
20240418;100425;0.023785;4220000;10142525944;B
20240418;100425;0.023785;1000000;10142525945;B
20240418;100425;0.023785;150000;10142525946;B
20240418;100425;0.023785;1300000;10142526035;S
20240418;100425;0.02379;30000;10142526077;B
20240418;100425;0.02379;100000;10142526078;B
20240418;100425;0.02379;20000;10142526079;B
20240418;100425;0.02379;10000000;10142526080;B
20240418;100425;0.02379;7800000;10142526081;B
20240418;100425;0.02379;10000;10142526084;B
20240418;100425;0.02379;20000;10142526085;B
20240418;100426;0.02379;700000;10142526245;B
20240418;100426;0.02379;10000;10142526266;B
20240418;100427;0.02379;10000;10142526386;B
20240418;100428;0.023785;330000;10142526510;S
20240418;100428;0.023785;4970000;10142526511;S
20240418;100428;0.023785;1370000;10142526512;S
20240418;100428;0.023785;50000;10142526548;S
20240418;100430;0.023785;10000;10142526879;S
20240418;100431;0.023785;590000;10142527008;S
20240418;100432;0.02379;6450000;10142527042;B
20240418;100432;0.02379;5900000;10142527043;B
20240418;100432;0.02379;27650000;10142527044;B
20240418;100432;0.023785;270000;10142527088;S
20240418;100435;0.023785;20000;10142527471;S
20240418;100436;0.02379;200000;10142527565;B
20240418;100436;0.02379;10000;10142527567;B
20240418;100437;0.023785;200000;10142527655;S
20240418;100438;0.02379;60000;10142527693;B
20240418;100438;0.023785;10000;10142527838;S
20240418;100439;0.02379;250000;10142527950;B
20240418;100439;0.023785;10000;10142528025;S
20240418;100439;0.023785;500000;10142528036;S
20240418;100442;0.02379;20000;10142528439;B
20240418;100442;0.02379;30000;10142528550;B
20240418;100445;0.023785;420000;10142528883;S
20240418;100445;0.023785;1080000;10142528884;S
20240418;100454;0.02379;10000;10142530024;B
20240418;100454;0.023785;110000;10142530031;S
20240418;100454;0.02379;10000;10142530036;B
20240418;100454;0.02379;10000;10142530113;B
20240418;100454;0.02379;160000;10142530136;B
20240418;100456;0.02379;10000;10142530362;B
20240418;100456;0.023785;300000;10142530364;S
20240418;100456;0.023785;70000;10142530553;S
20240418;100459;0.023785;3500000;10142530940;S
20240418;100459;0.023785;1500000;10142530941;S
20240418;100459;0.02379;200000;10142530951;B
20240418;100459;0.02379;130000;10142531006;B
20240418;100500;0.02379;10000;10142531074;B
20240418;100500;0.023785;200000;10142531172;S
20240418;100501;0.023785;120000;10142531362;S
20240418;100502;0.023785;10000;10142531447;S
20240418;100502;0.023785;30000;10142531517;S
20240418;100502;0.02379;2500000;10142531599;B
20240418;100504;0.02379;30000;10142531991;B
20240418;100504;0.023785;10000;10142531993;S
20240418;100506;0.023785;30000;10142532165;S
20240418;100507;0.023785;90000;10142532355;S
20240418;100508;0.023785;20000;10142532557;S
20240418;100508;0.023785;990000;10142532589;S
20240418;100508;0.023785;60000;10142532590;S
20240418;100508;0.023785;110000;10142532679;S
20240418;100509;0.023785;380000;10142532900;S
20240418;100509;0.023785;10000;10142532992;S
20240418;100510;0.023785;10000;10142533088;S
20240418;100510;0.02379;70000;10142533135;B
20240418;100511;0.023785;310000;10142533272;S
20240418;100513;0.023785;40000;10142533449;S
20240418;100513;0.02379;20000;10142533450;B
20240418;100513;0.02379;300000;10142533494;B
20240418;100515;0.02379;10000;10142533694;B
20240418;100515;0.02379;60000;10142533732;B
20240418;100518;0.02379;10000;10142534340;B
20240418;100518;0.02379;10000;10142534473;B
20240418;100518;0.023785;1770000;10142534513;S
20240418;100519;0.02379;25000000;10142534558;B
20240418;100519;0.023785;500000;10142534656;S
20240418;100519;0.023785;20000;10142534672;S
20240418;100520;0.023785;300000;10142534793;S
20240418;100520;0.023785;4000000;10142534794;S
20240418;100520;0.023785;700000;10142534795;S
20240418;100521;0.023785;30000;10142535019;S
20240418;100522;0.023785;1000000;10142535093;S
20240418;100523;0.02379;200000;10142535268;B
20240418;100524;0.02379;1000000;10142535356;B
20240418;100524;0.02379;22030000;10142535358;B
20240418;100524;0.02379;10000;10142535359;B
20240418;100524;0.02379;2000000;10142535360;B
20240418;100524;0.02379;1000000;10142535361;B
20240418;100524;0.02379;140000;10142535362;B
20240418;100524;0.02379;5900000;10142535363;B
20240418;100524;0.02379;90000000;10142535364;B
20240418;100524;0.02379;10000;10142535365;B
20240418;100524;0.02379;17000000;10142535366;B
20240418;100524;0.023795;10000;10142535477;B
20240418;100524;0.023795;10000;10142535478;B
20240418;100524;0.023795;30000;10142535479;B
20240418;100524;0.023795;2450000;10142535480;B
20240418;100524;0.023795;2500000;10142535510;B
20240418;100524;0.023795;950000;10142535511;B
20240418;100524;0.023795;10000;10142535512;B
20240418;100524;0.023795;10000;10142535513;B
20240418;100524;0.023795;10000;10142535514;B
20240418;100524;0.023795;1160000;10142535515;B
20240418;100524;0.023795;130000;10142535516;B
20240418;100525;0.0238;25000000;10142535540;B
20240418;100525;0.0238;2500000;10142535541;B
20240418;100525;0.0238;2500000;10142535565;B
20240418;100525;0.023795;10000;10142535677;S
20240418;100525;0.023795;600000;10142535705;S
20240418;100525;0.023795;1000000;10142535706;S
20240418;100525;0.023795;3450000;10142535713;S
20240418;100525;0.023795;3450000;10142535714;S
20240418;100525;0.023795;1000000;10142535715;S
20240418;100525;0.023795;2100000;10142535716;S
20240418;100525;0.023795;900000;10142535734;S
20240418;100525;0.023795;4100000;10142535735;S
20240418;100526;0.0238;3800000;10142535746;B
20240418;100526;0.023795;130000;10142535845;S
20240418;100527;0.023795;30000;10142535907;S
20240418;100527;0.0238;2000000;10142535985;B
20240418;100527;0.0238;300000;10142535998;B
20240418;100529;0.0238;70000;10142536176;B
20240418;100530;0.0238;70000;10142536322;B
20240418;100530;0.0238;13760000;10142536372;B
20240418;100530;0.0238;30000;10142536373;B
20240418;100530;0.0238;5900000;10142536374;B
20240418;100530;0.0238;2000000;10142536375;B
20240418;100530;0.0238;30000;10142536376;B
20240418;100530;0.0238;3550000;10142536377;B
20240418;100530;0.0238;500000;10142536378;B
20240418;100530;0.0238;1010000;10142536379;B
20240418;100530;0.0238;10000;10142536380;B
20240418;100530;0.0238;70000;10142536381;B
20240418;100530;0.0238;10000;10142536382;B
20240418;100530;0.0238;11350000;10142536383;B
20240418;100530;0.0238;120000;10142536384;B
20240418;100530;0.0238;1980000;10142536385;B
20240418;100530;0.0238;10000;10142536386;B
20240418;100530;0.0238;200000;10142536387;B
20240418;100530;0.0238;500000;10142536388;B
20240418;100530;0.0238;10000;10142536389;B
20240418;100533;0.023805;10000;10142536799;B
20240418;100534;0.023805;10000;10142537046;B
20240418;100534;0.023805;5900000;10142537047;B
20240418;100534;0.023805;10000;10142537048;B
20240418;100534;0.023805;4000000;10142537049;B
20240418;100534;0.023805;5650000;10142537050;B
20240418;100534;0.0238;1000000;10142537166;S
20240418;100534;0.023805;10000;10142537186;B
20240418;100535;0.0238;120000;10142537215;S
20240418;100535;0.023805;600000;10142537295;B
20240418;100536;0.0238;270000;10142537333;S
20240418;100537;0.023805;300000;10142537511;B
20240418;100539;0.023805;10000;10142537882;B
20240418;100541;0.0238;200000;10142538132;S
20240418;100541;0.023805;90000;10142538137;B
20240418;100541;0.023805;10000;10142538174;B
20240418;100543;0.023805;20000;10142538447;B
20240418;100544;0.0238;60000;10142538484;S
20240418;100545;0.023805;500000;10142538636;B
20240418;100545;0.023805;10000;10142538684;B
20240418;100546;0.023805;3000000;10142538764;B
20240418;100546;0.0238;20000;10142538773;S
20240418;100546;0.023805;1140000;10142538883;B
20240418;100546;0.023805;110000;10142538884;B
20240418;100546;0.023805;100000;10142538885;B
20240418;100546;0.023805;5900000;10142538886;B
20240418;100546;0.023805;10000;10142538887;B
20240418;100546;0.023805;1000000;10142538888;B
20240418;100546;0.023805;3450000;10142538889;B
20240418;100546;0.023805;10000;10142538890;B
20240418;100546;0.023805;10000;10142538891;B
20240418;100546;0.023805;5660000;10142538892;B
20240418;100550;0.023805;10000;10142539502;S
20240418;100552;0.02381;10000;10142539871;B
20240418;100553;0.023805;200000;10142539925;S
20240418;100554;0.023805;2500000;10142540012;S
20240418;100554;0.023805;1000000;10142540043;S
20240418;100554;0.023805;10000000;10142540070;S
20240418;100554;0.02381;10000;10142540075;B
20240418;100556;0.02381;30000;10142540342;B
20240418;100556;0.02381;10000;10142540343;B
20240418;100556;0.02381;10000;10142540344;B
20240418;100557;0.02381;1000000;10142540654;B
20240418;100558;0.02381;8990000;10142540822;B
20240418;100558;0.02381;10000;10142540823;B
20240418;100558;0.02381;10000;10142540824;B
20240418;100558;0.02381;10000;10142540825;B
20240418;100558;0.02381;10000;10142540826;B
20240418;100558;0.02381;10000;10142540827;B
20240418;100558;0.02381;960000;10142540828;B
20240418;100559;0.02381;500000;10142540984;B
20240418;100559;0.02381;30000;10142541021;B
20240418;100601;0.023805;10000;10142541386;S
20240418;100601;0.023805;70000;10142541535;S
20240418;100602;0.02381;100000;10142541708;B
20240418;100604;0.023805;1760000;10142542151;S
20240418;100605;0.023805;140000;10142542207;S
20240418;100606;0.023805;200000;10142542347;S
20240418;100606;0.023805;50000;10142542448;S
20240418;100608;0.023805;2010000;10142542848;S
20240418;100608;0.02381;100000;10142542869;B
20240418;100608;0.02381;300000;10142542915;B
20240418;100609;0.02381;150000;10142543142;B
20240418;100610;0.023805;2990000;10142543196;S
20240418;100610;0.023805;1600000;10142543230;S
20240418;100610;0.02381;30000;10142543233;B
20240418;100610;0.02381;10000;10142543247;B
20240418;100610;0.02381;20000;10142543290;B
20240418;100610;0.02381;2940000;10142543348;B
20240418;100610;0.02381;2060000;10142543349;B
20240418;100611;0.02381;10000;10142543412;B
20240418;100612;0.02381;10000;10142543642;B
20240418;100612;0.02381;620000;10142543643;B
20240418;100613;0.023805;570000;10142543786;S
20240418;100614;0.023805;1310000;10142544304;S
20240418;100615;0.023805;2000000;10142544347;S
20240418;100618;0.023805;10000;10142545140;S
20240418;100621;0.023805;10000;10142545752;S
20240418;100621;0.023805;130000;10142545835;S
20240418;100622;0.023805;120000;10142545919;S
20240418;100622;0.02381;10000;10142545929;B
20240418;100622;0.02381;6850000;10142545957;B
20240418;100622;0.02381;10000;10142545958;B
20240418;100622;0.023805;10000;10142545960;S
20240418;100622;0.02381;20000;10142545974;B
20240418;100622;0.02381;10000;10142545987;B
20240418;100623;0.023805;8110000;10142546069;S
20240418;100625;0.02381;10000;10142546532;B
20240418;100626;0.02381;10000;10142546673;B
20240418;100627;0.02381;20000;10142546861;B
20240418;100627;0.02381;400000;10142546938;B
20240418;100628;0.023805;100000;10142547118;S
20240418;100630;0.02381;200000;10142547373;B
20240418;100632;0.02381;140000;10142547810;B
20240418;100632;0.02381;100000;10142547860;B
20240418;100633;0.023805;200000;10142547947;S
20240418;100634;0.023805;10000000;10142548243;S
20240418;100634;0.02381;20000;10142548292;B
20240418;100635;0.023805;10000;10142548401;S
20240418;100635;0.023805;2100000;10142548498;S
20240418;100636;0.023805;120000;10142548539;S
20240418;100638;0.02381;10000;10142549098;B
20240418;100639;0.023805;5900000;10142549265;S
20240418;100639;0.023805;10000;10142549435;S
20240418;100639;0.02381;10000;10142549437;B
20240418;100640;0.02381;30000;10142549621;B
20240418;100642;0.02381;30000;10142549824;B
20240418;100643;0.023805;10000000;10142549964;S
20240418;100643;0.023805;6660000;10142549995;S
20240418;100645;0.023805;1000000;10142550283;S
20240418;100645;0.02381;1500000;10142550360;B
20240418;100646;0.023805;14440000;10142550528;S
20240418;100647;0.023805;10000;10142550756;S
20240418;100648;0.023805;106580000;10142550860;S
20240418;100648;0.023805;30000;10142550861;S
20240418;100648;0.0238;260000;10142550939;S
20240418;100648;0.0238;10000;10142550940;S
20240418;100648;0.0238;10000;10142550941;S
20240418;100648;0.0238;720000;10142550942;S
20240418;100649;0.023805;80000;10142551211;B
20240418;100651;0.023805;100000;10142551409;B
20240418;100651;0.0238;10000;10142551494;S
20240418;100651;0.0238;770000;10142551497;S
20240418;100651;0.0238;4230000;10142551498;S
20240418;100652;0.023805;23210000;10142551524;B
20240418;100652;0.023805;3450000;10142551525;B
20240418;100652;0.023805;5900000;10142551526;B
20240418;100652;0.023805;1000000;10142551527;B
20240418;100652;0.023805;5060000;10142551528;B
20240418;100652;0.023805;6000000;10142551529;B
20240418;100652;0.023805;5380000;10142551530;B
20240418;100653;0.0238;1270000;10142551694;S
20240418;100654;0.023805;660000;10142551843;B
20240418;100657;0.0238;30000;10142552168;S
20240418;100657;0.023805;10000;10142552349;B
20240418;100659;0.0238;10000000;10142552594;S
20240418;100659;0.0238;6170000;10142552627;S
20240418;100659;0.0238;100000;10142552628;S
20240418;100659;0.0238;13730000;10142552629;S
20240418;100700;0.0238;10000;10142552750;S
20240418;100700;0.0238;290000;10142552751;S
20240418;100701;0.023805;10000;10142552796;B
20240418;100701;0.023805;280000;10142552882;B
20240418;100702;0.023805;3460000;10142553165;B
20240418;100702;0.023805;2540000;10142553166;B
20240418;100704;0.023805;10000;10142553433;B
20240418;100705;0.0238;400000;10142553528;S
20240418;100706;0.023805;10000;10142553778;B
20240418;100708;0.0238;7950000;10142554119;S
20240418;100709;0.0238;150000;10142554282;S
20240418;100712;0.0238;4000000;10142554935;S
20240418;100712;0.023805;20000;10142554962;B
20240418;100713;0.0238;10000;10142555013;S
20240418;100713;0.0238;770000;10142555112;S
20240418;100715;0.023805;10000;10142555620;B
20240418;100715;0.023805;500000;10142555621;B
20240418;100716;0.023805;40000;10142555734;B
20240418;100717;0.0238;10000000;10142555826;S
20240418;100718;0.023805;100000;10142556178;B
20240418;100719;0.023805;40000;10142556202;B
20240418;100720;0.0238;10000;10142556416;S
20240418;100722;0.023805;460000;10142556671;B
20240418;100722;0.0238;10000;10142556717;S
20240418;100723;0.0238;10000;10142556773;S
20240418;100723;0.0238;10000;10142556848;S
20240418;100724;0.0238;4040000;10142556870;S
20240418;100724;0.023805;10000;10142556921;B
20240418;100725;0.0238;10000;10142557052;S
20240418;100726;0.0238;10000;10142557133;S
20240418;100726;0.0238;10000;10142557209;S
20240418;100727;0.023805;300000;10142557222;B
20240418;100727;0.023805;1700000;10142557223;B
20240418;100727;0.0238;10000;10142557283;S
20240418;100727;0.0238;10000;10142557381;S
20240418;100728;0.0238;10000;10142557429;S
20240418;100729;0.023805;10000;10142557586;B
20240418;100730;0.023805;200000;10142557684;B
20240418;100730;0.0238;50000;10142557713;S
20240418;100731;0.0238;3770000;10142557793;S
20240418;100731;0.0238;3000000;10142557806;S
20240418;100732;0.023805;10000;10142557882;B
20240418;100733;0.0238;250000;10142558134;S
20240418;100733;0.0238;1480000;10142558135;S
20240418;100733;0.0238;100000;10142558136;S
20240418;100733;0.0238;420000;10142558137;S
20240418;100733;0.0238;20000;10142558138;S
20240418;100733;0.0238;780000;10142558139;S
20240418;100733;0.0238;40000;10142558140;S
20240418;100733;0.0238;10000;10142558141;S
20240418;100734;0.023795;10000;10142558358;B
20240418;100736;0.023795;5050000;10142558591;B
20240418;100736;0.023795;1000000;10142558592;B
20240418;100736;0.023795;3000000;10142558593;B
20240418;100736;0.023795;3450000;10142558594;B
20240418;100736;0.023795;6340000;10142558595;B
20240418;100736;0.023795;80000;10142558656;B
20240418;100737;0.02379;40000;10142558760;S
20240418;100738;0.023795;40000;10142558873;B
20240418;100738;0.023795;1080000;10142558934;B
20240418;100738;0.023795;1000000;10142558971;B
20240418;100739;0.023795;10000;10142559029;B
20240418;100739;0.02379;10000;10142559036;S
20240418;100739;0.023795;10000;10142559117;B
20240418;100739;0.02379;2000000;10142559144;S
20240418;100743;0.02379;70000;10142559565;S
20240418;100743;0.02379;9790000;10142559662;S
20240418;100743;0.02379;10000;10142559663;S
20240418;100743;0.02379;200000;10142559664;S
20240418;100745;0.02379;5000000;10142559980;S
20240418;100745;0.023785;20000;10142559981;S
20240418;100745;0.023785;1000000;10142559982;S
20240418;100745;0.023785;100000;10142559983;S
20240418;100745;0.023785;1970000;10142559984;S
20240418;100747;0.023785;10000;10142560143;B
20240418;100747;0.02378;1000000;10142560179;S
20240418;100747;0.02378;10000;10142560180;S
20240418;100747;0.02378;990000;10142560181;S
20240418;100747;0.023785;10000;10142560212;B
20240418;100750;0.023785;10000;10142560671;B
20240418;100752;0.023785;10000;10142561021;B
20240418;100752;0.02378;10000;10142561069;S
20240418;100753;0.023785;1000000;10142561095;B
20240418;100753;0.023785;10000;10142561188;B
20240418;100753;0.023785;20000;10142561357;B
20240418;100754;0.02378;140000;10142561405;S
20240418;100755;0.02378;440000;10142561605;S
20240418;100759;0.02379;10000;10142562213;B
20240418;100800;0.02378;80000;10142562252;S
20240418;100800;0.02379;10000;10142562264;B
20240418;100804;0.023785;10000;10142562871;S
20240418;100805;0.02379;600000;10142563003;B
20240418;100805;0.02379;10000;10142563006;B
20240418;100806;0.02379;40000;10142563163;B
20240418;100809;0.02379;100000;10142563425;B
20240418;100809;0.02379;250000;10142563437;B
20240418;100811;0.023785;10000;10142563782;S
20240418;100812;0.02379;10000;10142563865;B
20240418;100812;0.02379;40000;10142563880;B
20240418;100813;0.02379;20000;10142563986;B
20240418;100813;0.023785;60000;10142563990;S
20240418;100813;0.02379;7870000;10142564034;B
20240418;100813;0.02379;3450000;10142564035;B
20240418;100813;0.02379;110000;10142564036;B
20240418;100813;0.02379;1000000;10142564037;B
20240418;100813;0.02379;3000000;10142564038;B
20240418;100813;0.023795;1000000;10142564039;B
20240418;100813;0.023795;3570000;10142564040;B
20240418;100815;0.02379;1000000;10142564358;B
20240418;100815;0.02379;840000;10142564359;B
20240418;100817;0.023785;10000;10142564676;S
20240418;100817;0.02379;40000;10142564690;B
20240418;100819;0.023785;50000;10142564938;S
20240418;100819;0.02379;200000;10142564951;B
20240418;100820;0.02379;1920000;10142565087;B
20240418;100820;0.02379;250000;10142565088;B
20240418;100820;0.02379;1000000;10142565089;B
20240418;100820;0.02379;240000;10142565090;B
20240418;100820;0.02379;20000;10142565091;B
20240418;100823;0.023795;30000;10142565688;B
20240418;100827;0.02379;40000;10142566194;S
20240418;100828;0.023795;60000;10142566340;B
20240418;100832;0.02379;280000;10142566958;S
20240418;100833;0.02379;1250000;10142567059;S
20240418;100833;0.02379;50000;10142567060;S
20240418;100833;0.02379;30000;10142567061;S
20240418;100833;0.02379;120000;10142567062;S
20240418;100833;0.02379;130000;10142567063;S
20240418;100833;0.02379;80000;10142567064;S
20240418;100833;0.02379;100000;10142567065;S
20240418;100833;0.02379;100000;10142567066;S
20240418;100833;0.02379;80000;10142567067;S
20240418;100833;0.02379;20000;10142567068;S
20240418;100833;0.02379;40000;10142567069;S
20240418;100835;0.02379;60000;10142567398;S
20240418;100835;0.02379;100000;10142567399;S
20240418;100835;0.02379;40000;10142567400;S
20240418;100835;0.02379;24800000;10142567401;S
20240418;100836;0.02379;100000;10142567442;S
20240418;100838;0.023795;900000;10142567705;B
20240418;100840;0.02379;4930000;10142568064;S
20240418;100843;0.023795;100000;10142568372;B
20240418;100843;0.023795;3420000;10142568373;B
20240418;100844;0.023795;90000;10142568482;B
20240418;100851;0.023795;2000000;10142569981;B
20240418;100851;0.02379;50000;10142569987;S
20240418;100851;0.023795;60000;10142570017;B
20240418;100853;0.02379;50000;10142570239;S
20240418;100859;0.023795;30000;10142571098;B
20240418;100901;0.023795;5000000;10142571298;B
20240418;100902;0.023795;20000;10142571462;B
20240418;100903;0.023795;10000;10142571675;B
20240418;100903;0.023795;160000;10142571679;B
20240418;100905;0.023795;2230000;10142572004;B
20240418;100906;0.02379;10000;10142572096;S
20240418;100908;0.023795;25490000;10142572508;B
20240418;100908;0.023795;3450000;10142572509;B
20240418;100908;0.023795;100000;10142572510;B
20240418;100908;0.023795;3000000;10142572511;B
20240418;100908;0.023795;2060000;10142572512;B
20240418;100908;0.023795;540000;10142572513;B
20240418;100908;0.023795;1000000;10142572514;B
20240418;100908;0.023795;90000;10142572515;B
20240418;100908;0.023795;5900000;10142572516;B
20240418;100908;0.023795;5000000;10142572517;B
20240418;100908;0.023795;10000;10142572518;B
20240418;100908;0.023795;10000;10142572519;B
20240418;100908;0.023795;7800000;10142572520;B
20240418;100909;0.0238;110000;10142572613;B
20240418;100910;0.0238;10000;10142572717;B
20240418;100911;0.023795;140000;10142572798;S
20240418;100911;0.0238;30000;10142572865;B
20240418;100912;0.0238;70000;10142572983;B
20240418;100913;0.0238;10000;10142573094;B
20240418;100915;0.0238;5000000;10142573322;B
20240418;100916;0.023795;10000;10142573508;S
20240418;100918;0.023795;900000;10142573749;S
20240418;100918;0.023795;390000;10142573750;S
20240418;100918;0.023795;80000;10142573807;S
20240418;100918;0.023795;3770000;10142573851;S
20240418;100919;0.023795;1290000;10142574068;S
20240418;100921;0.0238;10000;10142574438;B
20240418;100921;0.023795;10000;10142574477;S
20240418;100922;0.023795;100000;10142574560;S
20240418;100925;0.0238;30000;10142575034;B
20240418;100926;0.0238;10000;10142575192;B
20240418;100927;0.023795;250000;10142575350;S
20240418;100927;0.0238;20000;10142575360;B
20240418;100928;0.0238;330000;10142575542;B
20240418;100929;0.0238;80000;10142575707;B
20240418;100929;0.023795;10000;10142575726;S
20240418;100931;0.0238;150000;10142575855;B
20240418;100935;0.023795;340000;10142576428;S
20240418;100935;0.023795;10000;10142576429;S
20240418;100935;0.023795;20000;10142576430;S
20240418;100935;0.023795;10000;10142576431;S
20240418;100935;0.023795;3620000;10142576432;S
20240418;100938;0.0238;250000;10142576777;B
20240418;100939;0.023795;1000000;10142576842;S
20240418;100940;0.0238;1500000;10142576967;B
20240418;100940;0.023795;2940000;10142576970;S
20240418;100940;0.023795;150000;10142576971;S
20240418;100943;0.023795;2000000;10142577405;S
20240418;100943;0.0238;30000;10142577534;B
20240418;100944;0.023795;810000;10142577642;S
20240418;100946;0.0238;10000;10142577887;B
20240418;100947;0.0238;10000;10142578126;B
20240418;100947;0.0238;570000;10142578162;B
20240418;100947;0.0238;2430000;10142578163;B
20240418;100950;0.0238;10000;10142578627;B
20240418;100950;0.0238;10000;10142578647;B
20240418;100952;0.023795;10000;10142578833;S
20240418;100954;0.023795;210000;10142579284;S
20240418;100955;0.0238;10000;10142579460;B
20240418;100957;0.0238;3000000;10142579692;B
20240418;100959;0.0238;10000;10142580045;B
20240418;101000;0.023795;1000000;10142580283;S
20240418;101000;0.0238;50000;10142580332;B
20240418;101001;0.0238;20000;10142580385;B
20240418;101004;0.0238;10000;10142580872;B
20240418;101004;0.023795;20000;10142580988;S
20240418;101011;0.0238;10000;10142581976;B
20240418;101011;0.0238;9980000;10142582033;B
20240418;101011;0.0238;20000;10142582034;B
20240418;101013;0.0238;400000;10142582218;B
20240418;101013;0.0238;580000;10142582287;B
20240418;101013;0.0238;1420000;10142582288;B
20240418;101014;0.023795;470000;10142582424;S
20240418;101014;0.0238;10000;10142582425;B
20240418;101014;0.0238;10000;10142582462;B
20240418;101015;0.0238;100000;10142582495;B
20240418;101017;0.0238;9800000;10142582850;B
20240418;101017;0.0238;30000;10142582851;B
20240418;101017;0.0238;2000000;10142582852;B
20240418;101017;0.0238;3450000;10142582853;B
20240418;101017;0.0238;3000000;10142582854;B
20240418;101017;0.0238;250000;10142582855;B
20240418;101017;0.0238;70000;10142582856;B
20240418;101017;0.0238;1000000;10142582857;B
20240418;101017;0.0238;10000;10142582858;B
20240418;101017;0.0238;10000;10142582859;B
20240418;101017;0.0238;10000;10142582860;B
20240418;101017;0.0238;10000;10142582861;B
20240418;101017;0.0238;1000000;10142582862;B
20240418;101017;0.0238;10000;10142582863;B
20240418;101017;0.0238;10000;10142582864;B
20240418;101017;0.0238;7630000;10142582865;B
20240418;101017;0.023805;5900000;10142582866;B
20240418;101017;0.023805;1000000;10142582867;B
20240418;101017;0.023805;500000;10142582868;B
20240418;101017;0.023805;1000000;10142582869;B
20240418;101017;0.023805;40000;10142582870;B
20240418;101017;0.023805;90000;10142582871;B
20240418;101017;0.023805;5000000;10142582872;B
20240418;101017;0.023805;4210000;10142582873;B
20240418;101017;0.023805;2000000;10142582874;B
20240418;101017;0.023805;50000;10142582875;B
20240418;101017;0.023805;80000;10142582876;B
20240418;101017;0.023805;4220000;10142582877;B
20240418;101017;0.02381;5350000;10142582878;B
20240418;101017;0.02381;52270000;10142582879;B
20240418;101017;0.023805;3000000;10142582941;B
20240418;101017;0.023805;3450000;10142582942;B
20240418;101017;0.02381;2520000;10142582943;B
20240418;101018;0.0238;1000000;10142582985;S
20240418;101018;0.023805;10000;10142583007;B
20240418;101021;0.0238;1300000;10142583401;S
20240418;101024;0.0238;2760000;10142583754;S
20240418;101024;0.0238;120000;10142583755;S
20240418;101024;0.0238;10000;10142583756;S
20240418;101024;0.0238;50000;10142583757;S
20240418;101024;0.0238;30000;10142583758;S
20240418;101024;0.0238;10000;10142583759;S
20240418;101024;0.0238;110000;10142583760;S
20240418;101024;0.0238;3380000;10142583761;S
20240418;101024;0.023795;3530000;10142583762;S
20240418;101024;0.023805;10000;10142583774;B
20240418;101024;0.0238;830000;10142583822;S
20240418;101027;0.023805;10000;10142584214;B
20240418;101027;0.0238;1000000;10142584312;S
20240418;101032;0.0238;10000;10142585040;S
20240418;101033;0.0238;460000;10142585236;S
20240418;101033;0.0238;120000;10142585237;S
20240418;101033;0.0238;60000;10142585238;S
20240418;101033;0.0238;6100000;10142585239;S
20240418;101036;0.023805;20000;10142585569;B
20240418;101038;0.0238;20000;10142585990;S
20240418;101041;0.0238;70000;10142586265;S
20240418;101041;0.0238;10000;10142586290;S
20240418;101044;0.023805;10000;10142586700;B
20240418;101044;0.023805;1000000;10142586715;B
20240418;101044;0.023805;10000;10142586755;B
20240418;101047;0.0238;10000;10142587218;S
20240418;101047;0.0238;40000;10142587251;S
20240418;101048;0.023805;10000;10142587302;B
20240418;101050;0.023805;40000;10142587792;B
20240418;101051;0.0238;350000;10142587988;S
20240418;101051;0.023805;1880000;10142587989;B
20240418;101051;0.023805;620000;10142587990;B
20240418;101053;0.0238;100000;10142588224;S
20240418;101053;0.023805;10000;10142588239;B
20240418;101054;0.023805;40000;10142588240;B
20240418;101055;0.023805;90000;10142588367;B
20240418;101056;0.023805;20000;10142588536;B
20240418;101059;0.023805;20000;10142588997;B
20240418;101101;0.0238;770000;10142589160;S
20240418;101101;0.023805;20000;10142589267;B
20240418;101102;0.0238;10000;10142589330;S
20240418;101102;0.023805;10000;10142589474;B
20240418;101102;0.0238;60000;10142589519;S
20240418;101103;0.023805;10000;10142589575;B
20240418;101103;0.023805;10000;10142589582;B
20240418;101103;0.0238;40000;10142589694;S
20240418;101103;0.023805;10000;10142589759;B
20240418;101106;0.023805;2590000;10142590274;B
20240418;101106;0.023805;1000000;10142590275;B
20240418;101106;0.023805;20000;10142590276;B
20240418;101106;0.023805;20000;10142590277;B
20240418;101106;0.023805;10000;10142590278;B
20240418;101106;0.023805;10000000;10142590279;B
20240418;101106;0.023805;10000000;10142590280;B
20240418;101106;0.023805;7050000;10142590281;B
20240418;101106;0.023805;10000000;10142590282;B
20240418;101106;0.023805;5060000;10142590283;B
20240418;101106;0.023805;4220000;10142590284;B
20240418;101106;0.023805;30000;10142590285;B
20240418;101107;0.02381;70000;10142590469;B
20240418;101109;0.023805;10000;10142590879;S
20240418;101109;0.023805;230000;10142590880;S
20240418;101110;0.023805;90000;10142590907;S
20240418;101110;0.023805;10000;10142590909;S
20240418;101110;0.023805;4000000;10142590943;S
20240418;101110;0.02381;10000;10142590964;B
20240418;101111;0.023805;10000;10142591075;S
20240418;101111;0.02381;7060000;10142591084;B
20240418;101111;0.02381;200000;10142591085;B
20240418;101111;0.02381;12740000;10142591086;B
20240418;101112;0.02381;10000;10142591253;B
20240418;101113;0.02381;800000;10142591398;B
20240418;101115;0.02381;30000;10142591601;B
20240418;101118;0.023805;10000;10142591932;S
20240418;101118;0.023805;10000;10142591944;S
20240418;101120;0.02381;50000;10142592119;B
20240418;101120;0.02381;60000;10142592162;B
20240418;101120;0.02381;40000;10142592165;B
20240418;101121;0.023805;140000;10142592177;S
20240418;101121;0.023805;100000;10142592178;S
20240418;101121;0.023805;4760000;10142592179;S
20240418;101122;0.023805;100000;10142592274;S
20240418;101122;0.02381;4870000;10142592354;B
20240418;101122;0.02381;100000;10142592355;B
20240418;101122;0.02381;1000000;10142592356;B
20240418;101122;0.02381;2000000;10142592357;B
20240418;101122;0.02381;40000;10142592358;B
20240418;101122;0.02381;500000;10142592359;B
20240418;101122;0.02381;540000;10142592360;B
20240418;101122;0.02381;100000;10142592361;B
20240418;101122;0.02381;2000000;10142592362;B
20240418;101122;0.02381;100000;10142592363;B
20240418;101122;0.02381;6000000;10142592364;B
20240418;101122;0.02381;30000;10142592365;B
20240418;101122;0.02381;10000;10142592366;B
20240418;101122;0.02381;15000000;10142592367;B
20240418;101122;0.02381;3450000;10142592368;B
20240418;101122;0.02381;10000;10142592369;B
20240418;101122;0.02381;200000;10142592370;B
20240418;101122;0.02381;300000;10142592371;B
20240418;101122;0.02381;1000000;10142592372;B
20240418;101122;0.02381;6960000;10142592373;B
20240418;101122;0.023815;10000000;10142592374;B
20240418;101122;0.023815;50000;10142592375;B
20240418;101122;0.023815;150000;10142592376;B
20240418;101122;0.023815;10000;10142592377;B
20240418;101122;0.023815;6500000;10142592378;B
20240418;101122;0.023815;100000;10142592379;B
20240418;101122;0.023815;10000;10142592380;B
20240418;101122;0.023815;5900000;10142592381;B
20240418;101122;0.023815;1000000;10142592382;B
20240418;101122;0.023815;2000000;10142592383;B
20240418;101122;0.023815;10000;10142592384;B
20240418;101122;0.023815;500000;10142592385;B
20240418;101122;0.023815;10000;10142592386;B
20240418;101122;0.023815;30000000;10142592387;B
20240418;101122;0.023815;4000000;10142592388;B
20240418;101122;0.023815;1000000;10142592389;B
20240418;101122;0.023815;6000000;10142592390;B
20240418;101122;0.023815;40000;10142592391;B
20240418;101122;0.023815;240000;10142592392;B
20240418;101122;0.023815;100000;10142592393;B
20240418;101122;0.023815;15000000;10142592394;B
20240418;101122;0.023815;1000000;10142592395;B
20240418;101122;0.023815;200000;10142592396;B
20240418;101122;0.023815;90000;10142592397;B
20240418;101122;0.023815;50000;10142592398;B
20240418;101122;0.023815;1000000;10142592399;B
20240418;101122;0.023815;1390000;10142592400;B
20240418;101122;0.023815;80000;10142592401;B
20240418;101122;0.02382;50000;10142592410;B
20240418;101122;0.02382;2950000;10142592411;B
20240418;101122;0.023815;1000000;10142592442;S
20240418;101122;0.02382;3000000;10142592450;B
20240418;101122;0.02382;40000;10142592460;B
20240418;101122;0.02382;3000000;10142592471;B
20240418;101123;0.023815;30000000;10142592487;S
20240418;101123;0.023815;10000;10142592490;S
20240418;101123;0.02382;3000000;10142592494;B
20240418;101123;0.023815;300000;10142592596;S
20240418;101123;0.023815;10000;10142592597;S
20240418;101125;0.023815;700000;10142592786;S
20240418;101126;0.02382;2000000;10142592868;B
20240418;101126;0.023815;10000;10142592913;S
20240418;101128;0.02382;10000;10142593061;B
20240418;101129;0.023815;60000;10142593172;S
20240418;101129;0.02382;2000000;10142593181;B
20240418;101130;0.02382;100000;10142593377;B
20240418;101130;0.02382;10000;10142593378;B
20240418;101130;0.02382;10000;10142593379;B
20240418;101130;0.02382;5000000;10142593380;B
20240418;101130;0.02382;14880000;10142593381;B
20240418;101130;0.02382;50000000;10142593392;B
20240418;101131;0.023815;50000;10142593497;S
20240418;101134;0.023815;2100000;10142593847;S
20240418;101135;0.023815;10000;10142593882;S
20240418;101135;0.02382;500000;10142593934;B
20240418;101135;0.023815;50000;10142593955;S
20240418;101136;0.02382;10000;10142594075;B
20240418;101136;0.023815;20000;10142594099;S
20240418;101137;0.023815;2000000;10142594153;S
20240418;101137;0.02382;10000;10142594158;B
20240418;101138;0.02382;5000000;10142594419;B
20240418;101141;0.02382;100000;10142594680;B
20240418;101142;0.02382;10000;10142594867;B
20240418;101143;0.02382;2000000;10142594903;B
20240418;101145;0.02382;500000;10142595134;B
20240418;101146;0.02382;5000000;10142595279;B
20240418;101146;0.023815;20000;10142595294;S
20240418;101146;0.023815;100000;10142595296;S
20240418;101147;0.02382;200000;10142595337;B
20240418;101147;0.02382;50000;10142595374;B
20240418;101147;0.02382;10000;10142595414;B
20240418;101148;0.023815;20000000;10142595440;S
20240418;101148;0.02382;10000;10142595537;B
20240418;101149;0.023815;5000000;10142595583;S
20240418;101151;0.023815;7920000;10142595840;S
20240418;101151;0.023815;120000;10142595841;S
20240418;101151;0.023815;100000;10142595842;S
20240418;101151;0.023815;40000;10142595843;S
20240418;101151;0.023815;160000;10142595844;S
20240418;101151;0.023815;150000;10142595845;S
20240418;101151;0.02381;23700000;10142595846;S
20240418;101154;0.023805;100000;10142596067;S
20240418;101154;0.0238;1500000;10142596068;S
20240418;101154;0.0238;10000;10142596069;S
20240418;101154;0.0238;500000;10142596070;S
20240418;101154;0.0238;100000;10142596071;S
20240418;101154;0.0238;20000;10142596072;S
20240418;101154;0.0238;10000;10142596073;S
20240418;101154;0.0238;10000;10142596074;S
20240418;101154;0.0238;10000;10142596075;S
20240418;101154;0.0238;1500000;10142596076;S
20240418;101154;0.0238;200000;10142596077;S
20240418;101154;0.0238;1000000;10142596078;S
20240418;101154;0.0238;40000;10142596079;S
20240418;101154;0.023805;250000;10142596120;B
20240418;101155;0.023805;1780000;10142596218;B
20240418;101156;0.023805;200000;10142596338;B
20240418;101157;0.023795;5000000;10142596447;S
20240418;101157;0.023795;20000;10142596474;S
20240418;101157;0.023795;10000;10142596502;S
20240418;101157;0.023805;20000;10142596515;B
20240418;101158;0.023805;750000;10142596560;B
20240418;101158;0.023805;1150000;10142596561;B
20240418;101159;0.0238;100000;10142596812;B
20240418;101159;0.0238;100000;10142596823;B
20240418;101159;0.0238;10000;10142596859;B
20240418;101200;0.0238;1500000;10142596899;B
20240418;101201;0.023795;10000000;10142597048;S
20240418;101202;0.0238;10000;10142597234;B
20240418;101203;0.023795;60000;10142597337;S
20240418;101203;0.0238;10000;10142597414;B
20240418;101204;0.0238;1820000;10142597499;B
20240418;101204;0.0238;180000;10142597500;B
20240418;101205;0.0238;10000;10142597563;B
20240418;101207;0.0238;50000;10142597786;B
20240418;101207;0.0238;10000;10142597797;B
20240418;101208;0.023795;100000;10142597902;S
20240418;101209;0.0238;40000;10142597985;B
20240418;101209;0.0238;900000;10142598032;B
20240418;101209;0.0238;3000000;10142598033;B
20240418;101209;0.0238;3450000;10142598034;B
20240418;101209;0.023805;1000000;10142598035;B
20240418;101209;0.023805;70000;10142598036;B
20240418;101209;0.023805;7380000;10142598037;B
20240418;101209;0.02381;1000000;10142598038;B
20240418;101209;0.02381;5060000;10142598039;B
20240418;101209;0.02381;890000;10142598040;B
20240418;101209;0.02381;2250000;10142598041;B
20240418;101212;0.023805;10000;10142598276;B
20240418;101213;0.023805;2990000;10142598391;B
20240418;101213;0.023805;3450000;10142598392;B
20240418;101213;0.023805;7250000;10142598393;B
20240418;101213;0.02381;6190000;10142598394;B
20240418;101213;0.02381;3000000;10142598395;B
20240418;101213;0.02381;5060000;10142598396;B
20240418;101213;0.02381;70000;10142598397;B
20240418;101213;0.02381;50000;10142598398;B
20240418;101213;0.02381;2260000;10142598399;B
20240418;101213;0.02381;6000000;10142598400;B
20240418;101213;0.023815;1000000;10142598401;B
20240418;101213;0.023815;2000000;10142598402;B
20240418;101213;0.023815;5900000;10142598403;B
20240418;101213;0.023815;4030000;10142598404;B
20240418;101216;0.02381;50000;10142598835;B
20240418;101217;0.0238;1000000;10142599084;S
20240418;101217;0.0238;490000;10142599085;S
20240418;101217;0.023795;210000;10142599086;S
20240418;101217;0.023795;40000;10142599087;S
20240418;101217;0.023795;100000;10142599088;S
20240418;101217;0.023795;250000;10142599089;S
20240418;101218;0.023805;10000;10142599163;B
20240418;101218;0.023795;750000;10142599205;S
20240418;101218;0.023795;4250000;10142599206;S
20240418;101218;0.023805;150000;10142599216;B
20240418;101219;0.023805;100000;10142599430;B
20240418;101222;0.02381;10000;10142599916;B
20240418;101222;0.0238;70000;10142599920;S
20240418;101222;0.02381;50000;10142599932;B
20240418;101222;0.02381;1000000;10142599954;B
20240418;101222;0.02381;10000;10142599956;B
20240418;101223;0.02381;20000;10142600016;B
20240418;101223;0.0238;70000;10142600146;S
20240418;101224;0.0238;40000;10142600408;S
20240418;101226;0.023805;50000;10142600867;B
20240418;101226;0.0238;940000;10142600909;S
20240418;101226;0.0238;10000;10142600910;S
20240418;101226;0.023795;10000;10142600911;S
20240418;101226;0.023795;1000000;10142600912;S
20240418;101226;0.02379;3040000;10142600913;S
20240418;101226;0.023795;50000;10142600922;S
20240418;101226;0.023795;1000000;10142600941;B
20240418;101228;0.0238;30000;10142601160;B
20240418;101229;0.0238;20000;10142601274;B
20240418;101230;0.0238;10000;10142601497;B
20240418;101230;0.02379;10000;10142601517;S
20240418;101231;0.0238;10000;10142601732;B
20240418;101232;0.0238;10000;10142601787;B
20240418;101232;0.0238;30000;10142601905;B
20240418;101233;0.0238;10000;10142601911;B
20240418;101233;0.0238;10000;10142601946;B
20240418;101233;0.02379;10000;10142601966;S
20240418;101236;0.023795;10000;10142602313;S
20240418;101239;0.023795;10000;10142602794;S
20240418;101242;0.02379;50000;10142603157;S
20240418;101244;0.0238;10000;10142603498;B
20240418;101244;0.0238;10000;10142603519;B
20240418;101244;0.0238;10000;10142603567;B
20240418;101246;0.0238;10000;10142603756;B
20240418;101249;0.023795;2440000;10142604071;S
20240418;101249;0.0238;500000;10142604121;B
20240418;101251;0.023795;200000;10142604302;S
20240418;101255;0.023795;100000;10142604837;S
20240418;101256;0.023795;10000;10142604932;S
20240418;101256;0.023795;10000;10142604933;S
20240418;101256;0.0238;10000;10142604945;B
20240418;101256;0.0238;10000;10142604960;B
20240418;101256;0.0238;10000;10142604969;B
20240418;101256;0.0238;100000;10142604981;B
20240418;101257;0.023795;10000;10142605113;S
20240418;101259;0.0238;10000;10142605491;B
20240418;101300;0.0238;30000;10142605683;B
20240418;101302;0.023795;10000;10142605861;S
20240418;101303;0.0238;2080000;10142606144;B
20240418;101305;0.023795;9720000;10142606413;S
20240418;101305;0.023795;5280000;10142606414;S
20240418;101311;0.0238;120000;10142607244;B
20240418;101311;0.0238;3450000;10142607245;B
20240418;101311;0.0238;1430000;10142607246;B
20240418;101316;0.023795;10000;10142608378;S
20240418;101318;0.0238;300000;10142608881;B
20240418;101318;0.0238;50000;10142608943;B
20240418;101319;0.023795;10000;10142609051;S
20240418;101320;0.0238;10000;10142609168;B
20240418;101323;0.0238;300000;10142609520;B
20240418;101323;0.023795;20000000;10142609561;S
20240418;101323;0.023795;10000;10142609603;S
20240418;101324;0.0238;120000;10142609764;B
20240418;101325;0.023795;1000000;10142609831;S
20240418;101328;0.0238;10000;10142610374;B
20240418;101328;0.023795;1290000;10142610453;S
20240418;101328;0.023795;350000;10142610530;S
20240418;101336;0.023795;680000;10142611403;S
20240418;101336;0.0238;20000;10142611566;B
20240418;101337;0.023795;600000;10142611790;S
20240418;101339;0.023795;10000;10142612049;S
20240418;101340;0.023795;80000;10142612163;S
20240418;101342;0.0238;760000;10142612447;B
20240418;101342;0.0238;10000;10142612448;B
20240418;101342;0.0238;4420000;10142612449;B
20240418;101343;0.023795;30000;10142612643;S
20240418;101344;0.0238;10000;10142612816;B
20240418;101347;0.0238;10000;10142613257;B
20240418;101347;0.023795;530000;10142613281;S
20240418;101349;0.0238;5560000;10142613574;B
20240418;101349;0.0238;10000;10142613575;B
20240418;101349;0.0238;500000;10142613576;B
20240418;101349;0.0238;10000;10142613577;B
20240418;101349;0.0238;500000;10142613578;B
20240418;101349;0.0238;70000;10142613579;B
20240418;101349;0.0238;50000;10142613580;B
20240418;101349;0.0238;20000;10142613581;B
20240418;101349;0.0238;50000;10142613582;B
20240418;101349;0.0238;60000;10142613583;B
20240418;101349;0.0238;170000;10142613584;B
20240418;101351;0.023795;120000;10142613887;S
20240418;101351;0.0238;80000;10142613906;B
20240418;101354;0.0238;20000;10142614169;B
20240418;101354;0.0238;80000;10142614170;B
20240418;101356;0.0238;10000;10142614414;B
20240418;101400;0.0238;100000;10142614891;B
20240418;101400;0.0238;4810000;10142614951;B
20240418;101400;0.0238;190000;10142614952;B
20240418;101400;0.0238;4950000;10142614994;B
20240418;101400;0.0238;90000;10142614995;B
20240418;101400;0.0238;440000;10142614996;B
20240418;101403;0.0238;520000;10142615262;S
20240418;101403;0.0238;1000000;10142615263;S
20240418;101403;0.0238;480000;10142615264;S
20240418;101404;0.023805;10000;10142615374;B
20240418;101404;0.0238;350000;10142615483;S
20240418;101406;0.023805;10000;10142615784;B
20240418;101408;0.0238;310000;10142616160;S
20240418;101408;0.0238;40000;10142616179;S
20240418;101411;0.0238;40000;10142616486;S
20240418;101411;0.0238;90000;10142616542;S
20240418;101413;0.0238;130000;10142616870;S
20240418;101414;0.0238;80000;10142616895;S
20240418;101416;0.0238;10000;10142617068;S
20240418;101416;0.023805;30000;10142617111;B
20240418;101416;0.023805;270000;10142617112;B
20240418;101417;0.023805;20000;10142617279;B
20240418;101417;0.023805;100000;10142617342;B
20240418;101420;0.0238;110000;10142617774;S
20240418;101423;0.023805;210000;10142618268;B
20240418;101423;0.0238;170000;10142618316;S
20240418;101423;0.0238;10000;10142618384;S
20240418;101424;0.0238;800000;10142618680;S
20240418;101424;0.023805;200000;10142618706;B
20240418;101426;0.023805;50000;10142618975;B
20240418;101427;0.023805;10000;10142619248;B
20240418;101430;0.0238;10000;10142619695;S
20240418;101431;0.0238;10000;10142619796;S
20240418;101431;0.0238;5000000;10142619811;S
20240418;101433;0.0238;1600000;10142620097;S
20240418;101433;0.0238;20000;10142620115;S
20240418;101434;0.0238;20000;10142620220;S
20240418;101434;0.0238;860000;10142620256;S
20240418;101434;0.0238;440000;10142620257;S
20240418;101434;0.0238;2200000;10142620258;S
20240418;101436;0.023795;50000;10142620481;S
20240418;101436;0.023795;10000;10142620572;S
20240418;101437;0.0238;100000;10142620634;B
20240418;101445;0.023795;10000;10142622923;S
20240418;101445;0.023795;10000;10142622924;S
20240418;101445;0.023795;10000;10142622925;S
20240418;101447;0.0238;10000;10142623303;B
20240418;101450;0.023795;70000;10142623765;S
20240418;101452;0.023795;10000;10142624034;S
20240418;101455;0.0238;350000;10142624541;B
20240418;101456;0.0238;10000;10142624704;B
20240418;101456;0.023795;2100000;10142624731;S
20240418;101500;0.023795;30000;10142625495;S
20240418;101500;0.0238;40000;10142625501;B
20240418;101501;0.023795;10000;10142625600;S
20240418;101502;0.0238;190000;10142625762;B
20240418;101504;0.0238;50000;10142626072;B
20240418;101505;0.023795;270000;10142626249;S
20240418;101505;0.023795;410000;10142626309;S
20240418;101505;0.0238;10000;10142626486;B
20240418;101506;0.0238;30000;10142626520;B
20240418;101506;0.023795;80000;10142626522;S
20240418;101507;0.0238;950000;10142626856;B
20240418;101507;0.023795;190000;10142627010;S
20240418;101509;0.0238;500000;10142627310;B
20240418;101511;0.023795;210000;10142627799;S
20240418;101511;0.023795;1200000;10142628123;S
20240418;101512;0.023795;100000;10142628204;S
20240418;101512;0.023795;230000;10142628428;S
20240418;101512;0.023795;10000;10142628433;S
20240418;101513;0.023795;3230000;10142628746;S
20240418;101514;0.023795;10000;10142629055;S
20240418;101514;0.023795;540000;10142629102;S
20240418;101516;0.0238;2820000;10142629547;B
20240418;101516;0.0238;2880000;10142629548;B
20240418;101516;0.0238;20000;10142629596;B
20240418;101517;0.023795;10000;10142630116;S
20240418;101517;0.023795;40000;10142630117;S
20240418;101517;0.0238;10000;10142630119;B
20240418;101517;0.0238;10000;10142630177;B
20240418;101518;0.0238;40000;10142630526;B
20240418;101519;0.023795;20000;10142630684;S
20240418;101519;0.0238;240000;10142630700;B
20240418;101520;0.023795;130000;10142631032;S
20240418;101521;0.0238;10000;10142631171;B
20240418;101521;0.023795;20000;10142631394;S
20240418;101521;0.023795;10000;10142631514;S
20240418;101522;0.023795;10000;10142631698;S
20240418;101522;0.023795;40000;10142631719;S
20240418;101522;0.023795;10000;10142631721;S
20240418;101523;0.023795;20000;10142631823;S
20240418;101523;0.023795;10000;10142631983;S
20240418;101524;0.023795;10000;10142632118;S
20240418;101524;0.0238;240000;10142632122;B
20240418;101524;0.0238;50000;10142632172;B
20240418;101526;0.023795;10000;10142632466;S
20240418;101526;0.0238;250000;10142632669;B
20240418;101527;0.023795;10000;10142632754;S
20240418;101529;0.023795;4880000;10142633182;S
20240418;101529;0.0238;10000;10142633231;B
20240418;101529;0.023795;10000;10142633270;S
20240418;101529;0.023795;10000;10142633281;S
20240418;101530;0.023795;10000;10142633386;S
20240418;101531;0.023795;10000;10142633573;S
20240418;101533;0.023795;10000;10142633931;S
20240418;101533;0.0238;10000;10142633958;B
20240418;101533;0.0238;10000;10142634046;B
20240418;101533;0.023795;450000;10142634096;S
20240418;101533;0.0238;90000;10142634100;B
20240418;101534;0.023795;10000;10142634261;S
20240418;101534;0.023795;10000;10142634269;S
20240418;101534;0.023795;10000;10142634305;S
20240418;101535;0.023795;10000;10142634487;S
20240418;101537;0.023795;100000;10142634845;S
20240418;101537;0.023795;200000;10142634923;S
20240418;101537;0.0238;10000;10142635041;B
20240418;101538;0.0238;1000000;10142635149;B
20240418;101538;0.023795;50000;10142635279;S
20240418;101539;0.0238;100000;10142635819;B
20240418;101540;0.0238;10000;10142635878;B
20240418;101541;0.0238;5010000;10142636363;B
20240418;101541;0.0238;3450000;10142636364;B
20240418;101541;0.0238;5130000;10142636365;B
20240418;101541;0.023795;10000;10142636447;S
20240418;101541;0.0238;10000;10142636463;B
20240418;101542;0.023795;10000;10142636503;S
20240418;101542;0.0238;200000;10142636516;B
20240418;101545;0.023795;20000;10142637554;S
20240418;101546;0.0238;410000;10142637615;B
20240418;101546;0.023795;10000;10142637829;S
20240418;101548;0.0238;10000;10142638141;B
20240418;101548;0.0238;1200000;10142638165;B
20240418;101548;0.023795;10000;10142638314;S
20240418;101549;0.023795;100000;10142638466;S
20240418;101549;0.023795;2800000;10142638547;S
20240418;101550;0.0238;200000;10142638618;B
20240418;101551;0.0238;20000;10142638844;B
20240418;101552;0.0238;10000;10142638983;B
20240418;101553;0.023795;30000;10142639170;S
20240418;101553;0.023795;130000;10142639171;S
20240418;101553;0.023795;30000;10142639239;S
20240418;101553;0.023795;40000;10142639312;S
20240418;101553;0.023795;30000;10142639314;S
20240418;101553;0.0238;10000;10142639328;B
20240418;101554;0.0238;200000;10142639369;B
20240418;101556;0.0238;50000;10142639797;B
20240418;101556;0.023795;30000;10142639889;S
20240418;101557;0.0238;10000;10142640099;B
20240418;101557;0.0238;10000;10142640132;B
20240418;101557;0.0238;10000;10142640156;B
20240418;101601;0.0238;10000;10142640926;B
20240418;101601;0.0238;10000;10142641098;B
20240418;101602;0.0238;3400000;10142641185;B
20240418;101602;0.023795;10000;10142641200;S
20240418;101603;0.023795;4000000;10142641276;S
20240418;101605;0.023795;20000;10142641810;S
20240418;101606;0.0238;10000;10142642077;B
20240418;101607;0.023795;40000;10142642269;S
20240418;101607;0.023795;10000;10142642344;S
20240418;101608;0.023795;40000;10142642533;S
20240418;101609;0.023795;10000;10142642608;S
20240418;101610;0.023795;290000;10142642976;S
20240418;101612;0.0238;10000;10142643630;B
20240418;101612;0.0238;10000;10142643683;B
20240418;101612;0.023795;680000;10142643696;S
20240418;101612;0.023795;5560000;10142643697;S
20240418;101612;0.0238;100000;10142643718;B
20240418;101612;0.0238;10000;10142643732;B
20240418;101613;0.023795;30000;10142643947;S
20240418;101615;0.023795;400000;10142644106;S
20240418;101616;0.0238;10000;10142644305;B
20240418;101617;0.023795;50000;10142644597;S
20240418;101618;0.0238;10000;10142644649;B
20240418;101619;0.023795;23960000;10142644883;S
20240418;101619;0.023795;10000;10142644884;S
20240418;101619;0.023795;10000;10142644885;S
20240418;101619;0.023795;3000000;10142644886;S
20240418;101619;0.023795;10000;10142644887;S
20240418;101619;0.023795;50000;10142644888;S
20240418;101619;0.023795;10000;10142644889;S
20240418;101619;0.023795;110000;10142644890;S
20240418;101619;0.02379;890000;10142644891;S
20240418;101619;0.02379;10000;10142644892;S
20240418;101619;0.02379;1000000;10142644893;S
20240418;101619;0.02379;1660000;10142644894;S
20240418;101619;0.02379;1230000;10142644895;S
20240418;101619;0.02379;10000;10142644896;S
20240418;101619;0.02379;6000000;10142644897;S
20240418;101619;0.02379;68760000;10142644898;S
20240418;101619;0.023795;10000;10142644903;B
20240418;101620;0.023795;10000;10142644962;B
20240418;101620;0.02379;130000;10142645065;S
20240418;101623;0.02379;100000;10142645438;S
20240418;101623;0.023795;50000;10142645467;B
20240418;101624;0.023795;10000;10142645570;B
20240418;101624;0.023795;150000;10142645603;B
20240418;101624;0.02379;1000000;10142645615;S
20240418;101626;0.023795;50000;10142645801;B
20240418;101626;0.02379;50000;10142645875;S
20240418;101628;0.02379;100000;10142646116;S
20240418;101629;0.02379;1680000;10142646272;S
20240418;101630;0.023795;70000;10142646417;B
20240418;101631;0.02379;10000;10142646500;S
20240418;101631;0.023795;20000;10142646539;B
20240418;101631;0.02379;7000000;10142646564;S
20240418;101631;0.02379;120000;10142646567;S
20240418;101632;0.023795;1000000;10142646695;B
20240418;101633;0.02379;2000000;10142646801;S
20240418;101635;0.023795;10000;10142646973;B
20240418;101636;0.023795;20000;10142647122;B
20240418;101636;0.02379;5000000;10142647162;S
20240418;101638;0.02379;1000000;10142647494;S
20240418;101638;0.023795;20000;10142647500;B
20240418;101641;0.023795;10000;10142647869;B
20240418;101641;0.023795;40000;10142647948;B
20240418;101641;0.02379;5000000;10142647983;S
20240418;101642;0.023795;10000;10142648237;B
20240418;101643;0.02379;30000;10142648379;S
20240418;101645;0.02379;770000;10142648940;S
20240418;101645;0.02379;510000;10142648983;S
20240418;101646;0.023795;20000;10142649102;B
20240418;101648;0.02379;1000000;10142649691;S
20240418;101648;0.023795;10000;10142649698;B
20240418;101648;0.023795;1000000;10142649875;B
20240418;101649;0.023795;60000;10142649920;B
20240418;101649;0.02379;10000;10142649970;S
20240418;101651;0.023795;20000;10142650278;B
20240418;101652;0.023795;10000;10142650511;B
20240418;101652;0.02379;5000000;10142650533;S
20240418;101652;0.023795;3420000;10142650539;B
20240418;101652;0.023795;8440000;10142650540;B
20240418;101652;0.023795;2000000;10142650541;B
20240418;101652;0.023795;6790000;10142650542;B
20240418;101652;0.023795;350000;10142650543;B
20240418;101653;0.023795;40000;10142650667;B
20240418;101653;0.023795;30000;10142650697;B
20240418;101653;0.02379;50000;10142650712;S
20240418;101653;0.02379;10000;10142650731;S
20240418;101653;0.023795;210000;10142650751;B
20240418;101654;0.02379;10000;10142650839;S
20240418;101654;0.023795;220000;10142650870;B
20240418;101654;0.02379;40000;10142650876;S
20240418;101655;0.02379;10000;10142651133;S
20240418;101656;0.023795;10000;10142651158;B
20240418;101657;0.02379;120000;10142651514;S
20240418;101658;0.02379;600000;10142651540;S
20240418;101701;0.023795;20000;10142651980;B
20240418;101702;0.023795;10000;10142652196;B
20240418;101703;0.023795;10000;10142652297;B
20240418;101704;0.02379;10000000;10142652425;S
20240418;101705;0.02379;260000;10142652515;S
20240418;101706;0.023795;10000;10142652646;B
20240418;101706;0.02379;90000;10142652735;S
20240418;101707;0.02379;80000;10142652849;S
20240418;101707;0.02379;90000;10142652884;S
20240418;101707;0.023795;10000;10142652948;B
20240418;101708;0.02379;10000;10142653139;S
20240418;101710;0.023795;10000;10142653324;B
20240418;101711;0.02379;100000;10142653503;S
20240418;101711;0.023795;20000;10142653505;B
20240418;101714;0.023795;10000;10142654074;B
20240418;101715;0.02379;80000;10142654129;S
20240418;101716;0.023795;20000;10142654239;B
20240418;101716;0.02379;90000;10142654444;S
20240418;101718;0.023795;10000;10142654859;B
20240418;101718;0.023795;50000;10142655019;B
20240418;101719;0.02379;30000000;10142655036;S
20240418;101720;0.023795;80000;10142655291;B
20240418;101721;0.023795;10000;10142655316;B
20240418;101721;0.02379;8190000;10142655321;S
20240418;101721;0.023795;30000;10142655412;B
20240418;101721;0.023795;10000;10142655423;B
20240418;101722;0.02379;80000;10142655602;S
20240418;101724;0.02379;10000;10142655845;S
20240418;101725;0.023795;100000;10142656102;B
20240418;101725;0.023795;10000;10142656105;B
20240418;101725;0.023795;10000;10142656111;B
20240418;101726;0.023795;20000;10142656118;B
20240418;101726;0.023795;20000;10142656296;B
20240418;101726;0.02379;50000000;10142656299;S
20240418;101726;0.02379;810000;10142656300;S
20240418;101726;0.02379;20000;10142656302;S
20240418;101726;0.02379;280000;10142656303;S
20240418;101727;0.02379;20000;10142656339;S
20240418;101727;0.02379;100000;10142656340;S
20240418;101727;0.02379;10000;10142656341;S
20240418;101727;0.02379;2200000;10142656342;S
20240418;101727;0.02379;20000;10142656343;S
20240418;101727;0.023785;2000000;10142656344;S
20240418;101727;0.023785;1000000;10142656345;S
20240418;101727;0.023785;50000;10142656346;S
20240418;101727;0.023785;50000;10142656347;S
20240418;101727;0.023785;10000;10142656348;S
20240418;101727;0.023785;10000;10142656349;S
20240418;101727;0.023785;10000;10142656350;S
20240418;101727;0.023785;10000;10142656351;S
20240418;101727;0.023785;10000;10142656352;S
20240418;101727;0.023785;10000;10142656353;S
20240418;101727;0.023785;10000;10142656354;S
20240418;101727;0.023785;5200000;10142656355;S
20240418;101727;0.02378;1130000;10142656356;S
20240418;101728;0.023785;10000;10142656510;B
20240418;101729;0.02378;1410000;10142656707;S
20240418;101729;0.02378;490000;10142656708;S
20240418;101729;0.02378;10000;10142656709;S
20240418;101729;0.02378;10000;10142656710;S
20240418;101729;0.02378;10000;10142656711;S
20240418;101729;0.02378;1530000;10142656712;S
20240418;101729;0.02378;10000;10142656713;S
20240418;101729;0.023775;1000000;10142656714;S
20240418;101729;0.023775;10000;10142656715;S
20240418;101729;0.023775;6000000;10142656716;S
20240418;101729;0.023775;10000;10142656717;S
20240418;101729;0.023775;2000000;10142656718;S
20240418;101729;0.023775;10000;10142656719;S
20240418;101731;0.023775;20000;10142656956;B
20240418;101731;0.023775;10000;10142657164;B
20240418;101733;0.023775;20000;10142657442;B
20240418;101733;0.023775;10000;10142657498;B
20240418;101734;0.023775;10000;10142657523;B
20240418;101734;0.023775;120000;10142657540;B
20240418;101735;0.02377;10000;10142657875;S
20240418;101736;0.023775;10000;10142657924;B
20240418;101736;0.023775;1000000;10142657962;B
20240418;101736;0.023775;40000;10142658008;B
20240418;101736;0.02377;10000;10142658017;S
20240418;101738;0.02377;20000;10142658441;S
20240418;101739;0.023775;10000;10142658551;B
20240418;101741;0.023775;20000;10142658816;B
20240418;101741;0.02377;90000;10142658822;S
20240418;101743;0.02377;100000;10142659267;S
20240418;101743;0.023775;10000;10142659329;B
20240418;101744;0.02377;1770000;10142659453;S
20240418;101744;0.02377;6000000;10142659454;S
20240418;101744;0.02377;20000;10142659455;S
20240418;101744;0.02377;5900000;10142659456;S
20240418;101744;0.02377;10000;10142659457;S
20240418;101744;0.02377;3450000;10142659458;S
20240418;101744;0.02377;3000000;10142659459;S
20240418;101744;0.02377;1000000;10142659460;S
20240418;101744;0.02377;10000;10142659514;B
20240418;101744;0.02377;100000;10142659601;B
20240418;101746;0.02377;20000;10142659838;B
20240418;101746;0.02377;10000;10142660005;B
20240418;101751;0.02377;10000;10142660726;B
20240418;101751;0.023765;300000;10142660774;S
20240418;101751;0.023765;10000;10142660775;S
20240418;101751;0.023765;690000;10142660776;S
20240418;101754;0.02377;80000;10142661277;B
20240418;101754;0.02377;50000;10142661290;B
20240418;101755;0.02377;10000;10142661565;B
20240418;101756;0.02377;20000;10142661629;B
20240418;101757;0.02377;60000;10142661861;B
20240418;101757;0.02377;20000;10142662031;B
20240418;101759;0.023765;150000;10142662336;S
20240418;101800;0.02377;120000;10142662598;B
20240418;101801;0.02377;10000;10142662715;B
20240418;101804;0.02377;10000;10142663261;B
20240418;101806;0.02377;20000;10142663524;B
20240418;101806;0.023765;410000;10142663653;S
20240418;101806;0.023765;590000;10142663654;S
20240418;101807;0.02377;10000;10142663721;B
20240418;101807;0.02377;10000;10142663737;B
20240418;101810;0.02377;20000;10142664110;B
20240418;101811;0.02377;20000;10142664247;B
20240418;101811;0.02377;10000;10142664293;B
20240418;101813;0.02377;10000;10142664596;B
20240418;101815;0.02377;10000;10142664838;B
20240418;101816;0.02377;10000;10142664904;B
20240418;101816;0.02377;10000;10142664920;B
20240418;101816;0.02377;20000;10142664953;B
20240418;101817;0.02377;10000;10142665134;B
20240418;101818;0.02377;250000;10142665193;B
20240418;101818;0.023765;30000;10142665259;S
20240418;101821;0.02377;20000;10142665576;B
20240418;101821;0.02377;2890000;10142665632;B
20240418;101821;0.02377;530000;10142665633;B
20240418;101822;0.023775;500000;10142665862;B
20240418;101825;0.023775;10000;10142666425;B
20240418;101826;0.023775;20000;10142666590;B
20240418;101827;0.023775;100000;10142666913;B
20240418;101828;0.02377;10000;10142667231;S
20240418;101829;0.023775;1000000;10142667322;B
20240418;101831;0.023775;10000;10142667493;B
20240418;101832;0.023775;60000;10142667663;B
20240418;101833;0.023775;420000;10142667986;B
20240418;101835;0.02377;30000;10142668138;S
20240418;101835;0.023775;10000;10142668212;B
20240418;101836;0.023775;20000;10142668272;B
20240418;101838;0.02377;40000;10142668518;S
20240418;101838;0.023775;10000;10142668735;B
20240418;101841;0.023775;20000;10142669051;B
20240418;101841;0.02377;200000;10142669083;S
20240418;101841;0.02377;2050000;10142669084;S
20240418;101841;0.02377;90000;10142669101;S
20240418;101841;0.02377;60000;10142669166;S
20240418;101845;0.02377;20000;10142669673;S
20240418;101846;0.023775;10000;10142669690;B
20240418;101847;0.02377;150000;10142669926;S
20240418;101847;0.02377;30000;10142669930;S
20240418;101847;0.02377;20000;10142670039;S
20240418;101848;0.02377;40000;10142670165;S
20240418;101848;0.023775;10000;10142670530;B
20240418;101849;0.02377;990000;10142670864;S
20240418;101849;0.02377;510000;10142670865;S
20240418;101850;0.023775;20000;10142671105;B
20240418;101850;0.023775;10000;10142671161;B
20240418;101851;0.023775;20000;10142671202;B
20240418;101852;0.023775;90000;10142671479;B
20240418;101852;0.02377;10000;10142671481;S
20240418;101855;0.023775;30000;10142671892;B
20240418;101856;0.023775;20000;10142672009;B
20240418;101859;0.02377;10000;10142672387;S
20240418;101900;0.023775;10000;10142672530;B
20240418;101900;0.023775;10000;10142672647;B
20240418;101901;0.023775;10000;10142672762;B
20240418;101901;0.023775;90000;10142672919;B
20240418;101903;0.023775;10000;10142673114;B
20240418;101903;0.023775;110000;10142673119;B
20240418;101904;0.023775;10000;10142673725;B
20240418;101906;0.023775;20000;10142673994;B
20240418;101907;0.023775;20000;10142674319;B
20240418;101909;0.023775;110000;10142674665;B
20240418;101909;0.02377;1500000;10142674734;S
20240418;101911;0.023775;10000;10142674896;B
20240418;101913;0.023775;10000;10142675187;B
20240418;101915;0.02377;1290000;10142675586;S
20240418;101916;0.023775;20000;10142675704;B
20240418;101917;0.023775;90000;10142675867;B
20240418;101921;0.023775;20000;10142676454;B
20240418;101922;0.02377;100000;10142676550;S
20240418;101923;0.02377;10000;10142676887;S
20240418;101924;0.023775;120000;10142677055;B
20240418;101925;0.023775;10000;10142677301;B
20240418;101925;0.02377;170000;10142677425;S
20240418;101926;0.023775;10000;10142677455;B
20240418;101927;0.02377;10000;10142677819;S
20240418;101927;0.023775;4190000;10142677860;B
20240418;101927;0.02377;30000;10142677888;S
20240418;101928;0.023775;10000;10142677916;B
20240418;101931;0.023775;20000;10142678373;B
20240418;101931;0.023775;110000;10142678450;B
20240418;101933;0.023775;40000;10142678808;B
20240418;101934;0.023775;10000;10142678902;B
20240418;101935;0.02377;200000;10142679143;S
20240418;101936;0.023775;20000;10142679190;B
20240418;101936;0.023775;10000;10142679193;B
20240418;101937;0.02377;18000000;10142679461;S
20240418;101938;0.023775;110000;10142679579;B
20240418;101938;0.023775;10000;10142679586;B
20240418;101941;0.023775;10000;10142680010;B
20240418;101941;0.023775;30000;10142680049;B
20240418;101945;0.023775;70000;10142680924;B
20240418;101946;0.023775;20000;10142681071;B
20240418;101947;0.023775;60000;10142681499;B
20240418;101947;0.023775;110000;10142681508;B
20240418;101950;0.02377;20000;10142682182;S
20240418;101951;0.023775;20000;10142682372;B
20240418;101952;0.023775;100000;10142682774;B
20240418;101952;0.023775;10000;10142682785;B
20240418;101954;0.02377;20000;10142683154;S
20240418;101955;0.023775;110000;10142683494;B
20240418;101956;0.023775;10000;10142683607;B
20240418;101956;0.02377;5000000;10142683697;S
20240418;101956;0.02377;2500000;10142683788;S
20240418;101958;0.02377;300000;10142684068;S
20240418;101958;0.023775;240000;10142684092;B
20240418;101959;0.023775;10000;10142684307;B
20240418;101959;0.02377;40000;10142684374;S
20240418;102000;0.023775;2810000;10142684407;B
20240418;102000;0.023775;50000;10142684408;B
20240418;102000;0.023775;930000;10142684409;B
20240418;102000;0.023775;1000000;10142684410;B
20240418;102000;0.023775;5000000;10142684411;B
20240418;102000;0.023775;3000000;10142684412;B
20240418;102000;0.023775;3450000;10142684413;B
20240418;102000;0.023775;50000;10142684414;B
20240418;102000;0.023775;6220000;10142684415;B
20240418;102000;0.02378;1000000;10142684416;B
20240418;102000;0.02378;100000;10142684417;B
20240418;102000;0.02378;60000;10142684418;B
20240418;102000;0.02378;11350000;10142684419;B
20240418;102000;0.02378;5060000;10142684420;B
20240418;102000;0.02378;8440000;10142684421;B
20240418;102000;0.02378;3000000;10142684422;B
20240418;102000;0.023785;1000000;10142684423;B
20240418;102000;0.023785;50000;10142684424;B
20240418;102000;0.023785;30000000;10142684425;B
20240418;102000;0.023785;6000000;10142684426;B
20240418;102000;0.023785;10000000;10142684427;B
20240418;102000;0.02379;1000000;10142684428;B
20240418;102000;0.02379;430000;10142684429;B
20240418;102001;0.023785;20000;10142684594;B
20240418;102001;0.023785;10000;10142684612;B
