<DATE>;<TIME>;<LAST>;<VOL>;<ID>;<OPER>
20240524;095945;0.02252;10000;10462374702;B
20240524;095945;0.02252;10000;10462374703;S
20240524;095945;0.02252;10000;10462374704;B
20240524;095945;0.02252;10000;10462374705;B
20240524;095945;0.02252;120000;10462374706;S
20240524;095945;0.02252;40000;10462374707;S
20240524;095945;0.02252;10000;10462374708;B
20240524;095945;0.02252;30000;10462374709;B
20240524;095945;0.02252;30000;10462374710;S
20240524;095945;0.02252;40000;10462374711;S
20240524;095945;0.02252;20000;10462374712;S
20240524;095945;0.02252;50000;10462374713;S
20240524;095945;0.02252;30000;10462374714;S
20240524;095945;0.02252;60000;10462374715;S
20240524;095945;0.02252;10000;10462374716;S
20240524;095945;0.02252;40000;10462374717;S
20240524;095945;0.02252;40000;10462374718;S
20240524;095945;0.02252;30000;10462374719;S
20240524;095945;0.02252;20000;10462374720;S
20240524;095945;0.02252;30000;10462374721;S
20240524;095945;0.02252;10000;10462374722;B
20240524;095945;0.02252;10000;10462374723;B
20240524;095945;0.02252;20000;10462374724;B
20240524;095945;0.02252;20000;10462374725;B
20240524;095945;0.02252;10000;10462374726;B
20240524;095945;0.02252;10000;10462374727;B
20240524;095945;0.02252;10000;10462374728;S
20240524;095945;0.02252;40000;10462374729;S
20240524;095945;0.02252;10000;10462374730;B
20240524;095945;0.02252;10000;10462374731;B
20240524;095945;0.02252;10000;10462374732;B
20240524;095945;0.02252;150000;10462374733;B
20240524;095945;0.02252;40000;10462374734;B
20240524;095945;0.02252;50000;10462374735;B
20240524;095945;0.02252;940000;10462374736;B
20240524;095945;0.02252;10000;10462374737;B
20240524;095945;0.02252;10000;10462374738;B
20240524;095945;0.02252;240000;10462374739;B
20240524;095945;0.02252;40000;10462374740;B
20240524;095945;0.02252;20000;10462374741;B
20240524;095945;0.02252;80000;10462374742;S
20240524;095945;0.02252;100000;10462374743;B
20240524;095945;0.02252;100000;10462374744;B
20240524;095945;0.02252;100000;10462374745;B
20240524;095945;0.02252;100000;10462374746;B
20240524;095945;0.02252;100000;10462374747;B
20240524;095945;0.02252;100000;10462374748;B
20240524;095945;0.02252;12820000;10462374749;S
20240524;095945;0.02252;2000000;10462374750;S
20240524;095945;0.02252;10000;10462374751;S
20240524;095945;0.02252;10000;10462374752;S
20240524;095945;0.02252;10000;10462374753;S
20240524;095945;0.02252;10000;10462374754;S
20240524;095945;0.02252;5000000;10462374755;S
20240524;095945;0.02252;10000;10462374756;S
20240524;095945;0.02252;10000;10462374757;S
20240524;095945;0.02252;10000;10462374758;S
20240524;095945;0.02252;10000;10462374759;S
20240524;095945;0.02252;10000;10462374760;S
20240524;095945;0.02252;10000;10462374761;S
20240524;095945;0.02252;10000;10462374762;S
20240524;095945;0.02252;10000;10462374763;S
20240524;095945;0.02252;10000;10462374764;S
20240524;095945;0.02252;10000;10462374765;S
20240524;095945;0.02252;10000;10462374766;S
20240524;095945;0.02252;10000;10462374767;S
20240524;095945;0.02252;10000;10462374768;S
20240524;095945;0.02252;10000;10462374769;S
20240524;095945;0.02252;10000;10462374770;B
20240524;095945;0.02252;10000;10462374771;B
20240524;095945;0.02252;10000;10462374772;B
20240524;095945;0.02252;10000;10462374773;S
20240524;095945;0.02252;10000;10462374774;S
20240524;095945;0.02252;10000;10462374775;S
20240524;095945;0.02252;10000;10462374776;S
20240524;095945;0.02252;10000;10462374777;S
20240524;095945;0.02252;80000;10462374778;S
20240524;095945;0.02252;30000;10462374779;S
20240524;095945;0.02252;5000000;10462374780;S
20240524;095945;0.02252;10000;10462374781;S
20240524;095945;0.02252;10000;10462374782;S
20240524;095945;0.02252;30000;10462374783;S
20240524;095945;0.02252;10000;10462374784;S
20240524;095945;0.02252;20000;10462374785;S
20240524;095945;0.02252;50000;10462374786;S
20240524;095945;0.02252;10000;10462374787;S
20240524;095945;0.02252;10000;10462374788;S
20240524;095945;0.02252;1120000;10462374789;S
20240524;095945;0.02252;50000;10462374790;S
20240524;095945;0.02252;10000;10462374791;S
20240524;095945;0.02252;10000;10462374792;S
20240524;095945;0.02252;10000;10462374793;B
20240524;095945;0.02252;40000;10462374794;B
20240524;095945;0.02252;10000;10462374795;B
20240524;095945;0.02252;30000;10462374796;B
20240524;095945;0.02252;10000;10462374797;B
20240524;095945;0.02252;10000;10462374798;B
20240524;095945;0.02252;250000;10462374799;B
20240524;095945;0.02252;10000;10462374800;B
20240524;095945;0.02252;20000;10462374801;B
20240524;095945;0.02252;50000;10462374802;B
20240524;095945;0.02252;40000;10462374803;B
20240524;095945;0.02252;10000;10462374804;B
20240524;095945;0.02252;100000;10462374805;B
20240524;095945;0.02252;10000;10462374806;B
20240524;095945;0.02252;10000;10462374807;B
20240524;095945;0.02252;20000;10462374808;B
20240524;095945;0.02252;20000;10462374809;B
20240524;095945;0.02252;60000;10462374810;B
20240524;095945;0.02252;5670000;10462374811;B
20240524;095945;0.02252;150000;10462374812;B
20240524;095945;0.02252;1000000;10462374813;B
20240524;095945;0.02252;1040000;10462374814;B
20240524;095945;0.02252;120000;10462374815;B
20240524;095945;0.02252;20000;10462374816;B
20240524;095945;0.02252;270000;10462374817;B
20240524;095945;0.02252;20000;10462374818;B
20240524;095945;0.02252;10000;10462374819;B
20240524;095945;0.02252;100000;10462374820;B
20240524;095945;0.02252;100000;10462374821;B
20240524;095945;0.02252;100000;10462374822;B
20240524;095945;0.02252;10000;10462374823;B
20240524;095945;0.02252;100000;10462374824;B
20240524;095945;0.02252;110000;10462374825;B
20240524;095945;0.02252;10000;10462374826;B
20240524;095945;0.02252;50000;10462374827;B
20240524;095945;0.02252;10000;10462374828;B
20240524;095945;0.02252;30000;10462374829;S
20240524;100000;0.022525;100000;10462378214;B
20240524;100000;0.022525;100000;10462378215;B
20240524;100000;0.022525;100000;10462378216;B
20240524;100000;0.022525;300000;10462378233;B
20240524;100000;0.022525;2000000;10462378276;B
20240524;100000;0.022525;4360000;10462378304;B
20240524;100000;0.022525;640000;10462378305;B
20240524;100000;0.022525;860000;10462378322;B
20240524;100000;0.022525;590000;10462378323;B
20240524;100000;0.022525;3750000;10462378355;S
20240524;100000;0.022525;1700000;10462378356;S
20240524;100000;0.022525;1210000;10462378357;S
20240524;100000;0.02253;10000;10462378497;B
20240524;100002;0.02253;90000;10462379988;B
20240524;100002;0.02253;100000;10462379989;B
20240524;100002;0.02253;100000;10462379990;B
20240524;100002;0.02253;4710000;10462379991;B
20240524;100002;0.02253;1940000;10462380137;B
20240524;100002;0.02253;6650000;10462380138;S
20240524;100002;0.02253;1500000;10462380139;S
20240524;100002;0.022535;4400000;10462380140;B
20240524;100002;0.022535;1310000;10462380145;B
20240524;100002;0.022535;100000;10462380146;B
20240524;100002;0.022535;100000;10462380147;B
20240524;100002;0.022535;100000;10462380148;B
20240524;100002;0.022535;1500000;10462380149;B
20240524;100002;0.022535;2490000;10462380150;B
20240524;100003;0.022535;110000;10462380698;B
20240524;100004;0.022535;50000;10462380757;B
20240524;100004;0.022535;10000;10462380837;B
20240524;100004;0.02253;10000;10462380846;S
20240524;100004;0.022535;10000;10462380934;B
20240524;100004;0.022535;6470000;10462381018;B
20240524;100004;0.022535;1500000;10462381019;B
20240524;100004;0.022535;2030000;10462381020;B
20240524;100004;0.02253;40000;10462381102;S
20240524;100004;0.02253;240000;10462381103;S
20240524;100004;0.02253;20000;10462381104;S
20240524;100004;0.02253;10000;10462381339;S
20240524;100004;0.02253;10000;10462381340;S
20240524;100005;0.022535;20000;10462381598;B
20240524;100005;0.022535;50000;10462381601;B
20240524;100005;0.022535;10000;10462381607;B
20240524;100005;0.022535;10000;10462381608;B
20240524;100005;0.022535;60000;10462381610;B
20240524;100005;0.022535;40000;10462381682;B
20240524;100005;0.022535;10000;10462381700;B
20240524;100005;0.022535;10000;10462381781;B
20240524;100005;0.02253;230000;10462381787;S
20240524;100005;0.02253;10000;10462381874;S
20240524;100005;0.02253;50000;10462381986;S
20240524;100005;0.022535;40000;10462382146;B
20240524;100005;0.02253;70000;10462382149;S
20240524;100005;0.022535;10000;10462382291;B
20240524;100005;0.02253;40000;10462382294;S
20240524;100005;0.02253;10000;10462382298;S
20240524;100005;0.02253;10000;10462382300;S
20240524;100005;0.022535;10000;10462382305;B
20240524;100005;0.022535;10000;10462382309;B
20240524;100005;0.02253;20000;10462382428;S
20240524;100005;0.022535;40000;10462382436;B
20240524;100005;0.022535;10000;10462382437;B
20240524;100005;0.022535;10000;10462382438;B
20240524;100005;0.022535;10000;10462382439;B
20240524;100005;0.02253;20000;10462382550;S
20240524;100006;0.022535;10000;10462383130;B
20240524;100006;0.02253;40000;10462383131;S
20240524;100006;0.022535;10000;10462383173;B
20240524;100006;0.02253;10000;10462383177;S
20240524;100006;0.022535;10000;10462383486;B
20240524;100006;0.022535;10000;10462383489;B
20240524;100006;0.02253;10000;10462383576;S
20240524;100006;0.022535;10000;10462383647;B
20240524;100006;0.022535;10000;10462383648;B
20240524;100006;0.02253;10000;10462383649;S
20240524;100006;0.022535;10000;10462383713;B
20240524;100006;0.02253;10000;10462383990;S
20240524;100006;0.022535;10000;10462383991;B
20240524;100006;0.022535;10000;10462383992;B
20240524;100006;0.022535;10000;10462383993;B
20240524;100006;0.022535;10000;10462384078;B
20240524;100007;0.022535;10000;10462384405;B
20240524;100007;0.02253;10000;10462384455;S
20240524;100007;0.022535;40000;10462384616;B
20240524;100007;0.022535;50000;10462384621;B
20240524;100007;0.02253;10000;10462384624;S
20240524;100007;0.022535;10000;10462384819;B
20240524;100007;0.022535;10000;10462384820;B
20240524;100007;0.022535;20000;10462384824;B
20240524;100007;0.02253;10000;10462384913;S
20240524;100007;0.02253;200000;10462384920;S
20240524;100007;0.022535;10000;10462384975;B
20240524;100007;0.022535;20000;10462384976;B
20240524;100007;0.022535;10000;10462384977;B
20240524;100007;0.02253;10000;10462385363;S
20240524;100007;0.02253;50000;10462385364;S
20240524;100009;0.02253;10000;10462385793;S
20240524;100010;0.022535;30000;10462386165;B
20240524;100010;0.02253;10000;10462386266;S
20240524;100010;0.022535;920000;10462386441;B
20240524;100011;0.022535;10000;10462386869;B
20240524;100015;0.022535;110000;10462387808;B
20240524;100015;0.022535;5020000;10462388036;B
20240524;100015;0.022535;6650000;10462388037;B
20240524;100015;0.022535;1500000;10462388038;B
20240524;100015;0.022535;1620000;10462388039;B
20240524;100015;0.022535;10000;10462388040;B
20240524;100018;0.02254;100000;10462388840;B
20240524;100019;0.02254;2300000;10462389340;B
20240524;100021;0.02254;10000;10462389853;B
20240524;100022;0.02254;10000;10462390060;B
20240524;100023;0.02254;10000;10462390215;B
20240524;100023;0.02254;60000;10462390254;B
20240524;100023;0.02254;10000;10462390334;B
20240524;100024;0.02254;10000;10462390450;B
20240524;100024;0.02254;10000;10462390530;B
20240524;100025;0.022535;120000;10462390730;S
20240524;100025;0.022535;2240000;10462390731;S
20240524;100026;0.02254;10000;10462390803;B
20240524;100026;0.02254;20000;10462390851;B
20240524;100026;0.02254;10000;10462390933;B
20240524;100027;0.02254;30000;10462391040;B
20240524;100027;0.02254;10670000;10462391046;B
20240524;100027;0.02254;9310000;10462391047;B
20240524;100027;0.02254;7700000;10462391048;B
20240524;100027;0.02254;4100000;10462391049;B
20240524;100027;0.02254;10000;10462391069;B
20240524;100027;0.02254;10000;10462391204;B
20240524;100028;0.02254;10000;10462391320;B
20240524;100029;0.02254;10000;10462391477;B
20240524;100029;0.02254;450000;10462391617;B
20240524;100030;0.02254;10000;10462391704;B
20240524;100030;0.02254;20000;10462391803;B
20240524;100032;0.02254;40000;10462392272;B
20240524;100035;0.02254;10000;10462392988;B
20240524;100037;0.022535;10000;10462393704;S
20240524;100040;0.02254;170000;10462394472;B
20240524;100045;0.022535;30000;10462395220;S
20240524;100046;0.02254;100000;10462395415;B
20240524;100049;0.02254;30190000;10462396293;B
20240524;100051;0.02254;137860000;10462396628;B
20240524;100051;0.02254;100000;10462396629;B
20240524;100051;0.02254;100000;10462396630;B
20240524;100051;0.02254;100000;10462396631;B
20240524;100051;0.02254;100000000;10462396632;B
20240524;100051;0.02254;6730000;10462396633;B
20240524;100051;0.02254;10000;10462396634;B
20240524;100051;0.02254;1620000;10462396635;B
20240524;100051;0.02254;6000000;10462396636;B
20240524;100051;0.02254;1500000;10462396637;B
20240524;100051;0.022545;2000000;10462396638;B
20240524;100051;0.022545;100000;10462396639;B
20240524;100051;0.022545;100000;10462396640;B
20240524;100051;0.022545;5000000;10462396643;B
20240524;100051;0.022545;5000000;10462396644;B
20240524;100052;0.022545;1060000;10462396814;B
20240524;100052;0.022545;100000;10462396815;B
20240524;100052;0.022545;100000;10462396816;B
20240524;100052;0.022545;100000;10462396817;B
20240524;100052;0.022545;640000;10462396818;B
20240524;100052;0.022545;2520000;10462396844;B
20240524;100054;0.022545;100000;10462397350;B
20240524;100054;0.022545;100000;10462397424;B
20240524;100055;0.022545;2640000;10462397580;B
20240524;100055;0.022545;1620000;10462397581;B
20240524;100055;0.022545;10000;10462397582;B
20240524;100055;0.02255;250000;10462397583;B
20240524;100058;0.02255;500000;10462398043;B
20240524;100058;0.02255;50000;10462398082;B
20240524;100059;0.02255;40000;10462398294;B
20240524;100059;0.022545;50000;10462398321;S
20240524;100101;0.02255;940000;10462398732;B
20240524;100101;0.02255;3100000;10462398882;B
20240524;100102;0.022545;10000;10462399047;S
20240524;100102;0.022545;1000000;10462399061;S
20240524;100103;0.022545;50000;10462399120;S
20240524;100103;0.02255;40000;10462399228;B
20240524;100104;0.02255;650000;10462399405;B
20240524;100104;0.02255;40000;10462399424;B
20240524;100105;0.02255;10000;10462399495;B
20240524;100105;0.02255;10000;10462399547;B
20240524;100106;0.02255;50000;10462399758;B
20240524;100107;0.022545;10000;10462400047;S
20240524;100109;0.02255;10000;10462400334;B
20240524;100110;0.02255;7570000;10462400770;B
20240524;100110;0.02255;49950000;10462400771;B
20240524;100110;0.02255;400000;10462400775;B
20240524;100112;0.02255;70000;10462401150;B
20240524;100114;0.02255;100000;10462401512;B
20240524;100115;0.022545;5330000;10462401634;S
20240524;100115;0.022545;2150000;10462401635;S
20240524;100115;0.022545;2520000;10462401636;S
20240524;100116;0.02255;20000;10462401825;B
20240524;100119;0.02255;20000;10462402332;B
20240524;100121;0.02255;60000;10462402530;B
20240524;100121;0.02255;100000;10462402531;B
20240524;100121;0.02255;100000;10462402532;B
20240524;100121;0.02255;90000;10462402533;B
20240524;100121;0.02255;1620000;10462402534;B
20240524;100121;0.02255;10000;10462402535;B
20240524;100121;0.02255;40000;10462402536;B
20240524;100121;0.022555;13260000;10462402537;B
20240524;100121;0.022555;9720000;10462402538;B
20240524;100121;0.022555;280000;10462402558;B
20240524;100121;0.022555;100000;10462402559;B
20240524;100121;0.022555;100000;10462402560;B
20240524;100121;0.022555;100000;10462402561;B
20240524;100121;0.022555;5420000;10462402562;B
20240524;100121;0.022555;580000;10462402563;B
20240524;100121;0.02256;120000;10462402687;B
20240524;100122;0.02256;6000000;10462402726;B
20240524;100122;0.022555;10000;10462402843;S
20240524;100123;0.02256;120000;10462402931;B
20240524;100123;0.022555;1800000;10462403006;S
20240524;100124;0.022555;2880000;10462403108;S
20240524;100124;0.022555;1500000;10462403109;S
20240524;100124;0.022555;20000000;10462403110;S
20240524;100124;0.022555;1500000;10462403111;S
20240524;100124;0.02255;1500000;10462403112;S
20240524;100124;0.02255;2620000;10462403113;S
20240524;100124;0.022555;6000000;10462403114;B
20240524;100124;0.022555;1500000;10462403115;S
20240524;100125;0.02256;5000000;10462403348;B
20240524;100126;0.02256;440000;10462403496;B
20240524;100127;0.022555;1200000;10462403518;S
20240524;100127;0.022555;10000;10462403583;S
20240524;100127;0.02256;1000000;10462403593;B
20240524;100130;0.022555;1720000;10462404075;S
20240524;100131;0.022555;10000;10462404167;S
20240524;100135;0.02256;10000;10462404865;B
20240524;100136;0.02256;10000;10462404890;B
20240524;100136;0.02256;10000;10462404915;B
20240524;100137;0.022555;9560000;10462405028;S
20240524;100137;0.022555;4690000;10462405029;S
20240524;100137;0.022555;1500000;10462405030;S
20240524;100137;0.022555;10000;10462405031;S
20240524;100139;0.022555;2000000;10462405320;B
20240524;100140;0.02255;20000;10462405463;S
20240524;100142;0.022555;5000000;10462405697;B
20240524;100143;0.02255;5550000;10462405774;S
20240524;100143;0.022555;44840000;10462405845;B
20240524;100145;0.02255;120000;10462406109;S
20240524;100148;0.02255;10000;10462406436;S
20240524;100148;0.022555;200000;10462406473;B
20240524;100148;0.022555;90000;10462406482;B
20240524;100151;0.022555;10000;10462406755;B
20240524;100152;0.022555;30000;10462407131;B
20240524;100152;0.022555;20000;10462407148;B
20240524;100153;0.022555;50000;10462407218;B
20240524;100153;0.022555;10000;10462407257;B
20240524;100154;0.022555;50000;10462407328;B
20240524;100154;0.02255;10000;10462407366;S
20240524;100154;0.022555;50000;10462407394;B
20240524;100155;0.02255;100000;10462407473;S
20240524;100155;0.022555;50000;10462407499;B
20240524;100155;0.022555;10000;10462407525;B
20240524;100155;0.022555;10000;10462407576;B
20240524;100156;0.022555;50000;10462407612;B
20240524;100156;0.022555;50000;10462407669;B
20240524;100157;0.022555;3000000;10462407840;B
20240524;100157;0.022555;50000;10462407868;B
20240524;100158;0.022555;300000;10462407970;B
20240524;100158;0.022555;50000;10462407978;B
20240524;100158;0.022555;3620000;10462407979;B
20240524;100159;0.022555;50000;10462408081;B
20240524;100159;0.022555;50000;10462408171;B
20240524;100159;0.022555;8000000;10462408180;B
20240524;100200;0.022555;2090000;10462408183;B
20240524;100200;0.022555;1400000;10462408184;B
20240524;100200;0.022555;50000;10462408280;B
20240524;100201;0.022555;50000;10462408356;B
20240524;100201;0.022555;50000;10462408445;B
20240524;100202;0.022555;50000;10462408504;B
20240524;100203;0.022555;50000;10462408583;B
20240524;100203;0.022555;30000;10462408671;B
20240524;100203;0.022555;50000;10462408672;B
20240524;100203;0.022555;500000;10462408673;B
20240524;100204;0.022555;50000;10462408758;B
20240524;100205;0.022555;50000;10462408838;B
20240524;100208;0.022555;340000;10462409267;B
20240524;100208;0.022555;30000;10462409271;B
20240524;100209;0.022555;170000;10462409454;B
20240524;100212;0.022555;80000;10462409833;B
20240524;100216;0.022555;10000;10462410625;B
20240524;100216;0.02255;2190000;10462410643;S
20240524;100216;0.02255;12810000;10462410644;S
20240524;100217;0.022555;10000;10462410694;B
20240524;100217;0.022555;80000;10462410828;B
20240524;100219;0.02255;10000;10462410969;S
20240524;100219;0.02255;10000;10462410970;S
20240524;100219;0.02255;10000;10462410971;S
20240524;100220;0.022555;100000;10462411103;B
20240524;100223;0.02255;10000;10462411599;S
20240524;100224;0.022555;10000;10462411752;B
20240524;100226;0.02255;6630000;10462411995;S
20240524;100226;0.02255;10000000;10462411996;S
20240524;100226;0.02255;15270000;10462411997;S
20240524;100228;0.02255;410000;10462412230;B
20240524;100228;0.02255;30000;10462412282;B
20240524;100228;0.02255;1340000;10462412336;B
20240524;100231;0.02255;270000;10462412670;B
20240524;100232;0.02255;10000;10462412866;B
20240524;100233;0.02255;20000;10462412919;B
20240524;100233;0.02255;3920000;10462413026;B
20240524;100233;0.02255;1580000;10462413027;B
20240524;100235;0.02255;10000;10462413349;B
20240524;100236;0.02255;200000;10462413531;B
20240524;100238;0.02255;20000;10462413754;B
20240524;100242;0.022545;7540000;10462414270;S
20240524;100242;0.022545;5000000;10462414313;S
20240524;100250;0.02255;20000;10462415163;B
20240524;100250;0.02255;20000;10462415169;B
20240524;100250;0.022545;10000;10462415184;S
20240524;100256;0.02255;3480000;10462415889;B
20240524;100256;0.02255;650000;10462415890;B
20240524;100256;0.02255;2240000;10462415891;B
20240524;100258;0.02255;10000;10462416096;B
20240524;100259;0.02255;20000;10462416215;B
20240524;100301;0.02255;450000;10462416419;B
20240524;100301;0.02255;1730000;10462416420;B
20240524;100301;0.02255;6000000;10462416421;B
20240524;100301;0.02255;1000000;10462416422;B
20240524;100301;0.02255;10000000;10462416423;B
20240524;100301;0.02255;10000;10462416424;B
20240524;100301;0.02255;1260000;10462416425;B
20240524;100301;0.022545;300000;10462416431;S
20240524;100302;0.02255;1710000;10462416569;B
20240524;100302;0.022545;70000;10462416681;S
20240524;100304;0.022545;10000000;10462416839;S
20240524;100304;0.02255;30000;10462416861;B
20240524;100312;0.02255;40000;10462417882;B
20240524;100314;0.022545;480000;10462418024;S
20240524;100315;0.022545;2000000;10462418193;S
20240524;100316;0.022545;6000000;10462418332;S
20240524;100317;0.022545;10000;10462418397;S
20240524;100318;0.02255;250000;10462418563;B
20240524;100318;0.02255;10000;10462418617;B
20240524;100321;0.02255;10000;10462418917;B
20240524;100322;0.022545;40000;10462419158;S
20240524;100326;0.02255;10000;10462419554;B
20240524;100327;0.02255;20000;10462419694;B
20240524;100328;0.022545;500000;10462419823;S
20240524;100328;0.022545;1880000;10462419864;S
20240524;100329;0.02255;50000;10462419927;B
20240524;100330;0.02255;10000;10462420089;B
20240524;100330;0.022545;10000;10462420154;S
20240524;100340;0.02255;3860000;10462421511;B
20240524;100340;0.02255;890000;10462421512;B
20240524;100340;0.02255;5330000;10462421513;B
20240524;100340;0.02255;8890000;10462421514;B
20240524;100340;0.02255;5000000;10462421515;B
20240524;100340;0.02255;3150000;10462421516;B
20240524;100340;0.02255;1500000;10462421532;B
20240524;100342;0.02255;130000;10462421885;B
20240524;100343;0.02255;20000;10462422025;B
20240524;100343;0.02255;370000;10462422114;B
20240524;100347;0.02255;800000;10462422717;B
20240524;100352;0.022545;5200000;10462423509;S
20240524;100353;0.022545;3240000;10462423765;S
20240524;100353;0.022545;3500000;10462423766;S
20240524;100353;0.022545;20000000;10462423767;S
20240524;100353;0.022545;1500000;10462423768;S
20240524;100353;0.022545;1000000;10462423769;S
20240524;100353;0.02254;1500000;10462423770;S
20240524;100353;0.02254;30000;10462423771;S
20240524;100353;0.02254;70000;10462423772;S
20240524;100353;0.02254;10000000;10462423773;S
20240524;100353;0.02254;6650000;10462423774;S
20240524;100353;0.02254;4690000;10462423775;S
20240524;100353;0.02254;10000;10462423776;S
20240524;100353;0.02254;8560000;10462423777;S
20240524;100353;0.02254;3000000;10462423778;S
20240524;100353;0.022535;1500000;10462423779;S
20240524;100353;0.022535;7500000;10462423780;S
20240524;100353;0.022535;570000;10462423781;S
20240524;100353;0.02253;1500000;10462423782;S
20240524;100353;0.02253;10000;10462423783;S
20240524;100353;0.02253;6000000;10462423784;S
20240524;100353;0.02253;5330000;10462423785;S
20240524;100353;0.02253;10000;10462423786;S
20240524;100353;0.022525;1500000;10462423787;S
20240524;100353;0.022525;6730000;10462423788;S
20240524;100353;0.022525;6000000;10462423789;S
20240524;100353;0.022525;10000;10462423790;S
20240524;100353;0.022525;10000;10462423791;S
20240524;100353;0.022525;10000;10462423792;S
20240524;100353;0.022525;10000;10462423793;S
20240524;100353;0.022525;10000;10462423794;S
20240524;100353;0.022525;10000;10462423795;S
20240524;100353;0.022525;10000;10462423796;S
20240524;100353;0.022525;30000000;10462423797;S
20240524;100353;0.022525;400000;10462423798;S
20240524;100353;0.022525;50000;10462423799;S
20240524;100353;0.022525;6000000;10462423800;S
20240524;100353;0.02252;10000;10462423801;S
20240524;100353;0.02252;40000;10462423802;S
20240524;100353;0.02252;1500000;10462423803;S
20240524;100353;0.02252;20000;10462423804;S
20240524;100353;0.02252;6000000;10462423805;S
20240524;100353;0.02252;6730000;10462423806;S
20240524;100353;0.02252;30000000;10462423807;S
20240524;100353;0.02252;100000;10462423808;S
20240524;100353;0.022515;10000;10462423809;S
20240524;100353;0.022515;10000;10462423810;S
20240524;100353;0.022515;5000000;10462423811;S
20240524;100353;0.022515;1500000;10462423812;S
20240524;100353;0.022515;6000000;10462423813;S
20240524;100353;0.022515;3160000;10462423814;S
20240524;100353;0.022525;120000;10462423818;S
20240524;100354;0.02253;1000000;10462423957;B
20240524;100356;0.02253;2000000;10462424257;B
20240524;100357;0.02253;2690000;10462424477;B
20240524;100357;0.02253;6000000;10462424478;B
20240524;100357;0.02253;1500000;10462424479;B
20240524;100357;0.02253;2010000;10462424480;B
20240524;100400;0.02253;90000;10462424817;B
20240524;100400;0.022525;50000;10462424834;S
20240524;100400;0.02253;50000;10462424879;B
20240524;100402;0.02253;810000;10462425130;B
20240524;100405;0.022525;2780000;10462425635;S
20240524;100405;0.02253;5000000;10462425663;B
20240524;100405;0.02253;1000000;10462425682;B
20240524;100407;0.02253;140000;10462425863;B
20240524;100409;0.02253;2910000;10462426125;B
20240524;100409;0.02253;1500000;10462426126;B
20240524;100409;0.02253;6000000;10462426127;B
20240524;100409;0.02253;4690000;10462426128;B
20240524;100409;0.02253;26990000;10462426129;B
20240524;100411;0.022535;100000;10462426550;B
20240524;100412;0.02253;10000;10462426600;S
20240524;100415;0.022535;5900000;10462426980;B
20240524;100415;0.02254;1500000;10462426981;B
20240524;100415;0.02254;2600000;10462426982;B
20240524;100415;0.022535;10000;10462427073;S
20240524;100415;0.02254;2000000;10462427088;B
20240524;100417;0.022535;1500000;10462427300;S
20240524;100417;0.022535;500000;10462427301;S
20240524;100418;0.02254;10000;10462427407;B
20240524;100420;0.02254;10000;10462427567;B
20240524;100420;0.022535;20000;10462427640;S
20240524;100425;0.022535;60000;10462428229;S
20240524;100425;0.02254;100000;10462428248;B
20240524;100426;0.02254;10000;10462428327;B
20240524;100427;0.02254;20000;10462428530;B
20240524;100429;0.022535;4110000;10462428762;S
20240524;100429;0.022535;1890000;10462428763;S
20240524;100431;0.022535;20000;10462429023;S
20240524;100434;0.02254;1250000;10462429392;B
20240524;100434;0.02254;60000;10462429393;B
20240524;100434;0.02254;10000;10462429394;B
20240524;100434;0.022545;3730000;10462429395;B
20240524;100434;0.02254;1210000;10462429396;S
20240524;100434;0.02254;4790000;10462429397;S
20240524;100434;0.02254;20330000;10462429398;S
20240524;100434;0.022535;6980000;10462429399;S
20240524;100434;0.022535;1500000;10462429400;S
20240524;100434;0.022535;1190000;10462429401;S
20240524;100434;0.022535;5330000;10462429402;S
20240524;100434;0.022535;1500000;10462429403;S
20240524;100434;0.022535;4690000;10462429404;S
20240524;100434;0.022535;900000;10462429405;S
20240524;100434;0.022535;6650000;10462429406;B
20240524;100434;0.022545;10000;10462429477;B
20240524;100437;0.022535;1500000;10462429723;S
20240524;100437;0.022535;300000;10462429724;S
20240524;100444;0.02254;10000;10462430592;B
20240524;100444;0.02254;1490000;10462430616;B
20240524;100444;0.02254;10000;10462430646;S
20240524;100449;0.02254;50000;10462431114;S
20240524;100449;0.02254;1750000;10462431145;S
20240524;100449;0.022535;200000;10462431146;S
20240524;100449;0.022535;10000;10462431147;S
20240524;100449;0.022535;40000;10462431148;S
20240524;100450;0.022535;10000;10462431190;S
20240524;100451;0.022535;30000;10462431327;S
20240524;100451;0.022535;90000;10462431393;S
20240524;100453;0.022535;990000;10462431519;S
20240524;100453;0.02254;1500000;10462431583;B
20240524;100453;0.02254;1500000;10462431584;B
20240524;100454;0.02254;100000;10462431654;B
20240524;100457;0.022535;50000;10462431986;S
20240524;100457;0.022535;4160000;10462431987;S
20240524;100457;0.022535;4450000;10462431988;S
20240524;100457;0.022535;8890000;10462431989;S
20240524;100457;0.022535;5330000;10462431991;S
20240524;100457;0.022535;1500000;10462431992;S
20240524;100457;0.02254;30000;10462432064;B
20240524;100459;0.02254;40000;10462432298;B
20240524;100459;0.02254;10000;10462432329;B
20240524;100505;0.02254;10000;10462433307;B
20240524;100506;0.02254;60000;10462433401;B
20240524;100506;0.022545;10000;10462433402;B
20240524;100508;0.022545;220000;10462433697;B
20240524;100508;0.022545;10000;10462433726;B
20240524;100509;0.022545;1260000;10462433790;B
20240524;100509;0.022545;6000000;10462433791;B
20240524;100509;0.022545;10000;10462433792;B
20240524;100509;0.022545;1500000;10462433793;B
20240524;100510;0.022545;50000;10462433903;B
20240524;100513;0.022545;30000;10462434874;B
20240524;100515;0.02254;10000;10462435351;B
20240524;100515;0.022535;20000;10462435480;S
20240524;100516;0.02254;20000;10462435576;B
20240524;100517;0.02254;70000;10462435802;B
20240524;100519;0.02254;370000;10462436050;B
20240524;100520;0.02254;10000;10462436056;B
20240524;100520;0.022535;10000;10462436071;S
20240524;100520;0.02254;180000;10462436138;B
20240524;100520;0.022535;70000;10462436187;S
20240524;100521;0.02254;20000;10462436320;B
20240524;100522;0.022535;80000;10462436367;S
20240524;100522;0.02254;10000;10462436496;B
20240524;100523;0.022535;10000;10462436570;S
20240524;100524;0.022535;120000;10462436756;S
20240524;100526;0.02254;10000;10462436942;B
20240524;100527;0.02254;2000000;10462437142;B
20240524;100529;0.022535;140000;10462437480;S
20240524;100531;0.02254;10000;10462437720;B
20240524;100532;0.02254;290000;10462437912;B
20240524;100532;0.02254;10000;10462437913;B
20240524;100532;0.02254;1500000;10462437914;B
20240524;100532;0.02254;200000;10462437915;B
20240524;100532;0.022535;10000;10462437982;S
20240524;100536;0.02254;30000;10462438370;S
20240524;100537;0.022545;10000;10462438453;B
20240524;100538;0.022545;20000;10462438614;B
20240524;100541;0.022545;10000;10462439033;B
20240524;100550;0.022545;30000;10462440170;B
20240524;100551;0.022545;10000;10462440269;B
20240524;100552;0.022545;120000;10462440324;B
20240524;100552;0.022545;60000;10462440325;B
20240524;100553;0.02254;210000;10462440496;S
20240524;100556;0.022545;10000;10462440864;B
20240524;100556;0.02255;20000;10462440879;B
20240524;100559;0.02255;400000;10462441363;B
20240524;100559;0.02255;50000;10462441384;B
20240524;100608;0.02255;20000;10462442646;B
20240524;100608;0.022545;110000;10462442673;S
20240524;100608;0.022545;10000;10462442674;S
20240524;100608;0.022545;200000;10462442675;S
20240524;100608;0.02254;580000;10462442676;S
20240524;100610;0.022545;10000;10462443001;B
20240524;100614;0.022545;100000;10462443563;B
20240524;100614;0.022545;10000;10462443568;B
20240524;100615;0.02254;30000;10462443601;S
20240524;100621;0.02254;40000;10462444215;S
20240524;100623;0.022545;20000;10462444364;B
20240524;100624;0.02254;20000;10462444464;S
20240524;100625;0.022545;10000;10462444653;B
20240524;100625;0.022545;300000;10462444663;B
20240524;100626;0.02254;6440000;10462444696;S
20240524;100626;0.022545;200000;10462444879;B
20240524;100627;0.022545;10000;10462444910;B
20240524;100627;0.022545;20000;10462444960;B
20240524;100627;0.022545;10000;10462444968;B
20240524;100628;0.02254;10000;10462445060;S
20240524;100628;0.022545;810000;10462445140;B
20240524;100628;0.022545;4690000;10462445141;B
20240524;100628;0.022545;3000000;10462445142;B
20240524;100628;0.022545;5650000;10462445143;B
20240524;100630;0.02255;540000;10462445345;B
20240524;100633;0.022545;10000;10462445825;S
20240524;100633;0.022545;470000;10462445826;S
20240524;100636;0.022545;50000;10462446054;S
20240524;100640;0.02255;50000;10462446603;B
20240524;100642;0.02255;2950000;10462447001;B
20240524;100642;0.02255;4440000;10462447002;B
20240524;100642;0.02255;10000;10462447003;B
20240524;100642;0.02255;1500000;10462447004;B
20240524;100642;0.02255;3000000;10462447005;B
20240524;100642;0.02255;5330000;10462447006;B
20240524;100642;0.02255;6000000;10462447007;B
20240524;100642;0.02255;6730000;10462447008;B
20240524;100642;0.02255;4450000;10462447009;B
20240524;100642;0.02255;8890000;10462447010;B
20240524;100642;0.02255;4690000;10462447011;B
20240524;100642;0.02255;5260000;10462447012;B
20240524;100642;0.02255;6650000;10462447013;B
20240524;100642;0.02255;3000000;10462447014;B
20240524;100642;0.02255;10000;10462447015;B
20240524;100642;0.022555;6000000;10462447016;B
20240524;100642;0.022555;5550000;10462447017;B
20240524;100642;0.022555;1500000;10462447018;B
20240524;100642;0.022555;6730000;10462447019;B
20240524;100642;0.022555;10000000;10462447020;B
20240524;100642;0.022555;12900000;10462447021;B
20240524;100642;0.02256;510000;10462447022;B
20240524;100642;0.02256;100000;10462447023;B
20240524;100642;0.02256;40000;10462447024;B
20240524;100642;0.02256;100000;10462447025;B
20240524;100642;0.02256;100000;10462447026;B
20240524;100642;0.02256;100000;10462447027;B
20240524;100642;0.02256;150000;10462447028;B
20240524;100642;0.02256;6000000;10462447029;B
20240524;100642;0.02256;1620000;10462447030;B
20240524;100642;0.02256;1500000;10462447031;B
20240524;100642;0.02256;6730000;10462447032;B
20240524;100642;0.02256;200000;10462447033;B
20240524;100642;0.02256;50000;10462447034;B
20240524;100642;0.022565;4410000;10462447035;B
20240524;100642;0.022565;13230000;10462447036;B
20240524;100642;0.022565;10000000;10462447037;B
20240524;100642;0.022565;100000;10462447038;B
20240524;100642;0.022565;100000;10462447039;B
20240524;100642;0.022565;100000;10462447040;B
20240524;100642;0.022565;6730000;10462447041;B
20240524;100642;0.022565;1500000;10462447042;B
20240524;100642;0.022565;6000000;10462447043;B
20240524;100642;0.022565;5000000;10462447044;B
20240524;100642;0.022565;3000000;10462447045;B
20240524;100642;0.022565;400000;10462447046;B
20240524;100642;0.022565;100000;10462447047;B
20240524;100642;0.022565;7800000;10462447048;B
20240524;100642;0.02257;13260000;10462447049;B
20240524;100642;0.02257;4410000;10462447050;B
20240524;100642;0.02257;100000;10462447051;B
20240524;100642;0.02257;100000;10462447052;B
20240524;100642;0.02257;100000;10462447053;B
20240524;100642;0.02257;770000;10462447054;B
20240524;100643;0.022555;20000;10462447234;B
20240524;100643;0.02255;600000;10462447407;S
20240524;100644;0.022555;10000;10462447513;B
20240524;100649;0.022555;10000;10462448183;B
20240524;100656;0.022555;10000;10462448991;B
20240524;100656;0.02255;20000;10462449052;S
20240524;100656;0.022555;30000;10462449115;B
20240524;100700;0.022555;10000;10462449544;B
20240524;100701;0.022555;40000;10462449783;B
20240524;100709;0.022555;20000;10462451017;B
20240524;100711;0.022555;4620000;10462451629;B
20240524;100711;0.022555;6650000;10462451630;B
20240524;100711;0.022555;10000;10462451631;B
20240524;100711;0.022555;3000000;10462451632;B
20240524;100711;0.022555;720000;10462451633;B
20240524;100713;0.02256;70000;10462451920;B
20240524;100718;0.022555;3000000;10462452611;B
20240524;100718;0.02256;5260000;10462452612;B
20240524;100718;0.02256;6730000;10462452613;B
20240524;100718;0.02256;1500000;10462452614;B
20240524;100718;0.02256;10000;10462452615;B
20240524;100718;0.02256;3000000;10462452616;B
20240524;100718;0.02256;4690000;10462452617;B
20240524;100718;0.02256;5110000;10462452618;B
20240524;100718;0.022565;700000;10462452619;B
20240524;100720;0.022555;30000;10462452731;S
20240524;100720;0.022555;10000;10462452813;S
20240524;100720;0.02256;10000;10462452825;B
20240524;100722;0.022555;10000;10462452958;B
20240524;100724;0.022555;50000;10462453204;B
20240524;100725;0.022555;50000;10462453541;B
20240524;100728;0.022555;10000;10462453823;B
20240524;100731;0.022555;10000;10462454257;B
20240524;100739;0.022555;10000;10462455180;S
20240524;100742;0.02256;20000;10462455531;B
20240524;100743;0.022555;450000;10462455625;S
20240524;100745;0.02256;10000;10462455785;B
20240524;100746;0.02256;450000;10462455873;B
20240524;100746;0.02256;40000;10462455914;B
20240524;100747;0.02256;20000;10462456088;B
20240524;100750;0.022555;20000;10462456333;S
20240524;100754;0.022555;50000;10462456799;S
20240524;100756;0.022555;100000;10462456983;S
20240524;100802;0.02256;10000;10462457636;B
20240524;100803;0.02256;20000;10462457893;B
20240524;100805;0.022555;3120000;10462458085;S
20240524;100810;0.02256;20000;10462459003;B
20240524;100811;0.022555;940000;10462459126;S
20240524;100811;0.022555;60000;10462459127;S
20240524;100815;0.022555;200000;10462459540;S
20240524;100816;0.02256;10000;10462459800;B
20240524;100828;0.02256;10000;10462461219;B
20240524;100830;0.02256;670000;10462461512;B
20240524;100833;0.02256;40000;10462462027;B
20240524;100833;0.02256;50000;10462462065;B
20240524;100837;0.02256;2170000;10462462490;B
20240524;100837;0.02256;10000;10462462491;B
20240524;100837;0.02256;20000;10462462492;B
20240524;100837;0.022565;890000;10462462493;B
20240524;100840;0.02256;1500000;10462462862;S
20240524;100840;0.02256;700000;10462462863;S
20240524;100841;0.02256;500000;10462463019;S
20240524;100841;0.022565;600000;10462463026;B
20240524;100842;0.022565;130000;10462463171;B
20240524;100842;0.022565;10000;10462463172;B
20240524;100842;0.022565;50000;10462463173;B
20240524;100842;0.022565;4680000;10462463174;B
20240524;100842;0.02257;2630000;10462463175;B
20240524;100850;0.022565;1500000;10462464600;S
20240524;100850;0.022565;3000000;10462464601;S
20240524;100850;0.022565;500000;10462464602;S
20240524;100851;0.02257;10000;10462464726;B
20240524;100853;0.022565;4500000;10462465021;S
20240524;100853;0.022565;500000;10462465022;S
20240524;100854;0.02257;1610000;10462465241;B
20240524;100854;0.02257;10000;10462465242;B
20240524;100854;0.02257;970000;10462465243;B
20240524;100854;0.02257;10000;10462465244;B
20240524;100854;0.02257;2400000;10462465245;B
20240524;100855;0.02257;20000;10462465364;B
20240524;100855;0.02257;10000;10462465399;B
20240524;100855;0.02257;2580000;10462465575;B
20240524;100856;0.022575;10000;10462465604;B
20240524;100856;0.02257;2420000;10462465624;S
20240524;100856;0.02257;1500000;10462465625;S
20240524;100856;0.02257;1080000;10462465626;S
20240524;100904;0.022575;10000;10462467029;B
20240524;100904;0.022575;10000;10462467038;B
20240524;100906;0.02257;50000;10462467506;B
20240524;100907;0.02257;5030000;10462467669;B
20240524;100907;0.02257;1200000;10462467670;B
20240524;100907;0.02257;4690000;10462467671;B
20240524;100907;0.022575;13230000;10462467672;B
20240524;100907;0.022575;4410000;10462467673;B
20240524;100907;0.022575;100000;10462467674;B
20240524;100907;0.022575;100000;10462467675;B
20240524;100907;0.022575;100000;10462467676;B
20240524;100907;0.022575;6730000;10462467677;B
20240524;100907;0.022575;1460000;10462467678;B
20240524;100907;0.022575;2600000;10462467679;B
20240524;100907;0.022575;1620000;10462467680;B
20240524;100907;0.022575;1500000;10462467681;B
20240524;100907;0.022575;3000000;10462467682;B
20240524;100907;0.022575;6000000;10462467683;B
20240524;100907;0.02258;13260000;10462467684;B
20240524;100907;0.02258;4410000;10462467685;B
20240524;100907;0.02258;100000;10462467686;B
20240524;100907;0.02258;100000;10462467687;B
20240524;100907;0.02258;100000;10462467688;B
20240524;100907;0.02258;6730000;10462467689;B
20240524;100907;0.02258;6000000;10462467690;B
20240524;100907;0.02258;1500000;10462467691;B
20240524;100907;0.02258;21450000;10462467692;B
20240524;100907;0.02258;6640000;10462467693;B
20240524;100907;0.02258;120000;10462467752;S
20240524;100908;0.02258;5000000;10462467825;S
20240524;100910;0.022585;40000;10462468161;B
20240524;100912;0.022585;80000;10462468312;B
20240524;100913;0.02258;5960000;10462468409;S
20240524;100913;0.022585;1000000;10462468410;B
20240524;100914;0.022585;90000;10462468561;B
20240524;100915;0.02258;10000;10462468715;S
20240524;100915;0.022585;180000;10462468746;B
20240524;100917;0.022585;200000;10462468963;B
20240524;100917;0.022585;30000;10462468988;B
20240524;100919;0.022585;20000;10462469176;B
20240524;100920;0.022585;2770000;10462469265;B
20240524;100920;0.022585;13320000;10462469266;B
20240524;100920;0.022585;100000;10462469267;B
20240524;100920;0.022585;100000;10462469268;B
20240524;100920;0.022585;100000;10462469269;B
20240524;100920;0.022585;200000;10462469270;B
20240524;100920;0.022585;100000;10462469271;B
20240524;100920;0.022585;3310000;10462469272;B
20240524;100922;0.022585;290000;10462469477;B
20240524;100922;0.022585;10000;10462469502;B
20240524;100924;0.022585;70000;10462469866;B
20240524;100924;0.022585;10000;10462469867;B
20240524;100928;0.022585;500000;10462470262;B
20240524;100928;0.022585;2670000;10462470269;B
20240524;100929;0.02258;30000;10462470379;S
20240524;100930;0.02258;10000;10462470415;S
20240524;100930;0.022585;120000;10462470484;B
20240524;100931;0.022585;30000;10462470596;B
20240524;100932;0.02258;660000;10462470716;S
20240524;100932;0.022585;1200000;10462470781;B
20240524;100932;0.02258;10000;10462470807;S
20240524;100932;0.022585;30000;10462470812;B
20240524;100933;0.02258;1500000;10462470881;S
20240524;100934;0.02258;160000;10462470941;S
20240524;100935;0.02258;380000;10462471199;S
20240524;100938;0.02258;10000;10462471661;S
20240524;100938;0.02258;30000;10462471748;S
20240524;100939;0.022585;1760000;10462471856;B
20240524;100939;0.022585;240000;10462471857;B
20240524;100940;0.022585;100000;10462472001;B
20240524;100942;0.022585;40000;10462472145;B
20240524;100946;0.022585;80000;10462472597;B
20240524;100946;0.022585;10000;10462472659;B
20240524;100948;0.022585;20000;10462472802;B
20240524;100950;0.02258;40000;10462472946;S
20240524;100952;0.02258;3610000;10462473500;S
20240524;100957;0.022585;1940000;10462474551;B
20240524;100958;0.022585;550000;10462474671;B
20240524;100959;0.022585;3000000;10462474778;B
20240524;101002;0.02258;30000;10462475200;S
20240524;101002;0.02258;450000;10462475211;S
20240524;101003;0.022585;50000;10462475467;B
20240524;101005;0.022585;100000;10462475828;B
20240524;101006;0.02258;10000;10462475906;S
20240524;101006;0.022585;130000;10462475908;B
20240524;101007;0.022585;600000;10462476123;B
20240524;101011;0.022585;60000;10462476501;B
20240524;101013;0.022585;100000;10462476906;B
20240524;101014;0.022585;220000;10462477120;B
20240524;101016;0.022585;3190000;10462477323;B
20240524;101016;0.022585;1620000;10462477324;B
20240524;101016;0.022585;10000;10462477325;B
20240524;101016;0.022585;4440000;10462477326;B
20240524;101016;0.022585;1500000;10462477327;B
20240524;101016;0.022585;3000000;10462477328;B
20240524;101016;0.022585;1240000;10462477329;B
20240524;101018;0.022585;10000;10462477596;B
20240524;101019;0.022585;20000;10462477851;B
20240524;101020;0.02258;330000;10462478099;S
20240524;101023;0.02258;2500000;10462478426;S
20240524;101024;0.022585;230000;10462478479;B
20240524;101024;0.022585;770000;10462478480;B
20240524;101024;0.022585;50000;10462478578;B
20240524;101024;0.022585;1000000;10462478606;B
20240524;101026;0.022585;1180000;10462478788;B
20240524;101026;0.022585;1610000;10462478789;B
20240524;101026;0.022585;10000;10462478790;B
20240524;101026;0.022585;10000;10462478791;B
20240524;101031;0.022585;10000;10462479445;B
20240524;101032;0.022585;800000;10462479746;B
20240524;101034;0.02258;1500000;10462480081;S
20240524;101034;0.022585;560000;10462480105;B
20240524;101034;0.022585;4450000;10462480106;B
20240524;101034;0.022585;4290000;10462480107;B
20240524;101041;0.02258;300000;10462481137;S
20240524;101041;0.022585;150000;10462481299;B
20240524;101042;0.022585;1000000;10462481375;B
20240524;101042;0.022585;10000;10462481421;B
20240524;101044;0.022585;20000;10462481734;B
20240524;101044;0.022585;1300000;10462481761;B
20240524;101047;0.022585;10000;10462482072;B
20240524;101056;0.022585;10000;10462483220;B
20240524;101057;0.022585;2000000;10462483564;B
20240524;101058;0.022585;100000;10462483682;B
20240524;101058;0.02258;80000;10462483712;S
20240524;101058;0.022585;10000;10462483730;B
20240524;101059;0.022585;10000;10462483836;B
20240524;101059;0.022585;6610000;10462483855;B
20240524;101059;0.022585;1500000;10462483856;B
20240524;101059;0.022585;2000000;10462483857;B
20240524;101059;0.022585;6640000;10462483858;B
20240524;101059;0.022585;6900000;10462483859;B
20240524;101059;0.022585;3000000;10462483860;B
20240524;101059;0.022585;4450000;10462483861;B
20240524;101059;0.022585;5330000;10462483862;B
20240524;101059;0.022585;5150000;10462483863;B
20240524;101059;0.022585;3000000;10462483864;B
20240524;101059;0.022585;20000000;10462483865;B
20240524;101059;0.022585;420000;10462483866;B
20240524;101102;0.022585;50000;10462484172;B
20240524;101104;0.022585;10000;10462484438;B
20240524;101105;0.022585;10000;10462484567;B
20240524;101108;0.022585;280000;10462485020;B
20240524;101108;0.02258;2500000;10462485098;S
20240524;101111;0.022585;4160000;10462485783;B
20240524;101111;0.022585;3000000;10462485784;B
20240524;101111;0.022585;140000;10462485785;B
20240524;101112;0.022585;100000;10462485965;B
20240524;101113;0.022585;10000;10462486062;B
20240524;101114;0.022585;20000;10462486365;B
20240524;101115;0.022585;30000;10462486631;B
20240524;101115;0.02258;62710000;10462486636;S
20240524;101115;0.02258;4690000;10462486637;S
20240524;101115;0.02258;100000;10462486638;S
20240524;101115;0.02258;400000;10462486639;S
20240524;101115;0.02258;200000;10462486640;S
20240524;101115;0.02258;1000000;10462486641;S
20240524;101115;0.02258;1500000;10462486642;S
20240524;101115;0.02258;110000;10462486643;S
20240524;101117;0.02258;10000;10462486908;B
20240524;101117;0.02258;10000;10462486961;B
20240524;101118;0.02258;40000;10462487279;B
20240524;101120;0.02258;1000000;10462487443;B
20240524;101120;0.02258;10000;10462487486;B
20240524;101121;0.022575;150000;10462487589;S
20240524;101123;0.02258;10000;10462487857;B
20240524;101128;0.02258;20000;10462488600;B
20240524;101131;0.02258;140000;10462488823;B
20240524;101132;0.02258;10000;10462488929;B
20240524;101133;0.022575;410000;10462489072;S
20240524;101133;0.02257;5270000;10462489073;S
20240524;101133;0.022565;1000000;10462489074;S
20240524;101133;0.022565;3320000;10462489075;S
20240524;101133;0.022565;10000;10462489193;S
20240524;101134;0.022565;10000;10462489253;S
20240524;101134;0.02257;10000;10462489293;B
20240524;101134;0.022565;1660000;10462489330;S
20240524;101134;0.022565;5000000;10462489331;S
20240524;101134;0.022565;30000000;10462489332;S
20240524;101134;0.022565;13340000;10462489333;S
20240524;101137;0.02256;10000;10462489673;S
20240524;101137;0.02256;1000000;10462489739;S
20240524;101137;0.022565;10000;10462489767;B
20240524;101138;0.022565;1490000;10462489788;B
20240524;101138;0.022565;3000000;10462489789;B
20240524;101138;0.022565;4690000;10462489790;B
20240524;101138;0.022565;30000000;10462489791;B
20240524;101138;0.022565;3000000;10462489792;B
20240524;101138;0.022565;3000000;10462489793;B
20240524;101138;0.022565;4820000;10462489794;B
20240524;101140;0.02256;50000;10462490041;S
20240524;101142;0.02257;170000;10462490354;B
20240524;101142;0.02256;3940000;10462490386;S
20240524;101142;0.02256;10000;10462490387;S
20240524;101142;0.02256;1500000;10462490388;S
20240524;101142;0.022555;100000;10462490389;S
20240524;101147;0.02256;1960000;10462491018;S
20240524;101148;0.02257;2820000;10462491146;B
20240524;101148;0.02257;1260000;10462491147;B
20240524;101149;0.02257;20000;10462491208;B
20240524;101152;0.02257;20000;10462491606;B
20240524;101156;0.02257;200000;10462492052;B
20240524;101156;0.02257;1930000;10462492053;B
20240524;101200;0.02257;10000;10462492571;B
20240524;101205;0.02257;10000;10462493209;B
20240524;101206;0.022565;100000;10462493320;S
20240524;101206;0.022565;1500000;10462493321;S
20240524;101206;0.022565;5000000;10462493322;S
20240524;101206;0.022565;10000;10462493323;S
20240524;101206;0.022565;5390000;10462493324;S
20240524;101206;0.022565;4500000;10462493325;S
20240524;101209;0.022565;20000;10462493541;B
20240524;101210;0.022565;20000;10462493658;B
20240524;101213;0.022565;10000;10462494007;B
20240524;101223;0.02257;10000;10462495075;B
20240524;101224;0.02257;20000;10462495209;B
20240524;101224;0.02257;10000;10462495256;B
20240524;101226;0.02257;10000;10462495521;B
20240524;101227;0.022565;220000;10462495580;S
20240524;101227;0.02256;1500000;10462495581;S
20240524;101227;0.02256;280000;10462495582;S
20240524;101227;0.02257;10000;10462495604;B
20240524;101232;0.02257;20000;10462496095;B
20240524;101232;0.02257;10000;10462496132;B
20240524;101233;0.02257;500000;10462496175;B
20240524;101233;0.022565;10000;10462496200;S
20240524;101233;0.02257;30000;10462496202;B
20240524;101237;0.02257;10000;10462496759;B
20240524;101237;0.02257;10000;10462496799;B
20240524;101238;0.02257;10000;10462496984;B
20240524;101246;0.02257;20000;10462497845;B
20240524;101246;0.02257;10000;10462497852;B
20240524;101246;0.02257;30000;10462497892;B
20240524;101248;0.022565;110000;10462498063;S
20240524;101251;0.022565;1250000;10462498281;S
20240524;101252;0.02257;130000;10462498335;B
20240524;101252;0.02257;10000;10462498407;B
20240524;101256;0.02257;20000;10462498868;B
20240524;101257;0.02257;20000;10462498895;B
20240524;101301;0.022565;340000;10462499328;S
20240524;101306;0.02257;4440000;10462499952;B
20240524;101306;0.02257;1500000;10462499953;B
20240524;101306;0.02257;4690000;10462499954;B
20240524;101306;0.02257;3000000;10462499955;B
20240524;101306;0.02257;4420000;10462499956;B
20240524;101306;0.022575;1500000;10462499957;B
20240524;101306;0.022575;500000;10462499958;B
20240524;101306;0.022575;2410000;10462499959;B
20240524;101306;0.022575;4450000;10462499960;B
20240524;101306;0.022575;3000000;10462499961;B
20240524;101306;0.02258;140000;10462499962;B
20240524;101307;0.02258;120000;10462500014;B
20240524;101308;0.022575;100000;10462500118;S
20240524;101309;0.022575;20000;10462500278;S
20240524;101311;0.02258;30000;10462500474;B
20240524;101312;0.02258;20000000;10462500559;B
20240524;101313;0.022575;1000000;10462500733;S
20240524;101314;0.022575;20000;10462500817;S
20240524;101318;0.022575;20000;10462501336;S
20240524;101318;0.02258;90000;10462501337;B
20240524;101319;0.022575;130000;10462501379;S
20240524;101319;0.022575;20000;10462501437;S
20240524;101320;0.02258;10000;10462501450;B
20240524;101321;0.022575;60000;10462501567;S
20240524;101323;0.022575;40000;10462501869;S
20240524;101324;0.022575;10000;10462502011;S
20240524;101327;0.022575;100000;10462502317;S
20240524;101327;0.022575;10000;10462502352;S
20240524;101330;0.02258;50000;10462502659;B
20240524;101332;0.022575;10000;10462502856;S
20240524;101337;0.022575;1500000;10462503617;S
20240524;101337;0.02258;20000;10462503619;B
20240524;101342;0.02258;20000;10462503987;B
20240524;101343;0.022575;5550000;10462504139;S
20240524;101352;0.022575;120000;10462505330;S
20240524;101353;0.022575;100000;10462505479;S
20240524;101353;0.022575;12330000;10462505496;S
20240524;101353;0.022575;2580000;10462505497;S
20240524;101354;0.022575;400000;10462505546;S
20240524;101354;0.022575;80000;10462505551;S
20240524;101359;0.02258;10000;10462506018;B
20240524;101400;0.02258;10000;10462506082;B
20240524;101404;0.022575;10000;10462506428;S
20240524;101404;0.02258;20000;10462506462;B
20240524;101404;0.022575;120000;10462506466;S
20240524;101413;0.02258;270000;10462507328;B
20240524;101415;0.02258;142050000;10462507516;B
20240524;101420;0.022575;2500000;10462508188;S
20240524;101421;0.022575;100000;10462508217;S
20240524;101425;0.022575;1000000;10462508858;S
20240524;101427;0.022575;150000;10462508986;S
20240524;101427;0.02258;20000;10462509008;B
20240524;101429;0.022575;10000;10462509198;S
20240524;101430;0.02258;10000;10462509311;B
20240524;101434;0.022575;7400000;10462509607;S
20240524;101434;0.02258;40000;10462509613;B
20240524;101437;0.022575;30000;10462510038;S
20240524;101446;0.022575;8810000;10462511753;S
20240524;101446;0.022575;6640000;10462511754;S
20240524;101446;0.022575;12080000;10462511755;S
20240524;101452;0.022575;410000;10462512889;S
20240524;101454;0.022575;50000;10462513323;S
20240524;101454;0.022575;10000;10462513348;S
20240524;101454;0.02258;100000;10462513368;B
20240524;101454;0.022575;110000;10462513371;S
20240524;101455;0.02258;130000;10462513485;B
20240524;101456;0.022575;2340000;10462513498;S
20240524;101456;0.022575;20000000;10462513499;S
20240524;101459;0.02257;240000;10462513920;S
20240524;101459;0.02257;1260000;10462513957;S
20240524;101459;0.02257;8900000;10462513958;S
20240524;101459;0.02257;60000;10462513959;S
20240524;101501;0.02257;20000;10462514246;S
20240524;101501;0.02257;10000;10462514302;S
20240524;101502;0.022575;20000;10462514503;B
20240524;101503;0.022575;670000;10462514925;B
20240524;101505;0.02257;40000;10462515348;S
20240524;101506;0.02257;1060000;10462515397;S
20240524;101506;0.02257;210000;10462515502;S
20240524;101506;0.022575;10000;10462515531;B
20240524;101506;0.02257;10000;10462515552;S
20240524;101506;0.02257;10000;10462515608;S
20240524;101507;0.022575;500000;10462515721;B
20240524;101507;0.02257;10000;10462515831;S
20240524;101508;0.02257;90000;10462515956;S
20240524;101508;0.022575;130000;10462516016;B
20240524;101511;0.022575;10000;10462516865;B
20240524;101512;0.02257;810000;10462516937;S
20240524;101513;0.02257;10000;10462517333;S
20240524;101513;0.02257;430000;10462517358;S
20240524;101513;0.02257;30000;10462517460;S
20240524;101514;0.02257;680000;10462517740;S
20240524;101514;0.02257;1500000;10462517988;S
20240524;101518;0.02257;20000;10462519083;S
20240524;101518;0.02257;350000;10462519084;S
20240524;101520;0.02257;1800000;10462519616;S
20240524;101522;0.02257;5000000;10462520260;S
20240524;101523;0.02257;1000000;10462520553;S
20240524;101524;0.02257;1800000;10462520802;S
20240524;101524;0.022575;50000;10462520875;B
20240524;101524;0.02257;1200000;10462520944;S
20240524;101525;0.02257;8850000;10462521122;S
20240524;101525;0.02257;10000000;10462521123;S
20240524;101525;0.02257;20000;10462521124;S
20240524;101525;0.02257;3130000;10462521125;B
20240524;101525;0.02257;1500000;10462521126;B
20240524;101525;0.02257;4690000;10462521127;B
20240524;101525;0.02257;4690000;10462521128;B
20240524;101526;0.022575;30000;10462521329;B
20240524;101526;0.02257;10000;10462521351;S
20240524;101527;0.02257;2100000;10462521545;S
20240524;101527;0.02257;10000;10462521631;S
20240524;101531;0.022575;20000;10462522691;B
20240524;101532;0.022575;20000;10462523001;B
20240524;101532;0.02257;60000;10462523154;S
20240524;101533;0.02257;3810000;10462523374;S
20240524;101533;0.02257;10000000;10462523375;S
20240524;101533;0.02257;10000;10462523376;S
20240524;101533;0.02257;1500000;10462523377;S
20240524;101533;0.022565;3290000;10462523378;S
20240524;101533;0.022565;10000;10462523379;S
20240524;101533;0.022565;10000;10462523380;S
20240524;101533;0.022565;50000;10462523381;S
20240524;101533;0.022565;6000000;10462523382;S
20240524;101533;0.022565;7500000;10462523383;S
20240524;101533;0.022565;2000000;10462523384;S
20240524;101533;0.022565;70000;10462523385;S
20240524;101533;0.022565;4690000;10462523386;S
20240524;101533;0.022565;5200000;10462523387;S
20240524;101533;0.022565;1500000;10462523388;S
20240524;101533;0.022565;3000000;10462523389;S
20240524;101533;0.02256;6000000;10462523390;S
20240524;101533;0.02256;3000000;10462523391;S
20240524;101533;0.02256;14570000;10462523392;S
20240524;101533;0.02256;50000;10462523393;S
20240524;101533;0.02256;660000;10462523394;S
20240524;101533;0.02256;80000;10462523395;S
20240524;101533;0.02256;860000;10462523396;S
20240524;101533;0.02256;660000;10462523397;S
20240524;101533;0.02256;270000;10462523398;S
20240524;101533;0.02256;370000;10462523399;S
20240524;101533;0.02256;180000;10462523400;S
20240524;101533;0.02256;560000;10462523401;S
20240524;101533;0.02256;790000;10462523402;S
20240524;101533;0.02256;660000;10462523403;S
20240524;101533;0.02256;1980000;10462523404;S
20240524;101533;0.02256;1500000;10462523405;S
20240524;101533;0.02256;10000;10462523406;S
20240524;101533;0.02256;6730000;10462523407;S
20240524;101533;0.02256;14930000;10462523408;S
20240524;101533;0.02257;210000;10462523409;S
20240524;101533;0.02257;1500000;10462523410;S
20240524;101533;0.022575;1200000;10462523411;B
20240524;101533;0.022575;3000000;10462523412;B
20240524;101533;0.022575;5330000;10462523413;B
20240524;101533;0.022575;4450000;10462523414;B
20240524;101533;0.022575;6020000;10462523415;B
20240524;101533;0.022575;2870000;10462523416;B
20240524;101533;0.022575;1500000;10462523417;B
20240524;101533;0.022575;6150000;10462523418;B
20240524;101533;0.022575;3950000;10462523419;B
20240524;101533;0.022575;4690000;10462523420;B
20240524;101533;0.022575;100000;10462523421;B
20240524;101533;0.02258;10000;10462523422;B
20240524;101533;0.02258;10000;10462523423;B
20240524;101533;0.02258;40000;10462523424;B
20240524;101533;0.02258;200000;10462523425;B
20240524;101533;0.02258;480000;10462523426;B
20240524;101533;0.02257;3000000;10462523452;S
20240524;101533;0.02257;20000000;10462523453;S
20240524;101533;0.02257;1500000;10462523454;S
20240524;101533;0.02257;2000000;10462523455;S
20240524;101533;0.02257;4690000;10462523456;S
20240524;101534;0.02257;1000000;10462523502;B
20240524;101534;0.02257;1000000;10462523539;B
20240524;101534;0.02257;1000000;10462523569;B
20240524;101534;0.022565;7500000;10462523572;S
20240524;101534;0.022565;2500000;10462523573;S
20240524;101534;0.02257;1000000;10462523602;B
20240524;101534;0.02257;1000000;10462523645;B
20240524;101535;0.02257;1000000;10462523681;B
20240524;101535;0.02257;1000000;10462523699;B
20240524;101535;0.02257;1000000;10462523749;B
20240524;101535;0.022565;100000;10462523792;S
20240524;101536;0.02257;1000000;10462523917;B
20240524;101536;0.02257;1000000;10462523958;B
20240524;101536;0.02257;1000000;10462523973;B
20240524;101536;0.02257;1000000;10462524013;B
20240524;101537;0.02257;1000000;10462524061;B
20240524;101537;0.02257;1000000;10462524076;B
20240524;101537;0.02257;1000000;10462524092;B
20240524;101537;0.02257;1000000;10462524124;B
20240524;101537;0.02257;1000000;10462524139;B
20240524;101537;0.02257;1000000;10462524159;B
20240524;101537;0.02257;1000000;10462524182;B
20240524;101537;0.02257;1000000;10462524200;B
20240524;101537;0.02257;1000000;10462524216;B
20240524;101537;0.02257;1000000;10462524230;B
20240524;101538;0.02257;1000000;10462524244;B
20240524;101538;0.02257;1000000;10462524261;B
20240524;101538;0.02257;1000000;10462524281;B
20240524;101538;0.02257;1000000;10462524317;B
20240524;101538;0.02257;1000000;10462524350;B
20240524;101538;0.02257;1000000;10462524470;B
20240524;101539;0.02257;1000000;10462524482;B
20240524;101539;0.02257;1000000;10462524498;B
20240524;101539;0.02257;1000000;10462524516;B
20240524;101539;0.02257;10000;10462524536;B
20240524;101539;0.02257;1000000;10462524553;B
20240524;101539;0.02257;1000000;10462524580;B
20240524;101543;0.02257;700000;10462525257;B
20240524;101543;0.02257;130000;10462525258;B
20240524;101545;0.022585;70000;10462525709;B
20240524;101548;0.02258;3000000;10462526232;S
20240524;101556;0.022585;30000;10462527790;B
20240524;101559;0.02258;10000;10462528260;S
20240524;101606;0.022585;10000;10462529331;B
20240524;101607;0.022585;1550000;10462529404;B
20240524;101607;0.022585;90000;10462529405;B
20240524;101607;0.022585;180000;10462529406;B
20240524;101607;0.022585;1240000;10462529407;B
20240524;101607;0.02258;100000;10462529418;S
20240524;101607;0.02258;1390000;10462529441;S
20240524;101607;0.02258;2000000;10462529442;S
20240524;101607;0.022575;1500000;10462529443;S
20240524;101607;0.022575;2610000;10462529444;S
20240524;101609;0.022575;2000000;10462529670;B
20240524;101614;0.022575;50000;10462530415;B
20240524;101616;0.02257;10000;10462530704;S
20240524;101617;0.02257;10000;10462530781;S
20240524;101619;0.022575;20000;10462530999;B
20240524;101623;0.022575;10000;10462531536;B
20240524;101625;0.022575;10000;10462531750;B
20240524;101627;0.022575;20000;10462532033;B
20240524;101630;0.02257;5000000;10462532272;S
20240524;101634;0.022575;1480000;10462532767;B
20240524;101634;0.022575;10000;10462532794;B
20240524;101636;0.02257;10000;10462532948;S
20240524;101642;0.022575;30000;10462533454;B
20240524;101644;0.022575;2500000;10462533647;B
20240524;101644;0.02257;50000;10462533713;S
20240524;101645;0.022575;160000;10462533791;B
20240524;101645;0.022575;140000;10462533792;B
20240524;101645;0.02258;1690000;10462533793;B
20240524;101649;0.022575;10000;10462534154;B
20240524;101649;0.022575;150000;10462534203;B
20240524;101701;0.02258;20000;10462535285;B
20240524;101701;0.02258;10000;10462535314;B
20240524;101702;0.02258;110000;10462535347;B
20240524;101703;0.022585;20000;10462535487;B
20240524;101703;0.02258;5330000;10462535529;S
20240524;101703;0.022575;19850000;10462535530;S
20240524;101703;0.022575;1500000;10462535531;S
20240524;101703;0.022575;3320000;10462535532;S
20240524;101706;0.022575;40000;10462535732;S
20240524;101706;0.022575;10000;10462535742;S
20240524;101706;0.022585;20000;10462535777;B
20240524;101708;0.022585;30000;10462535939;B
20240524;101712;0.022575;10000;10462536423;S
20240524;101719;0.022585;10000;10462537153;B
20240524;101724;0.022575;10000;10462537813;S
20240524;101727;0.022575;380000;10462538245;S
20240524;101731;0.022585;40000;10462538562;B
20240524;101731;0.022575;10000;10462538662;S
20240524;101735;0.022575;10000;10462539211;S
20240524;101736;0.022585;20000;10462539267;B
20240524;101736;0.022585;10000;10462539273;B
20240524;101737;0.022575;200000;10462539348;S
20240524;101738;0.022575;1010000;10462539518;S
20240524;101738;0.022575;40000;10462539519;S
20240524;101738;0.022575;10000;10462539520;S
20240524;101738;0.022575;10000;10462539521;S
20240524;101738;0.02257;140000;10462539522;S
20240524;101739;0.02257;10000;10462539610;S
20240524;101741;0.022575;1500000;10462539846;B
20240524;101741;0.022575;4690000;10462539847;B
20240524;101741;0.022575;130000;10462539848;B
20240524;101741;0.022575;1220000;10462539849;B
20240524;101741;0.022575;10000;10462539900;B
20240524;101743;0.022575;1000000;10462540067;B
20240524;101752;0.022575;10000;10462540967;B
20240524;101801;0.022575;150000;10462541973;B
20240524;101801;0.022575;40000;10462541998;B
20240524;101802;0.02257;10000;10462542167;S
20240524;101804;0.022575;20000;10462542409;B
20240524;101804;0.022575;50000;10462542411;B
20240524;101809;0.02257;2980000;10462543132;S
20240524;101809;0.02257;10000;10462543133;S
20240524;101809;0.022565;1500000;10462543134;S
20240524;101809;0.022565;510000;10462543135;S
20240524;101812;0.022565;1500000;10462543464;B
20240524;101812;0.022565;1500000;10462543465;B
20240524;101812;0.022565;10000;10462543501;B
20240524;101812;0.022565;20000;10462543556;B
20240524;101812;0.02256;400000;10462543573;S
20240524;101812;0.02256;50000;10462543577;S
20240524;101814;0.022565;10000;10462543743;B
20240524;101815;0.022565;90000;10462543912;B
20240524;101816;0.022565;10000;10462544161;B
20240524;101818;0.022565;70000;10462544369;B
20240524;101818;0.022565;100000;10462544481;B
20240524;101820;0.022565;30000;10462544836;B
20240524;101827;0.02256;6190000;10462547241;S
20240524;101827;0.02256;170000;10462547242;S
20240524;101827;0.02256;1630000;10462547243;S
20240524;101827;0.02256;3000000;10462547351;S
20240524;101831;0.02256;6640000;10462547914;S
20240524;101831;0.02256;4690000;10462547915;S
20240524;101831;0.022555;1140000;10462547916;S
20240524;101831;0.022555;120000;10462547917;S
20240524;101832;0.02256;50000;10462548007;S
20240524;101832;0.022555;30000;10462548008;S
20240524;101832;0.022565;50000;10462548015;B
20240524;101838;0.02256;30000;10462548822;B
20240524;101839;0.02256;10000;10462548996;B
20240524;101842;0.02256;10000;10462549341;B
20240524;101842;0.02256;400000;10462549343;B
20240524;101844;0.02256;50000;10462549626;B
20240524;101847;0.02256;50000;10462550092;B
20240524;101907;0.02256;250000;10462553632;B
20240524;101908;0.02256;140000;10462553808;B
20240524;101914;0.02256;100000;10462554673;B
20240524;101916;0.022555;2000000;10462554884;S
20240524;101920;0.02256;10000;10462555394;B
20240524;101921;0.02256;80000;10462555624;B
20240524;101922;0.022555;2850000;10462555738;S
20240524;101922;0.022555;20000;10462555739;S
20240524;101922;0.022555;40000;10462555740;S
20240524;101922;0.022555;1500000;10462555741;S
20240524;101922;0.022555;20000;10462555742;S
20240524;101922;0.022555;20000000;10462555743;S
20240524;101922;0.022555;1100000;10462555744;S
20240524;101922;0.022555;1100000;10462555745;S
20240524;101922;0.022555;4690000;10462555746;S
20240524;101922;0.022555;1500000;10462555747;S
20240524;101922;0.02255;880000;10462555748;S
20240524;101922;0.02255;1440000;10462555749;S
20240524;101922;0.02255;10000;10462555750;S
20240524;101922;0.02255;10000;10462555751;S
20240524;101922;0.02255;6000000;10462555752;S
20240524;101922;0.02255;100000;10462555753;S
20240524;101922;0.02255;5000000;10462555754;S
20240524;101922;0.02255;220000;10462555755;S
20240524;101922;0.02255;100000;10462555756;S
20240524;101922;0.02255;3420000;10462555757;S
20240524;101924;0.022555;3000000;10462555885;S
20240524;101924;0.022555;40000;10462555886;S
20240524;101924;0.02255;660000;10462555887;S
20240524;101924;0.02255;70000;10462555888;S
20240524;101924;0.02255;850000;10462555889;S
20240524;101924;0.02255;660000;10462555890;S
20240524;101924;0.02255;260000;10462555891;S
20240524;101924;0.02255;360000;10462555892;S
20240524;101924;0.02255;180000;10462555893;S
20240524;101924;0.02255;560000;10462555894;S
20240524;101924;0.02255;790000;10462555895;S
20240524;101924;0.02255;660000;10462555896;S
20240524;101924;0.02255;1910000;10462555897;S
20240524;101926;0.022555;2220000;10462556229;B
20240524;101926;0.022555;110000;10462556230;B
20240524;101926;0.022555;10000;10462556231;B
20240524;101928;0.022555;580000;10462556584;S
20240524;101931;0.02256;30000;10462557074;B
20240524;101931;0.022555;10000;10462557081;S
20240524;101932;0.022555;70000;10462557264;S
20240524;101936;0.022555;1000000;10462557653;S
20240524;101937;0.022555;50000;10462557823;S
20240524;101939;0.022555;500000;10462558100;S
20240524;101941;0.022555;160000;10462558324;S
20240524;101942;0.02256;10000;10462558474;B
20240524;101942;0.022555;30000;10462558501;S
20240524;101943;0.022555;50000;10462558657;B
20240524;101947;0.02255;60000;10462559149;S
20240524;101947;0.02255;10000;10462559150;S
20240524;101947;0.02255;10000;10462559151;S
20240524;101947;0.02255;300000;10462559152;S
20240524;101947;0.02255;20000;10462559153;S
20240524;101948;0.02255;500000;10462559302;S
20240524;101948;0.022555;30000;10462559378;B
20240524;101951;0.02255;30000;10462559757;S
20240524;101952;0.022555;10000;10462559959;B
20240524;102002;0.022555;880000;10462561071;B
20240524;102002;0.022555;1500000;10462561072;B
20240524;102002;0.022555;5330000;10462561073;B
20240524;102002;0.022555;2290000;10462561074;B
20240524;102003;0.02255;200000;10462561140;S
20240524;102006;0.022555;10000;10462561654;B
20240524;102006;0.02255;20000;10462561755;S
20240524;102010;0.022555;150000;10462562361;B
20240524;102011;0.022555;600000;10462562936;B
20240524;102013;0.022555;1330000;10462564998;B
20240524;102015;0.02255;1000000;10462566474;S
20240524;102015;0.02255;330000;10462566475;S
20240524;102015;0.02255;1450000;10462566476;S
20240524;102017;0.022555;310000;10462568056;B
20240524;102017;0.022555;30000;10462568057;B
20240524;102020;0.022555;10000;10462570759;B
20240524;102022;0.022555;470000;10462572398;B
20240524;102022;0.02255;20000;10462572514;S
20240524;102022;0.022555;190000;10462572893;B
20240524;102029;0.02255;100000;10462579987;S
20240524;102030;0.022555;2620000;10462580780;B
20240524;102031;0.02255;20000;10462581333;S
20240524;102031;0.022555;50000;10462581891;B
20240524;102041;0.022555;10000;10462591483;B
20240524;102041;0.022555;30000;10462591502;B
20240524;102042;0.022555;170000;10462592796;B
20240524;102042;0.02255;30000;10462592916;S
20240524;102045;0.022555;20000;10462596714;B
20240524;102047;0.02255;3380000;10462598705;S
20240524;102047;0.02255;18000000;10462598706;S
20240524;102047;0.02255;1100000;10462598707;S
20240524;102047;0.02255;10000;10462598708;S
20240524;102047;0.02255;300000;10462598709;S
20240524;102047;0.02255;50000;10462598710;S
20240524;102047;0.02255;1500000;10462598711;S
20240524;102047;0.02255;4690000;10462598712;S
20240524;102047;0.02255;50000;10462598783;B
20240524;102047;0.02255;50000;10462598846;B
20240524;102047;0.02255;50000;10462598896;B
20240524;102048;0.02255;50000;10462598974;B
20240524;102048;0.02255;50000;10462599079;B
20240524;102048;0.02255;50000;10462599138;B
20240524;102048;0.02255;50000;10462599194;B
20240524;102048;0.02255;50000;10462599250;B
20240524;102048;0.02255;10000;10462599283;B
20240524;102048;0.02255;40000;10462599329;B
20240524;102048;0.02255;10000;10462599347;B
20240524;102048;0.02255;10000;10462599442;B
20240524;102048;0.02255;10000;10462599526;B
20240524;102048;0.02255;10000;10462599615;B
20240524;102048;0.02255;10000;10462599686;B
20240524;102048;0.02255;10000;10462599739;B
20240524;102048;0.02255;10000;10462599867;B
20240524;102048;0.02255;10000;10462599966;B
20240524;102048;0.02255;10000;10462600033;B
20240524;102049;0.02255;10000;10462600096;B
20240524;102051;0.02255;40000;10462602234;B
20240524;102052;0.02255;50000;10462603498;B
20240524;102054;0.02255;20000;10462605530;B
20240524;102054;0.02255;10000;10462605629;B
20240524;102054;0.02255;40000;10462605836;B
20240524;102056;0.02255;1000000;10462606706;B
20240524;102057;0.022545;10000;10462607453;S
20240524;102059;0.022545;30000;10462608734;S
20240524;102108;0.02255;760000;10462614966;B
20240524;102109;0.02255;110000;10462615622;B
20240524;102112;0.022545;70000;10462617399;S
20240524;102115;0.022545;10000;10462620315;S
20240524;102115;0.022545;10000;10462620316;S
20240524;102118;0.02255;20000;10462622776;B
20240524;102119;0.02255;50000;10462623775;B
20240524;102122;0.022545;10000;10462626740;S
20240524;102126;0.02255;40000;10462630295;B
20240524;102127;0.02255;5000000;10462630807;B
20240524;102129;0.02255;10000;10462632343;B
20240524;102130;0.02255;10000;10462633007;B
20240524;102134;0.02255;40000;10462633558;B
20240524;102135;0.02255;50000;10462633659;B
20240524;102135;0.02255;1080000;10462633669;B
20240524;102136;0.02255;50000;10462633812;B
20240524;102139;0.02255;60000;10462634374;B
20240524;102140;0.02255;10000;10462634476;B
20240524;102141;0.022545;90000;10462634631;S
20240524;102141;0.022545;10000;10462634632;S
20240524;102141;0.022545;440000;10462634633;S
20240524;102141;0.022545;580000;10462634634;S
20240524;102142;0.022545;200000;10462634707;S
20240524;102146;0.02255;20000;10462635157;B
20240524;102149;0.02255;10000;10462635480;B
20240524;102149;0.02255;10000;10462635558;B
20240524;102150;0.022545;360000;10462635585;S
20240524;102150;0.022545;1550000;10462635661;S
20240524;102152;0.022545;2310000;10462635839;S
20240524;102152;0.022545;10000;10462635840;S
20240524;102152;0.022545;1100000;10462635841;S
20240524;102152;0.022545;10000;10462635842;S
20240524;102152;0.022545;10000;10462635843;S
20240524;102152;0.022545;20000;10462635844;S
20240524;102155;0.02255;2000000;10462636231;B
20240524;102156;0.022545;10000;10462636452;S
20240524;102158;0.02255;10000;10462636821;B
20240524;102202;0.022545;370000;10462637352;S
20240524;102210;0.02255;10000;10462638113;B
20240524;102210;0.02255;100000;10462638114;B
20240524;102211;0.022545;100000;10462638277;S
20240524;102211;0.022545;10000;10462638278;S
20240524;102212;0.02254;10000;10462638430;S
20240524;102212;0.02254;10000;10462638431;S
20240524;102212;0.02254;180000;10462638432;S
20240524;102212;0.02254;10000;10462638433;S
20240524;102212;0.02254;60000;10462638434;S
20240524;102213;0.022545;120000;10462638461;B
20240524;102213;0.022545;20000;10462638509;B
20240524;102219;0.022545;10000;10462639254;B
20240524;102221;0.022545;40000;10462639537;B
20240524;102224;0.022545;10000;10462639886;B
20240524;102228;0.022545;30000;10462640208;B
20240524;102229;0.02254;40000;10462640313;S
20240524;102229;0.02254;660000;10462640314;S
20240524;102229;0.02254;70000;10462640315;S
20240524;102229;0.02254;850000;10462640316;S
20240524;102229;0.02254;380000;10462640317;S
20240524;102231;0.022545;70000;10462640565;B
20240524;102234;0.022545;100000;10462641011;B
20240524;102238;0.022545;10000;10462641386;B
20240524;102238;0.02254;280000;10462641387;S
20240524;102238;0.02254;260000;10462641388;S
20240524;102238;0.02254;360000;10462641389;S
20240524;102238;0.02254;180000;10462641390;S
20240524;102238;0.02254;560000;10462641391;S
20240524;102238;0.02254;360000;10462641392;S
20240524;102239;0.022545;10000;10462641626;B
20240524;102241;0.02254;430000;10462641890;S
20240524;102241;0.02254;470000;10462641891;S
20240524;102246;0.02254;190000;10462642365;S
20240524;102246;0.02254;1970000;10462642366;S
20240524;102246;0.02254;10000;10462642367;S
20240524;102246;0.02254;10000;10462642368;S
20240524;102246;0.02254;10000;10462642369;S
20240524;102246;0.02254;10000;10462642370;S
20240524;102246;0.02254;10000;10462642371;S
20240524;102246;0.02254;490000;10462642372;S
20240524;102249;0.022545;500000;10462642783;B
20240524;102250;0.02254;160000;10462642879;S
20240524;102258;0.022545;30000;10462643902;B
20240524;102259;0.02254;10000;10462644029;S
20240524;102301;0.022545;10000;10462644228;B
20240524;102302;0.02254;400000;10462644348;S
20240524;102303;0.022545;10000;10462644507;B
20240524;102304;0.022545;10000;10462644725;B
20240524;102305;0.022545;10000;10462644777;B
20240524;102305;0.022545;500000;10462644788;B
20240524;102308;0.02254;40000;10462645093;S
20240524;102309;0.022545;900000;10462645144;B
20240524;102309;0.022545;100000;10462645145;B
20240524;102310;0.022545;20000;10462645279;B
20240524;102311;0.022545;40000;10462645407;B
20240524;102311;0.02254;10000;10462645427;S
20240524;102313;0.022545;840000;10462645654;B
20240524;102313;0.022545;390000;10462645655;B
20240524;102313;0.022545;150000;10462645656;B
20240524;102313;0.022545;500000;10462645657;B
20240524;102313;0.022545;1470000;10462645658;B
20240524;102315;0.02254;300000;10462645870;S
20240524;102315;0.022545;2980000;10462645872;B
20240524;102315;0.022545;20000;10462645873;B
20240524;102315;0.022545;80000;10462645874;B
20240524;102315;0.022545;20000;10462645875;B
20240524;102315;0.022545;140000;10462645876;B
20240524;102315;0.022545;2610000;10462645877;B
20240524;102315;0.022545;390000;10462645924;B
20240524;102315;0.022545;10000;10462645925;B
20240524;102315;0.022545;10000;10462645926;B
20240524;102315;0.022545;130000;10462645927;B
20240524;102316;0.02255;30000;10462645990;B
20240524;102317;0.022545;10000;10462646033;S
20240524;102320;0.022545;10000;10462646280;S
20240524;102321;0.02255;100000;10462646523;B
20240524;102322;0.02255;20000;10462646626;B
20240524;102322;0.02255;10000000;10462646691;B
20240524;102323;0.02255;10000;10462646707;B
20240524;102324;0.02255;10000;10462646809;B
20240524;102327;0.02255;10000;10462647119;B
20240524;102330;0.02255;100000;10462647458;B
20240524;102330;0.02255;30000;10462647469;B
20240524;102332;0.022545;90000;10462647675;S
20240524;102334;0.022545;1000000;10462647865;S
20240524;102336;0.02255;10000;10462648105;B
20240524;102337;0.02255;40000;10462648224;B
20240524;102337;0.022545;300000;10462648228;S
20240524;102337;0.02255;40000;10462648254;B
20240524;102339;0.022545;30000;10462648403;S
20240524;102339;0.02255;10000;10462648419;B
20240524;102340;0.02255;220000;10462648475;B
20240524;102342;0.02255;500000;10462648686;B
20240524;102344;0.022545;500000;10462648835;S
20240524;102345;0.022545;20000;10462648921;S
20240524;102346;0.022545;20000;10462648999;S
20240524;102348;0.02255;10000;10462649112;B
20240524;102349;0.02255;20000;10462649336;B
20240524;102350;0.02255;9170000;10462649365;B
20240524;102350;0.02255;830000;10462649366;B
20240524;102352;0.02255;10000;10462649543;B
20240524;102352;0.022545;30000;10462649582;S
20240524;102352;0.022545;30000;10462649592;S
20240524;102352;0.02255;240000;10462649600;B
20240524;102353;0.022545;260000;10462649725;S
20240524;102354;0.02255;220000;10462649811;B
20240524;102354;0.02255;30000;10462649812;B
20240524;102354;0.02255;20000;10462649813;B
20240524;102356;0.02255;10000;10462649905;B
20240524;102356;0.02255;10000;10462649984;B
20240524;102359;0.02255;10000;10462650184;B
20240524;102402;0.02255;10000;10462650417;B
20240524;102404;0.02255;10000;10462650604;B
20240524;102406;0.02255;10000;10462650821;B
20240524;102408;0.02255;60000;10462650954;B
20240524;102410;0.02255;3540000;10462651096;B
20240524;102410;0.02255;720000;10462651132;B
20240524;102410;0.02255;5000000;10462651133;B
20240524;102410;0.02255;3100000;10462651134;B
20240524;102410;0.02255;120000;10462651135;B
20240524;102410;0.022555;1060000;10462651136;B
20240524;102410;0.022555;6000000;10462651137;B
20240524;102410;0.022555;10000;10462651138;B
20240524;102410;0.022555;4370000;10462651139;S
20240524;102411;0.02256;10000;10462651259;B
20240524;102412;0.02256;50000;10462651349;B
20240524;102416;0.02256;400000;10462651641;B
20240524;102416;0.02256;500000;10462651642;B
20240524;102416;0.02256;110000;10462651643;B
20240524;102416;0.02256;10000;10462651644;B
20240524;102416;0.022565;1500000;10462651645;B
20240524;102416;0.022565;6000000;10462651646;B
20240524;102416;0.022565;1480000;10462651647;B
20240524;102416;0.02256;400000;10462651648;S
20240524;102416;0.02256;1000000;10462651649;S
20240524;102416;0.02256;100000;10462651650;S
20240524;102419;0.02256;2100000;10462651949;B
20240524;102419;0.02256;1400000;10462651950;B
20240524;102419;0.02256;1000000;10462651951;B
20240524;102419;0.02256;10000;10462651952;B
20240524;102419;0.02256;4690000;10462651953;B
20240524;102419;0.02256;800000;10462651954;B
20240524;102419;0.02255;1500000;10462651964;S
20240524;102419;0.02255;3500000;10462651965;S
20240524;102423;0.022555;10000000;10462652266;B
20240524;102424;0.022555;1580000;10462652406;B
20240524;102424;0.022555;8420000;10462652407;B
20240524;102424;0.022555;1500000;10462652408;S
20240524;102424;0.022555;4690000;10462652409;S
20240524;102426;0.022555;40000;10462652620;B
20240524;102427;0.022555;20000;10462652686;B
20240524;102430;0.022555;10000;10462652908;B
20240524;102430;0.022555;500000;10462652940;B
20240524;102430;0.022555;8120000;10462652941;B
20240524;102430;0.022555;1380000;10462652942;B
20240524;102431;0.02256;10000;10462653061;B
20240524;102434;0.022555;110000;10462653301;S
20240524;102437;0.022555;100000;10462653645;S
20240524;102437;0.02256;20000;10462653686;B
20240524;102437;0.02256;10000;10462653687;B
20240524;102441;0.02255;4450000;10462654106;S
20240524;102441;0.02255;2250000;10462654107;S
20240524;102442;0.02255;680000;10462654257;S
20240524;102446;0.02255;130000;10462654667;S
20240524;102446;0.02255;300000;10462654720;S
20240524;102455;0.022555;880000;10462655517;B
20240524;102455;0.022555;520000;10462655518;B
20240524;102458;0.022555;10000;10462655780;B
20240524;102458;0.02255;10000;10462655945;S
20240524;102500;0.02255;20000;10462656108;B
20240524;102503;0.02255;50000;10462656587;B
20240524;102503;0.02255;10000;10462656670;B
20240524;102503;0.02255;120000;10462656711;B
20240524;102509;0.02255;200000;10462657391;B
20240524;102511;0.02255;10000;10462657597;B
20240524;102513;0.02255;10000;10462657843;B
20240524;102518;0.022545;60000;10462658367;S
20240524;102518;0.022545;800000;10462658428;S
20240524;102518;0.02255;10000;10462658487;B
20240524;102519;0.022545;710000;10462658598;S
20240524;102519;0.022545;640000;10462658674;S
20240524;102520;0.022545;790000;10462659059;S
20240524;102520;0.022545;10000;10462659060;S
20240524;102520;0.022545;50000;10462659061;S
20240524;102520;0.022545;10000;10462659062;S
20240524;102523;0.022545;20000;10462659517;B
20240524;102524;0.022545;10000;10462659600;B
20240524;102527;0.022545;10000;10462659810;B
20240524;102531;0.022545;1400000;10462660133;B
20240524;102531;0.022545;1500000;10462660134;B
20240524;102531;0.022545;100000;10462660135;B
20240524;102531;0.022545;3000000;10462660136;B
20240524;102531;0.022545;5100000;10462660137;B
20240524;102531;0.022545;3000000;10462660138;B
20240524;102531;0.022545;4690000;10462660139;B
20240524;102531;0.022545;5760000;10462660140;B
20240524;102531;0.022545;3780000;10462660141;B
20240524;102531;0.02255;2730000;10462660142;B
20240524;102531;0.022545;10000;10462660172;B
20240524;102532;0.022545;630000;10462660358;B
20240524;102532;0.022545;190000;10462660359;B
20240524;102533;0.022545;10000;10462660395;B
20240524;102533;0.022545;100000;10462660421;B
20240524;102535;0.022545;40000;10462660538;B
20240524;102536;0.02254;10000;10462660626;S
20240524;102536;0.02254;50000;10462660627;S
20240524;102537;0.022545;10000;10462660676;B
20240524;102540;0.022545;20000;10462661106;B
20240524;102542;0.022545;50000;10462661470;B
20240524;102546;0.02254;10000;10462662000;S
20240524;102546;0.02254;40000;10462662001;S
20240524;102546;0.02254;1500000;10462662002;S
20240524;102549;0.022545;10000;10462662737;B
20240524;102550;0.022545;10000;10462662843;B
20240524;102552;0.02254;60000;10462663004;S
20240524;102552;0.02254;5000000;10462663015;S
20240524;102552;0.02254;40000;10462663051;S
20240524;102553;0.022545;10000;10462663083;B
20240524;102554;0.022545;680000;10462663175;B
20240524;102556;0.022545;1870000;10462663427;B
20240524;102556;0.022545;2480000;10462663428;B
20240524;102558;0.022545;10000;10462663643;B
20240524;102602;0.022545;20000;10462664240;B
20240524;102602;0.02254;540000;10462664287;S
20240524;102602;0.02254;490000;10462664357;S
20240524;102603;0.02254;440000;10462664417;S
20240524;102604;0.022545;10000;10462664664;B
20240524;102605;0.02254;1930000;10462664728;S
20240524;102605;0.02254;4690000;10462664729;S
20240524;102605;0.02254;600000;10462664730;S
20240524;102605;0.022535;2780000;10462664731;S
20240524;102609;0.022535;6760000;10462665489;S
20240524;102609;0.022535;30000;10462665490;S
20240524;102609;0.022535;20000;10462665491;S
20240524;102609;0.022535;10000;10462665492;S
20240524;102609;0.022535;3180000;10462665493;S
20240524;102609;0.02254;80000;10462665532;B
20240524;102610;0.02254;10000;10462665907;B
20240524;102613;0.02254;10000;10462666353;B
20240524;102617;0.02254;50000;10462666723;B
20240524;102619;0.02254;10000;10462666901;B
20240524;102622;0.022535;10000;10462667177;S
20240524;102631;0.022535;1000000;10462668050;S
20240524;102632;0.02254;10000;10462668154;B
20240524;102633;0.02254;1330000;10462668308;B
20240524;102633;0.02254;180000;10462668309;B
20240524;102633;0.02254;3950000;10462668310;B
20240524;102633;0.02254;4540000;10462668311;B
20240524;102633;0.022535;10000;10462668315;S
20240524;102634;0.022535;10000;10462668444;S
20240524;102635;0.022535;420000;10462668524;S
20240524;102639;0.022535;190000;10462669043;S
20240524;102640;0.022535;180000;10462669129;S
20240524;102640;0.022535;70000;10462669130;S
20240524;102640;0.022535;2750000;10462669131;S
20240524;102644;0.02254;5180000;10462669864;B
20240524;102644;0.02254;70000;10462669865;B
20240524;102644;0.02254;150000;10462669866;B
20240524;102644;0.02254;3000000;10462669867;B
20240524;102644;0.02254;1500000;10462669868;B
20240524;102644;0.02254;160000;10462669869;B
20240524;102644;0.02254;3540000;10462669870;B
20240524;102644;0.022545;560000;10462669871;B
20240524;102645;0.02254;1500000;10462670047;S
20240524;102645;0.022535;11810000;10462670048;S
20240524;102647;0.022535;10000;10462670252;S
20240524;102650;0.022535;5430000;10462670727;S
20240524;102650;0.022535;300000;10462670728;S
20240524;102650;0.022545;20000;10462670765;B
20240524;102655;0.022545;30000;10462671371;B
20240524;102655;0.022545;20000;10462671405;B
20240524;102659;0.022535;800000;10462671744;S
20240524;102659;0.022535;10000;10462671745;S
20240524;102659;0.02253;200000;10462671746;S
20240524;102659;0.02253;20000;10462671747;S
20240524;102659;0.02253;1000000;10462671748;S
20240524;102659;0.02253;6000000;10462671749;S
20240524;102659;0.02253;50000;10462671750;S
20240524;102659;0.02253;6730000;10462671751;S
20240524;102659;0.02253;100000;10462671752;S
20240524;102659;0.02253;310000;10462671753;S
20240524;102659;0.02253;5000000;10462671754;S
20240524;102659;0.02253;10000;10462671755;S
20240524;102659;0.02253;1500000;10462671756;S
20240524;102659;0.02253;10000;10462671757;S
20240524;102659;0.02253;10000;10462671758;S
20240524;102659;0.02253;10000;10462671759;S
20240524;102659;0.02253;10000;10462671760;S
20240524;102659;0.02253;10000;10462671761;S
20240524;102659;0.02253;10000;10462671762;S
20240524;102659;0.02253;3000000;10462671763;S
20240524;102659;0.02253;4690000;10462671764;S
20240524;102659;0.02253;1720000;10462671765;S
20240524;102700;0.02254;30000;10462671913;B
20240524;102708;0.022535;40000;10462672809;B
20240524;102710;0.02253;350000;10462672996;S
20240524;102712;0.022535;720000;10462673133;B
20240524;102713;0.02253;50000;10462673227;S
20240524;102715;0.02253;130000;10462673410;S
20240524;102715;0.022535;10000;10462673461;B
20240524;102717;0.02253;3000000;10462673742;S
20240524;102718;0.02253;1100000;10462673765;S
20240524;102718;0.02253;10000;10462673766;S
20240524;102718;0.022525;10000;10462673767;S
20240524;102718;0.022525;2000000;10462673768;S
20240524;102718;0.022525;1000000;10462673769;S
20240524;102718;0.022525;30000;10462673770;S
20240524;102718;0.022525;1850000;10462673771;S
20240524;102718;0.02253;10000;10462673789;B
20240524;102720;0.022525;1550000;10462674250;S
20240524;102720;0.022525;210000;10462674304;S
20240524;102723;0.022525;550000;10462674757;S
20240524;102728;0.022525;5000000;10462675330;S
20240524;102729;0.02253;10000;10462675487;B
20240524;102732;0.02253;80000;10462675881;B
20240524;102738;0.022525;2000000;10462676871;S
20240524;102740;0.02253;10000;10462677149;B
20240524;102740;0.022525;10000;10462677188;S
20240524;102740;0.02253;10000;10462677270;B
20240524;102740;0.02253;10000;10462677277;B
20240524;102741;0.02253;250000;10462677296;B
20240524;102741;0.022525;10000;10462677321;S
20240524;102741;0.02253;10000;10462677322;B
20240524;102741;0.02253;2620000;10462677344;B
20240524;102741;0.02253;230000;10462677345;B
20240524;102741;0.02253;1500000;10462677346;B
20240524;102741;0.02253;1480000;10462677347;B
20240524;102741;0.02253;3000000;10462677348;B
20240524;102741;0.02253;4810000;10462677349;B
20240524;102741;0.02253;500000;10462677350;B
20240524;102741;0.02253;10000;10462677351;B
20240524;102742;0.022535;10000;10462677405;B
20240524;102742;0.02253;10000;10462677406;S
20240524;102742;0.022535;10000;10462677493;B
20240524;102743;0.022535;10000;10462677677;B
20240524;102743;0.022535;250000;10462677819;B
20240524;102744;0.022535;10000;10462677898;B
20240524;102744;0.022535;10000;10462677947;B
20240524;102745;0.022535;10000;10462678068;B
20240524;102745;0.02253;1500000;10462678175;S
20240524;102745;0.022535;10000;10462678230;B
20240524;102746;0.022535;10000;10462678363;B
20240524;102747;0.022535;10000;10462678464;B
20240524;102747;0.022535;10000;10462678534;B
20240524;102748;0.022535;10000;10462678635;B
20240524;102749;0.022535;10000;10462678717;B
20240524;102749;0.022535;10000;10462678810;B
20240524;102750;0.022535;10000;10462678869;B
20240524;102751;0.02253;100000;10462678936;S
20240524;102751;0.02253;10000;10462678954;S
20240524;102751;0.022535;10000;10462678967;B
20240524;102752;0.022535;10000;10462679272;B
20240524;102752;0.022535;10000;10462679399;B
20240524;102755;0.022535;10000;10462679710;B
20240524;102759;0.022535;20000;10462680352;B
20240524;102803;0.022535;10000;10462681371;B
20240524;102804;0.02253;10000;10462681519;S
20240524;102807;0.02253;20000000;10462681953;S
20240524;102808;0.022535;10000;10462682132;B
20240524;102809;0.022535;10000;10462682447;B
20240524;102809;0.02253;10000;10462682459;S
20240524;102810;0.022535;20000;10462682500;B
20240524;102811;0.02253;10000;10462682668;S
20240524;102812;0.02253;80000;10462682745;S
20240524;102813;0.022535;40000;10462682846;B
20240524;102816;0.02253;1000000;10462683148;S
20240524;102818;0.02253;1200000;10462683351;S
20240524;102818;0.02253;420000;10462683363;S
20240524;102818;0.022535;540000;10462683365;B
20240524;102821;0.02253;110000;10462683694;S
20240524;102822;0.02253;60000;10462683803;S
20240524;102828;0.02253;500000;10462684290;S
20240524;102830;0.02253;2230000;10462684582;S
20240524;102834;0.022535;30000;10462685335;B
20240524;102835;0.02253;1500000;10462685434;S
20240524;102836;0.02253;8040000;10462685475;S
20240524;102839;0.022535;10000;10462685851;B
20240524;102839;0.022535;10000;10462685892;B
20240524;102841;0.02253;100000;10462686145;S
20240524;102844;0.02253;30000;10462686530;S
20240524;102845;0.02253;1700000;10462686603;S
20240524;102846;0.02253;5000000;10462686656;S
20240524;102846;0.022535;10000;10462686702;B
20240524;102848;0.02253;60000;10462686849;S
20240524;102849;0.022535;150000;10462686924;B
20240524;102849;0.02253;810000;10462686929;S
20240524;102849;0.02253;10000;10462686930;S
20240524;102849;0.02253;20000;10462686931;S
20240524;102849;0.022525;20670000;10462686932;S
20240524;102849;0.022525;100000;10462686933;S
20240524;102849;0.022525;1100000;10462686934;S
20240524;102849;0.022525;2000000;10462686935;S
20240524;102849;0.022525;10000;10462686936;S
20240524;102849;0.022525;10000;10462686937;S
20240524;102849;0.022525;4690000;10462686938;S
20240524;102849;0.022525;3630000;10462686939;S
20240524;102849;0.02252;6000000;10462686940;S
20240524;102849;0.02252;50000;10462686941;S
20240524;102849;0.02252;6730000;10462686942;S
20240524;102849;0.02252;1000000;10462686943;S
20240524;102849;0.02252;10000;10462686944;S
20240524;102849;0.02252;1500000;10462686945;S
20240524;102849;0.02252;10000;10462686946;S
20240524;102849;0.02252;30000000;10462686947;S
20240524;102849;0.02252;6650000;10462686948;S
20240524;102849;0.02252;10000;10462686949;S
20240524;102849;0.02252;10000;10462686950;S
20240524;102849;0.02252;5000000;10462686951;S
20240524;102849;0.02252;3000000;10462686952;S
20240524;102849;0.02252;6980000;10462686953;S
20240524;102849;0.022515;40000;10462686956;S
20240524;102849;0.022515;3000000;10462686959;S
20240524;102849;0.022515;3000000;10462686976;S
20240524;102849;0.022515;730000;10462687009;S
20240524;102849;0.022515;1000000;10462687010;S
20240524;102849;0.022515;100000;10462687011;S
20240524;102849;0.022515;10000;10462687012;S
20240524;102849;0.022515;1160000;10462687013;S
20240524;102850;0.022515;3000000;10462687026;S
20240524;102850;0.022515;3000000;10462687058;S
20240524;102850;0.02252;1100000;10462687089;B
20240524;102851;0.022515;20000;10462687136;S
20240524;102852;0.022515;620000;10462687406;S
20240524;102853;0.022515;10000;10462687490;S
20240524;102856;0.022515;200000;10462687876;S
20240524;102858;0.022515;10000;10462688001;S
20240524;102902;0.02252;10000;10462688516;B
20240524;102906;0.02252;20000;10462688873;B
20240524;102906;0.02252;60000;10462688889;B
20240524;102910;0.02252;10000;10462689286;B
20240524;102910;0.022515;10000;10462689304;S
20240524;102910;0.022515;700000;10462689307;S
20240524;102912;0.02252;10000;10462689434;B
20240524;102912;0.02252;40000;10462689464;B
20240524;102912;0.02252;10000;10462689510;B
20240524;102915;0.022515;1100000;10462689876;S
20240524;102915;0.022515;20000;10462689877;S
20240524;102915;0.022515;2880000;10462689878;S
20240524;102917;0.02252;30000;10462690089;B
20240524;102919;0.022515;10000;10462690318;S
20240524;102922;0.02252;40000;10462690637;B
20240524;102922;0.022515;120000;10462690639;S
20240524;102922;0.022515;10000;10462690640;S
20240524;102922;0.02251;10000;10462690641;S
20240524;102922;0.02251;500000;10462690642;S
20240524;102922;0.02251;10000;10462690643;S
20240524;102922;0.02251;20000;10462690644;S
20240524;102922;0.02251;10000;10462690645;S
20240524;102922;0.02251;310000;10462690646;S
20240524;102922;0.02251;40000;10462690647;S
20240524;102922;0.02251;20000;10462690648;S
20240524;102922;0.02251;100000;10462690649;S
20240524;102922;0.02251;10000;10462690650;S
20240524;102922;0.02251;10000;10462690651;S
20240524;102922;0.02251;1000000;10462690652;S
20240524;102922;0.02251;30000000;10462690653;S
20240524;102922;0.02251;1500000;10462690654;S
20240524;102922;0.02251;16330000;10462690655;S
20240524;102924;0.02251;10000;10462690865;S
20240524;102932;0.02251;30000;10462691692;S
20240524;102933;0.02251;50000;10462691750;S
20240524;102933;0.022515;200000;10462691800;B
20240524;102935;0.02251;30000;10462691916;S
20240524;102935;0.022515;10000;10462691945;B
20240524;102936;0.02251;5000000;10462692306;S
20240524;102936;0.02251;10000;10462692307;S
20240524;102936;0.02251;20000;10462692308;S
20240524;102936;0.02251;1000000;10462692309;S
20240524;102936;0.02251;10000;10462692310;S
20240524;102936;0.02251;1100000;10462692311;S
20240524;102936;0.02251;1100000;10462692312;S
20240524;102936;0.02251;1500000;10462692313;S
20240524;102936;0.02251;10000;10462692314;S
20240524;102936;0.022505;10000;10462692315;S
20240524;102936;0.022505;30000000;10462692316;S
20240524;102936;0.022505;6730000;10462692317;S
20240524;102936;0.022505;1000000;10462692318;S
20240524;102936;0.022505;5000000;10462692319;S
20240524;102936;0.022505;10000;10462692320;S
20240524;102936;0.022505;2500000;10462692321;S
20240524;102936;0.022505;1500000;10462692322;S
20240524;102936;0.022505;50000;10462692323;S
20240524;102936;0.022505;5980000;10462692324;S
20240524;102936;0.022505;100000;10462692325;S
20240524;102936;0.022505;10000;10462692326;S
20240524;102936;0.022505;20000000;10462692327;S
20240524;102936;0.022505;4690000;10462692328;S
20240524;102936;0.022505;3560000;10462692329;S
20240524;102936;0.0225;10000;10462692330;S
20240524;102936;0.0225;100000;10462692331;S
20240524;102936;0.0225;100000;10462692332;S
20240524;102936;0.0225;1000000;10462692333;S
20240524;102936;0.0225;10000;10462692334;S
20240524;102936;0.0225;1000000;10462692335;S
20240524;102936;0.0225;1000000;10462692336;S
20240524;102936;0.0225;10000;10462692337;S
20240524;102936;0.0225;10000;10462692338;S
20240524;102936;0.0225;1000000;10462692339;S
20240524;102936;0.0225;1000000;10462692340;S
20240524;102936;0.0225;360000;10462692341;S
20240524;102937;0.022505;1100000;10462692471;B
20240524;102942;0.022505;20000;10462692888;B
20240524;102942;0.022505;20000;10462692926;B
20240524;102944;0.022505;40000;10462693048;B
20240524;102946;0.0225;20000;10462693189;S
20240524;102948;0.022505;10000;10462693341;B
20240524;102950;0.0225;10000;10462693521;S
20240524;102951;0.0225;10000;10462693555;S
20240524;102957;0.0225;2600000;10462694139;S
20240524;102957;0.0225;150000;10462694140;S
20240524;102957;0.0225;100000;10462694141;S
20240524;102957;0.0225;10000;10462694142;S
20240524;102957;0.0225;2700000;10462694143;S
20240524;102957;0.022505;10000;10462694164;B
20240524;102958;0.0225;100000;10462694272;S
20240524;102959;0.0225;13000000;10462694445;S
20240524;103000;0.022505;10000;10462694529;B
20240524;103002;0.022505;3960000;10462694854;B
20240524;103002;0.022505;250000;10462694855;B
20240524;103002;0.022505;30000;10462694856;B
20240524;103002;0.022505;4000000;10462694857;B
20240524;103004;0.022505;12560000;10462695131;S
20240524;103004;0.022505;1500000;10462695132;S
20240524;103004;0.022505;2180000;10462695133;S
20240524;103005;0.0225;250000;10462695193;S
20240524;103012;0.0225;10000;10462695919;S
20240524;103015;0.022505;50000;10462696185;B
20240524;103019;0.022505;50000;10462696676;B
20240524;103022;0.0225;20000;10462697323;S
20240524;103023;0.0225;120000;10462697617;S
20240524;103024;0.022505;40000;10462697813;B
20240524;103025;0.0225;1000000;10462698070;S
20240524;103025;0.022505;10000;10462698127;B
20240524;103027;0.0225;10000;10462698426;S
20240524;103034;0.022505;30000;10462699423;B
20240524;103037;0.022505;260000;10462699773;B
20240524;103037;0.022505;30000;10462699774;B
20240524;103038;0.022505;10000;10462699869;B
20240524;103043;0.0225;10000;10462700466;S
20240524;103047;0.022505;100000;10462700885;B
20240524;103050;0.022505;700000;10462701172;B
20240524;103050;0.022505;2360000;10462701173;B
20240524;103050;0.022505;90000;10462701174;B
20240524;103050;0.0225;40560000;10462701211;S
20240524;103050;0.0225;10000;10462701212;S
20240524;103050;0.0225;10000;10462701213;S
20240524;103050;0.0225;10000;10462701214;S
20240524;103050;0.0225;10000;10462701215;S
20240524;103050;0.0225;10000;10462701216;S
20240524;103050;0.0225;100000;10462701217;S
20240524;103050;0.0225;100000;10462701218;S
20240524;103050;0.0225;100000;10462701219;S
20240524;103050;0.0225;2000000;10462701220;S
20240524;103050;0.0225;300000;10462701221;S
20240524;103050;0.0225;2200000;10462701222;S
20240524;103050;0.0225;10000;10462701223;S
20240524;103050;0.0225;100000;10462701224;S
20240524;103050;0.0225;10000;10462701225;S
20240524;103050;0.0225;17770000;10462701226;S
20240524;103050;0.0225;20000;10462701227;S
20240524;103050;0.0225;1500000;10462701228;S
20240524;103050;0.0225;10000;10462701229;S
20240524;103050;0.0225;20000;10462701230;S
20240524;103050;0.0225;70000;10462701231;S
20240524;103050;0.0225;100000;10462701232;S
20240524;103050;0.0225;100000;10462701233;S
20240524;103050;0.0225;10000;10462701234;S
20240524;103050;0.0225;6660000;10462701235;S
20240524;103050;0.0225;6000000;10462701236;S
20240524;103050;0.0225;1100000;10462701237;S
20240524;103050;0.0225;20000;10462701238;S
20240524;103050;0.0225;10000;10462701239;S
20240524;103050;0.0225;10000;10462701240;S
20240524;103050;0.0225;25000000;10462701241;S
20240524;103050;0.0225;500000;10462701242;S
20240524;103050;0.0225;4690000;10462701243;S
20240524;103050;0.0225;5330000;10462701244;S
20240524;103050;0.0225;27600000;10462701245;S
20240524;103051;0.022505;230000;10462701348;B
20240524;103051;0.022505;710000;10462701349;B
20240524;103052;0.022505;30000;10462701424;B
20240524;103055;0.022505;50000;10462701692;B
20240524;103057;0.022505;3000000;10462701837;B
20240524;103057;0.022505;1000000;10462701838;B
20240524;103059;0.022505;10000;10462702088;B
20240524;103114;0.022505;10000;10462703347;B
20240524;103114;0.0225;10000000;10462703350;S
20240524;103117;0.022505;10000;10462703613;B
20240524;103124;0.022505;30000;10462704296;B
20240524;103128;0.022505;10000;10462704660;B
20240524;103132;0.0225;30000;10462705342;S
20240524;103135;0.022505;100000;10462705656;B
20240524;103138;0.0225;70000;10462706025;S
20240524;103138;0.0225;10000;10462706033;S
20240524;103140;0.0225;10000;10462706219;S
20240524;103142;0.0225;10000;10462706391;S
20240524;103143;0.022505;100000;10462706424;B
20240524;103144;0.0225;10000;10462706490;S
20240524;103144;0.0225;400000;10462706524;S
20240524;103146;0.0225;50000;10462706656;S
20240524;103146;0.0225;90000;10462706701;S
20240524;103147;0.0225;10000;10462706841;S
