<DATE>;<TIME>;<LAST>;<VOL>;<ID>;<OPER>
20240410;095943;0.02368;10000;10083878518;S
20240410;095943;0.02368;10000;10083878519;S
20240410;095943;0.02368;10000;10083878520;S
20240410;095943;0.02368;40000;10083878521;S
20240410;095943;0.02368;10000;10083878522;S
20240410;095943;0.02368;30000;10083878523;S
20240410;095943;0.02368;10000;10083878524;S
20240410;095943;0.02368;10000;10083878525;S
20240410;095943;0.02368;10000;10083878526;S
20240410;095943;0.02368;20000;10083878527;S
20240410;095943;0.02368;10000;10083878528;S
20240410;095943;0.02368;190000;10083878529;B
20240410;095943;0.02368;20000;10083878530;B
20240410;095943;0.02368;100000;10083878531;B
20240410;095943;0.02368;40000;10083878532;B
20240410;095943;0.02368;10000;10083878533;B
20240410;095943;0.02368;20000;10083878534;B
20240410;095943;0.02368;1520000;10083878535;B
20240410;095943;0.02368;1710000;10083878536;B
20240410;095943;0.02368;70000;10083878537;B
20240410;095943;0.02368;10000;10083878538;B
20240410;095943;0.02368;10000;10083878539;B
20240410;095943;0.02368;10000;10083878540;B
20240410;095943;0.02368;40000;10083878541;B
20240410;095943;0.02368;40000;10083878542;B
20240410;095943;0.02368;80000;10083878543;B
20240410;095943;0.02368;50000;10083878544;B
20240410;095943;0.02368;50000;10083878545;B
20240410;095943;0.02368;160000;10083878546;B
20240410;095943;0.02368;10000;10083878547;B
20240410;095943;0.02368;610000;10083878548;B
20240410;095943;0.02368;100000;10083878549;S
20240410;095943;0.02368;100000;10083878550;B
20240410;095943;0.02368;30000;10083878551;S
20240410;095943;0.02368;660000;10083878552;B
20240410;095943;0.02368;200000;10083878553;B
20240410;095943;0.02368;10000;10083878554;S
20240410;095943;0.02368;30000;10083878555;S
20240410;095943;0.02368;270000;10083878556;B
20240410;095943;0.02368;10000;10083878557;B
20240410;095943;0.02368;10000;10083878558;B
20240410;095943;0.02368;1560000;10083878559;B
20240410;095943;0.02368;10000;10083878560;B
20240410;095943;0.02368;10000;10083878561;B
20240410;095943;0.02368;20000;10083878562;B
20240410;095943;0.02368;350000;10083878563;B
20240410;095943;0.02368;10000;10083878564;S
20240410;095943;0.02368;10000;10083878565;S
20240410;095943;0.02368;20000;10083878566;S
20240410;095943;0.02368;20000;10083878567;S
20240410;095943;0.02368;30000;10083878568;S
20240410;095943;0.02368;20000;10083878569;B
20240410;095943;0.02368;10000;10083878570;B
20240410;095943;0.02368;10000;10083878571;B
20240410;095943;0.02368;240000;10083878572;B
20240410;095943;0.02368;1270000;10083878573;B
20240410;095943;0.02368;80000;10083878574;B
20240410;095943;0.02368;30000;10083878575;B
20240410;095943;0.02368;40000;10083878576;B
20240410;095943;0.02368;20000;10083878577;B
20240410;095943;0.02368;6240000;10083878578;B
20240410;095943;0.02368;430000;10083878579;B
20240410;095943;0.02368;300000;10083878580;B
20240410;095943;0.02368;1000000;10083878581;S
20240410;095943;0.02368;10000;10083878582;S
20240410;095943;0.02368;1000000;10083878583;B
20240410;095943;0.02368;7020000;10083878584;B
20240410;095943;0.02368;30000;10083878585;B
20240410;095943;0.02368;20000;10083878586;B
20240410;095943;0.02368;1930000;10083878587;B
20240410;095943;0.02368;2000000;10083878588;B
20240410;095943;0.02368;10000;10083878589;B
20240410;095943;0.02368;6000000;10083878590;B
20240410;095943;0.02368;20000;10083878591;B
20240410;095943;0.02368;10000;10083878592;B
20240410;095943;0.02368;20000;10083878593;B
20240410;095943;0.02368;40000;10083878594;B
20240410;095943;0.02368;10000;10083878595;B
20240410;095943;0.02368;10000;10083878596;B
20240410;095943;0.02368;10000;10083878597;B
20240410;095943;0.02368;50000;10083878598;B
20240410;095943;0.02368;10000;10083878599;B
20240410;095943;0.02368;50000;10083878600;B
20240410;095943;0.02368;50000;10083878601;B
20240410;095943;0.02368;20000;10083878602;B
20240410;095943;0.02368;50000;10083878603;B
20240410;095943;0.02368;10000;10083878604;B
20240410;095943;0.02368;10000;10083878605;B
20240410;095943;0.02368;10000;10083878606;B
20240410;095943;0.02368;10000;10083878607;B
20240410;095943;0.02368;20000;10083878608;B
20240410;095943;0.02368;30000;10083878609;B
20240410;095943;0.02368;50000;10083878610;B
20240410;095943;0.02368;50000;10083878611;B
20240410;095943;0.02368;40000;10083878612;B
20240410;095943;0.02368;10000;10083878613;B
20240410;095943;0.02368;50000;10083878614;B
20240410;095943;0.02368;10000;10083878615;B
20240410;095943;0.02368;10000;10083878616;B
20240410;095943;0.02368;60000;10083878617;B
20240410;095943;0.02368;500000;10083878618;B
20240410;095943;0.02368;10000;10083878619;B
20240410;095943;0.02368;10000;10083878620;B
20240410;095943;0.02368;40000;10083878621;B
20240410;095943;0.02368;10000;10083878622;B
20240410;095943;0.02368;10000;10083878623;B
20240410;095943;0.02368;50000;10083878624;B
20240410;095943;0.02368;2000000;10083878625;B
20240410;095943;0.02368;10000;10083878626;B
20240410;095943;0.02368;10000;10083878627;B
20240410;095943;0.02368;10000;10083878628;B
20240410;095943;0.02368;10000;10083878629;B
20240410;095943;0.02368;10000;10083878630;B
20240410;095943;0.02368;10000;10083878631;B
20240410;095943;0.02368;60000;10083878632;B
20240410;095943;0.02368;10000;10083878633;B
20240410;095943;0.02368;10000;10083878634;B
20240410;095943;0.02368;10000;10083878635;B
20240410;095943;0.02368;10000;10083878636;B
20240410;095943;0.02368;10000;10083878637;B
20240410;095943;0.02368;10000;10083878638;B
20240410;095943;0.02368;20000;10083878639;B
20240410;095943;0.02368;10000;10083878640;B
20240410;095943;0.02368;50000;10083878641;B
20240410;095943;0.02368;10000;10083878642;B
20240410;095943;0.02368;630000;10083878643;B
20240410;095943;0.02368;40000;10083878644;B
20240410;095943;0.02368;320000;10083878645;B
20240410;095943;0.02368;10000;10083878646;B
20240410;095943;0.02368;10000;10083878647;B
20240410;095943;0.02368;1580000;10083878648;B
20240410;100000;0.02368;100000;10083882977;B
20240410;100000;0.02368;2100000;10083882980;B
20240410;100000;0.02368;10000;10083883272;B
20240410;100000;0.02367;10000;10083883338;S
20240410;100000;0.02368;10000;10083883362;B
20240410;100000;0.023675;70000;10083883512;S
20240410;100000;0.02368;70000;10083883537;B
20240410;100001;0.02368;6130000;10083884043;B
20240410;100001;0.02368;40000;10083884044;B
20240410;100001;0.02368;50000;10083884045;B
20240410;100001;0.02368;8780000;10083884046;B
20240410;100001;0.023675;1400000;10083884173;S
20240410;100001;0.023675;180000;10083884306;S
20240410;100005;0.023675;30000;10083886321;S
20240410;100005;0.02368;20000;10083886324;B
20240410;100005;0.023675;10000;10083886325;S
20240410;100005;0.02368;10000;10083886331;B
20240410;100005;0.02368;30000;10083886333;B
20240410;100005;0.02368;10000;10083886335;B
20240410;100005;0.023675;10000;10083886337;S
20240410;100005;0.02368;10000;10083886339;B
20240410;100005;0.02368;10000;10083886345;B
20240410;100005;0.023675;20000;10083886347;S
20240410;100005;0.02368;20000;10083886351;B
20240410;100005;0.023675;60000;10083886578;S
20240410;100005;0.02368;10000;10083886580;B
20240410;100005;0.02368;10000;10083886609;B
20240410;100005;0.023675;10000;10083886613;S
20240410;100005;0.02368;10000;10083886622;B
20240410;100005;0.02368;50000;10083886628;B
20240410;100005;0.02368;10000;10083886634;B
20240410;100005;0.02368;100000;10083886656;B
20240410;100005;0.023675;10000;10083886971;S
20240410;100005;0.02368;10000;10083886975;B
20240410;100005;0.02368;20000;10083886982;B
20240410;100005;0.02368;10000;10083886990;B
20240410;100005;0.02368;10000;10083886993;B
20240410;100005;0.02368;400000;10083887002;B
20240410;100005;0.023675;20000;10083887009;S
20240410;100005;0.02368;10000;10083887024;B
20240410;100005;0.023675;20000;10083887025;S
20240410;100005;0.02368;10000;10083887026;B
20240410;100005;0.02368;10000;10083887027;B
20240410;100005;0.023675;30000;10083887030;S
20240410;100005;0.02368;10000;10083887031;B
20240410;100005;0.023675;10000;10083887033;S
20240410;100005;0.02368;30000;10083887038;B
20240410;100005;0.023675;20000;10083887039;S
20240410;100005;0.02368;10000;10083887045;B
20240410;100005;0.02368;10000;10083887048;B
20240410;100005;0.02368;10000;10083887051;B
20240410;100005;0.023675;50000;10083887065;S
20240410;100005;0.02368;10000;10083887068;B
20240410;100005;0.023675;10000;10083887069;S
20240410;100005;0.02368;50000;10083887124;B
20240410;100005;0.02368;10000;10083887125;B
20240410;100005;0.02368;40000;10083887126;B
20240410;100005;0.023675;10000;10083887127;S
20240410;100005;0.02368;30000;10083887128;B
20240410;100005;0.023675;50000;10083887131;S
20240410;100005;0.02368;30000;10083887132;B
20240410;100005;0.02368;50000;10083887135;B
20240410;100005;0.023675;40000;10083887250;S
20240410;100005;0.02368;10000;10083887253;B
20240410;100005;0.023675;10000;10083887254;S
20240410;100005;0.023675;20000;10083887260;S
20240410;100005;0.023675;40000;10083887262;S
20240410;100005;0.02368;10000;10083887265;B
20240410;100005;0.023675;70000;10083887269;S
20240410;100005;0.02368;10000;10083887270;B
20240410;100005;0.02368;10000;10083887274;B
20240410;100005;0.02368;10000;10083887276;B
20240410;100005;0.02368;10000;10083887277;B
20240410;100005;0.02368;10000;10083887282;B
20240410;100005;0.02368;10000;10083887723;B
20240410;100005;0.023675;180000;10083887724;S
20240410;100005;0.02368;10000;10083887726;B
20240410;100005;0.02368;40000;10083887731;B
20240410;100005;0.023675;50000;10083887735;S
20240410;100005;0.02368;10000;10083887736;B
20240410;100005;0.023675;70000;10083887741;S
20240410;100005;0.023675;30000;10083887742;S
20240410;100005;0.02368;10000;10083887750;B
20240410;100006;0.02368;10000;10083887941;B
20240410;100006;0.02368;10000;10083887946;B
20240410;100006;0.02368;10000;10083887952;B
20240410;100006;0.023675;10000;10083887955;S
20240410;100006;0.023675;20000;10083887957;S
20240410;100006;0.023675;40000;10083887959;S
20240410;100006;0.023675;50000;10083887960;S
20240410;100006;0.023675;50000;10083887970;S
20240410;100006;0.02368;20000;10083887975;B
20240410;100006;0.023675;10000;10083887977;S
20240410;100006;0.02368;10000;10083887981;B
20240410;100006;0.02368;30000;10083887988;B
20240410;100006;0.02368;10000;10083887997;B
20240410;100006;0.023675;20000;10083888006;S
20240410;100006;0.02368;10000;10083888364;B
20240410;100006;0.02368;10000;10083888365;B
20240410;100006;0.023675;10000;10083888369;S
20240410;100006;0.023675;20000;10083888371;S
20240410;100006;0.023675;50000;10083888372;S
20240410;100006;0.023675;30000;10083888374;S
20240410;100006;0.02368;10000;10083888378;B
20240410;100006;0.02368;10000;10083888381;B
20240410;100006;0.02368;10000;10083888384;B
20240410;100006;0.02368;10000;10083888386;B
20240410;100006;0.023675;10000;10083888388;S
20240410;100006;0.023675;10000;10083888391;S
20240410;100006;0.023675;10000;10083888586;S
20240410;100006;0.023675;10000;10083888590;S
20240410;100006;0.02368;800000;10083888594;B
20240410;100006;0.023675;10000;10083888595;S
20240410;100006;0.023675;50000;10083888596;S
20240410;100006;0.023675;20000;10083888598;S
20240410;100006;0.02368;10000;10083888599;B
20240410;100006;0.023675;20000;10083888603;S
20240410;100006;0.023675;10000;10083888604;S
20240410;100006;0.02368;10000;10083888606;B
20240410;100006;0.02368;10000;10083888608;B
20240410;100006;0.02368;10000;10083888611;B
20240410;100006;0.02368;30000;10083888621;B
20240410;100006;0.02368;10000;10083888624;B
20240410;100006;0.02368;40000;10083888626;B
20240410;100006;0.023675;10000;10083888693;S
20240410;100006;0.023675;20000;10083888697;S
20240410;100006;0.02368;10000;10083888702;B
20240410;100006;0.023675;10000;10083888714;S
20240410;100006;0.02368;10000;10083888716;B
20240410;100006;0.02368;10000;10083888718;B
20240410;100006;0.023675;10000;10083888725;S
20240410;100006;0.023675;10000;10083888728;S
20240410;100006;0.02368;10000;10083888731;B
20240410;100006;0.02368;50000;10083888734;B
20240410;100006;0.02368;10000;10083888742;B
20240410;100006;0.02368;10000;10083888743;B
20240410;100006;0.02368;10000;10083888747;B
20240410;100006;0.023675;10000;10083888757;S
20240410;100006;0.02368;10000;10083888760;B
20240410;100006;0.02368;10000;10083888768;B
20240410;100006;0.02368;10000;10083888774;B
20240410;100006;0.02368;10000;10083888776;B
20240410;100006;0.023675;50000;10083888777;S
20240410;100006;0.02368;10000;10083888782;B
20240410;100006;0.023675;50000;10083888785;S
20240410;100006;0.02368;10000;10083888788;B
20240410;100006;0.023675;20000;10083888789;S
20240410;100006;0.02368;10000;10083888790;B
20240410;100006;0.023675;60000;10083888791;S
20240410;100006;0.023675;20000;10083888806;S
20240410;100006;0.023675;20000;10083888807;S
20240410;100006;0.02368;10000;10083888809;B
20240410;100006;0.02368;10000;10083888816;B
20240410;100006;0.02368;20000;10083889124;B
20240410;100006;0.02368;30000;10083889128;B
20240410;100006;0.02368;10000;10083889131;B
20240410;100006;0.023675;10000;10083889134;S
20240410;100006;0.023675;10000;10083889138;S
20240410;100006;0.023675;10000;10083889143;S
20240410;100006;0.023675;20000;10083889208;S
20240410;100006;0.023675;50000;10083889209;S
20240410;100006;0.023675;10000;10083889211;S
20240410;100006;0.02368;10000;10083889212;B
20240410;100006;0.02368;10000;10083889213;B
20240410;100006;0.02368;10000;10083889214;B
20240410;100006;0.02368;20000;10083889223;B
20240410;100006;0.02368;30000;10083889224;B
20240410;100006;0.02368;30000;10083889225;B
20240410;100006;0.023675;10000;10083889226;S
20240410;100006;0.023675;200000;10083889227;S
20240410;100006;0.023675;1740000;10083889228;S
20240410;100006;0.02368;10000;10083889229;B
20240410;100006;0.023675;50000;10083889230;S
20240410;100006;0.023675;50000;10083889231;S
20240410;100006;0.023675;180000;10083889232;S
20240410;100006;0.02368;10000;10083889233;B
20240410;100006;0.023675;70000;10083889560;S
20240410;100006;0.02368;10000;10083889561;B
20240410;100006;0.02368;10000;10083889562;B
20240410;100006;0.02368;10000;10083889563;B
20240410;100006;0.023675;10000;10083889564;S
20240410;100006;0.023675;40000;10083889565;S
20240410;100006;0.02368;10000;10083889566;B
20240410;100006;0.02368;50000;10083889567;B
20240410;100006;0.023675;10000;10083889568;S
20240410;100006;0.02368;70000;10083889569;B
20240410;100006;0.023675;10000;10083889570;S
20240410;100006;0.02368;10000;10083889571;B
20240410;100006;0.02368;10000;10083889572;B
20240410;100006;0.02368;20000;10083889573;B
20240410;100006;0.023675;10000;10083889575;S
20240410;100006;0.02368;10000;10083889576;B
20240410;100006;0.023675;60000;10083889577;S
20240410;100006;0.02368;10000;10083889578;B
20240410;100006;0.023675;20000;10083889579;S
20240410;100006;0.023675;20000;10083889580;S
20240410;100007;0.023675;10000;10083889819;S
20240410;100007;0.02368;20000;10083889820;B
20240410;100007;0.023675;10000;10083889823;S
20240410;100007;0.023675;10000;10083889824;S
20240410;100007;0.023675;50000;10083889825;S
20240410;100007;0.02368;10000;10083889826;B
20240410;100007;0.02368;10000;10083889827;B
20240410;100007;0.02368;10000;10083889828;B
20240410;100007;0.023675;10000;10083889829;S
20240410;100007;0.02368;10000;10083889830;B
20240410;100007;0.023675;10000;10083889831;S
20240410;100007;0.02368;10000;10083889832;B
20240410;100007;0.02368;10000;10083889833;B
20240410;100007;0.023675;50000;10083889834;S
20240410;100007;0.023675;10000;10083889842;S
20240410;100007;0.02368;10000;10083890273;B
20240410;100007;0.023675;50000;10083890274;S
20240410;100007;0.023675;10000;10083890276;S
20240410;100007;0.02368;10000;10083890279;B
20240410;100007;0.02368;10000;10083890283;B
20240410;100007;0.02368;10000;10083890284;B
20240410;100007;0.02368;10000;10083890286;B
20240410;100007;0.023675;210000;10083890287;S
20240410;100007;0.02368;10000;10083890293;B
20240410;100007;0.02368;10000;10083890295;B
20240410;100007;0.02368;10000;10083890299;B
20240410;100007;0.02368;10000;10083890673;B
20240410;100007;0.02368;10000;10083890675;B
20240410;100008;0.02368;10000;10083890952;B
20240410;100008;0.023675;50000;10083890953;S
20240410;100008;0.023675;50000;10083890954;S
20240410;100008;0.02368;10000;10083890955;B
20240410;100008;0.023675;10000;10083890956;S
20240410;100008;0.02368;10000;10083890957;B
20240410;100008;0.02368;10000;10083890958;B
20240410;100008;0.02368;10000;10083890959;B
20240410;100008;0.023675;50000;10083890961;S
20240410;100008;0.023675;500000;10083891281;S
20240410;100009;0.02368;10000;10083891423;B
20240410;100009;0.02368;10000;10083891425;B
20240410;100009;0.023675;10000;10083891428;S
20240410;100009;0.02368;10000;10083891431;B
20240410;100009;0.023675;10000;10083891437;S
20240410;100009;0.02368;10000;10083891439;B
20240410;100009;0.02368;10000;10083891440;B
20240410;100009;0.023675;50000;10083891442;S
20240410;100009;0.023675;40000;10083891443;S
20240410;100009;0.02368;10000;10083891445;B
20240410;100009;0.02368;10000;10083891447;B
20240410;100009;0.02368;20000;10083891448;B
20240410;100009;0.02368;10000;10083891450;B
20240410;100009;0.02368;10000;10083891453;B
20240410;100009;0.02368;50000;10083891496;B
20240410;100009;0.02368;10000;10083891627;B
20240410;100009;0.02368;30000;10083891628;B
20240410;100009;0.02368;10000;10083891629;B
20240410;100009;0.023675;10000;10083891630;S
20240410;100009;0.02368;10000;10083891631;B
20240410;100009;0.02368;10000;10083891632;B
20240410;100009;0.02368;20000;10083891633;B
20240410;100009;0.023675;10000;10083891634;S
20240410;100009;0.02368;100000;10083891635;B
20240410;100010;0.02368;120000;10083892057;B
20240410;100010;0.023675;20000;10083892065;S
20240410;100010;0.023675;10000;10083892092;S
20240410;100010;0.02368;910000;10083892256;B
20240410;100010;0.02368;30000;10083892274;B
20240410;100011;0.023675;130000;10083892328;S
20240410;100011;0.023675;10000;10083892438;S
20240410;100011;0.023675;1000000;10083892491;S
20240410;100011;0.02368;30000;10083892555;B
20240410;100012;0.02368;600000;10083892658;B
20240410;100012;0.02368;750000;10083892720;B
20240410;100012;0.02368;30000;10083892800;B
20240410;100012;0.02368;40000;10083892832;B
20240410;100013;0.02368;40000;10083892893;B
20240410;100014;0.023675;1860000;10083893139;S
20240410;100017;0.023675;270000;10083893646;S
20240410;100017;0.023675;10000;10083893709;S
20240410;100018;0.023675;4080000;10083894062;S
20240410;100019;0.023675;120000;10083894748;S
20240410;100021;0.023675;1000000;10083895319;S
20240410;100021;0.023675;90000;10083895348;S
20240410;100021;0.023675;50000;10083895461;S
20240410;100022;0.023675;280000;10083895502;S
20240410;100022;0.023675;50000;10083895670;S
20240410;100022;0.023675;20000;10083895685;S
20240410;100025;0.02368;10000;10083896233;B
20240410;100025;0.02368;10000;10083896253;B
20240410;100025;0.02368;40000;10083896308;B
20240410;100027;0.023675;270000;10083896658;S
20240410;100027;0.023675;140000;10083896682;S
20240410;100027;0.023675;130000;10083896700;S
20240410;100027;0.023675;3850000;10083896771;S
20240410;100027;0.023675;1000000;10083896772;S
20240410;100027;0.023675;10000;10083896773;S
20240410;100027;0.02367;20000;10083896774;S
20240410;100027;0.02367;5000000;10083896775;S
20240410;100027;0.02367;120000;10083896776;S
20240410;100028;0.023675;270000;10083897004;S
20240410;100028;0.02367;240000;10083897022;S
20240410;100028;0.02367;310000;10083897023;S
20240410;100028;0.02368;2000000;10083897211;B
20240410;100030;0.02368;10000;10083897530;B
20240410;100031;0.02368;10000;10083897736;B
20240410;100031;0.023675;20000;10083897871;S
20240410;100031;0.02368;5950000;10083897874;B
20240410;100031;0.02368;10000;10083897875;B
20240410;100031;0.02368;40000;10083897876;B
20240410;100031;0.023675;980000;10083897888;S
20240410;100031;0.023675;20000;10083897889;S
20240410;100031;0.023675;270000;10083897924;S
20240410;100031;0.023675;50000;10083897941;S
20240410;100032;0.023675;10000;10083897991;S
20240410;100033;0.023675;10000;10083898102;S
20240410;100035;0.02368;10000;10083898507;B
20240410;100035;0.023675;10000;10083898522;S
20240410;100036;0.02368;360000;10083898812;B
20240410;100037;0.02368;10000;10083898961;B
20240410;100038;0.02368;450000;10083899214;B
20240410;100038;0.02368;1550000;10083899215;B
20240410;100038;0.02368;40000;10083899257;B
20240410;100040;0.02368;300000;10083899534;B
20240410;100040;0.023675;8090000;10083899634;S
20240410;100040;0.023675;5080000;10083899635;S
20240410;100040;0.023675;4230000;10083899636;S
20240410;100040;0.023675;1000000;10083899637;S
20240410;100040;0.023675;1200000;10083899638;S
20240410;100040;0.023675;7400000;10083899639;S
20240410;100040;0.023675;20000;10083899640;S
20240410;100040;0.023675;2800000;10083899641;S
20240410;100041;0.02367;150000;10083899814;S
20240410;100041;0.02367;40000;10083899845;S
20240410;100042;0.02367;90000;10083899960;S
20240410;100043;0.02367;10000000;10083900155;S
20240410;100044;0.02367;500000;10083900296;S
20240410;100044;0.023675;3000000;10083900317;B
20240410;100045;0.023675;70000;10083900579;B
20240410;100045;0.023675;10000;10083900675;B
20240410;100047;0.023675;10000;10083901032;B
20240410;100049;0.023675;48530000;10083901536;B
20240410;100049;0.023675;100000;10083901546;B
20240410;100051;0.023675;100000;10083902047;B
20240410;100052;0.02367;260000;10083902403;S
20240410;100053;0.02367;400000;10083902522;S
20240410;100054;0.023675;30000;10083902701;B
20240410;100054;0.02367;10000;10083902712;S
20240410;100054;0.023675;10000;10083902911;B
20240410;100055;0.02367;150000;10083902970;S
20240410;100056;0.023675;10000;10083903180;B
20240410;100056;0.023675;10000;10083903278;B
20240410;100057;0.023675;10000;10083903400;B
20240410;100058;0.02367;60000;10083903698;S
20240410;100058;0.023675;400000;10083903761;B
20240410;100059;0.02367;10000;10083903895;S
20240410;100059;0.023675;30000;10083903977;B
20240410;100100;0.023675;70000;10083904253;B
20240410;100101;0.023675;10000;10083904357;B
20240410;100104;0.02367;250000;10083904912;S
20240410;100104;0.02367;120000;10083904987;S
20240410;100105;0.023675;5000000;10083905188;B
20240410;100106;0.02367;10000;10083905360;S
20240410;100107;0.023675;10000;10083905507;B
20240410;100108;0.023675;10000;10083905680;B
20240410;100108;0.02367;680000;10083905695;S
20240410;100109;0.02367;300000;10083905877;S
20240410;100109;0.02367;14600000;10083905941;S
20240410;100109;0.02367;10000;10083905942;S
20240410;100109;0.02367;30000000;10083905943;S
20240410;100109;0.02367;20000;10083905944;S
20240410;100109;0.02367;2800000;10083905945;S
20240410;100109;0.02367;10000;10083905946;S
20240410;100110;0.02367;70000;10083905999;B
20240410;100111;0.023665;10000;10083906301;S
20240410;100111;0.023665;10000;10083906302;S
20240410;100111;0.023665;10000;10083906303;S
20240410;100111;0.023665;10000;10083906304;S
20240410;100111;0.023665;10000;10083906305;S
20240410;100111;0.023665;10000;10083906306;S
20240410;100111;0.023665;10000;10083906307;S
20240410;100111;0.023665;10000;10083906308;S
20240410;100111;0.023665;20000;10083906309;S
20240410;100111;0.023665;10000;10083906310;S
20240410;100111;0.023665;10000;10083906311;S
20240410;100111;0.023665;10000;10083906312;S
20240410;100111;0.023665;10000;10083906313;S
20240410;100111;0.023665;60000;10083906314;S
20240410;100111;0.023665;10000;10083906315;S
20240410;100111;0.023665;30000;10083906316;S
20240410;100111;0.023665;50000;10083906317;S
20240410;100111;0.023665;10000;10083906318;S
20240410;100111;0.023665;10000;10083906319;S
20240410;100111;0.023665;10000;10083906320;S
20240410;100111;0.023665;10000;10083906321;S
20240410;100111;0.023665;50000;10083906322;S
20240410;100111;0.023665;10000;10083906323;S
20240410;100111;0.023665;10000;10083906324;S
20240410;100111;0.023665;10000;10083906325;S
20240410;100111;0.023665;10000;10083906326;S
20240410;100111;0.023665;10000;10083906327;S
20240410;100111;0.023665;20000;10083906328;S
20240410;100111;0.023665;10000;10083906329;S
20240410;100111;0.023665;10000;10083906330;S
20240410;100111;0.023665;20000;10083906331;S
20240410;100111;0.023665;10000;10083906332;S
20240410;100111;0.023665;10000;10083906333;S
20240410;100111;0.023665;10000;10083906334;S
20240410;100111;0.023665;10000;10083906335;S
20240410;100111;0.023665;10000;10083906336;S
20240410;100111;0.023665;80000;10083906337;S
20240410;100111;0.023665;20000;10083906338;S
20240410;100111;0.023665;10000;10083906339;S
20240410;100111;0.023665;10000;10083906340;S
20240410;100111;0.023665;10000;10083906341;S
20240410;100111;0.023665;10000;10083906342;S
20240410;100111;0.023665;10000;10083906343;S
20240410;100111;0.023665;10000;10083906344;S
20240410;100111;0.023665;10000;10083906345;S
20240410;100111;0.023665;10000;10083906346;S
20240410;100111;0.023665;10000;10083906347;S
20240410;100111;0.023665;10000;10083906348;S
20240410;100111;0.023665;10000;10083906349;S
20240410;100111;0.023665;10000;10083906350;S
20240410;100111;0.023665;90000;10083906351;S
20240410;100111;0.023665;10000;10083906352;S
20240410;100111;0.023665;20000;10083906353;S
20240410;100111;0.023665;20000;10083906354;S
20240410;100111;0.023665;10000;10083906355;S
20240410;100111;0.023665;40000;10083906356;S
20240410;100111;0.023665;20000;10083906357;S
20240410;100111;0.023665;10000;10083906358;S
20240410;100111;0.023665;20000;10083906359;S
20240410;100111;0.023665;1000000;10083906360;S
20240410;100111;0.023665;20000;10083906361;S
20240410;100111;0.023665;70000;10083906362;S
20240410;100111;0.023665;200000;10083906363;S
20240410;100111;0.023665;2740000;10083906364;S
20240410;100111;0.023665;100000;10083906365;S
20240410;100111;0.023665;10000;10083906366;S
20240410;100111;0.023665;10000;10083906367;S
20240410;100111;0.023665;60000;10083906368;S
20240410;100111;0.023665;10000;10083906369;S
20240410;100111;0.023665;10000;10083906370;S
20240410;100111;0.023665;10000;10083906371;S
20240410;100111;0.023665;10000;10083906372;S
20240410;100111;0.023665;50000;10083906373;S
20240410;100111;0.023665;4000000;10083906374;S
20240410;100111;0.023665;700000;10083906375;S
20240410;100112;0.02367;10000;10083906458;B
20240410;100112;0.02367;630000;10083906570;B
20240410;100114;0.02367;1850000;10083906737;B
20240410;100114;0.02367;1000000;10083906738;B
20240410;100114;0.02367;1150000;10083906739;B
20240410;100116;0.02367;30000;10083907207;B
20240410;100116;0.02367;4240000;10083907208;B
20240410;100117;0.023665;10000;10083907368;S
20240410;100117;0.02367;10000;10083907424;B
20240410;100118;0.023665;20000;10083907467;S
20240410;100118;0.023665;30000;10083907473;S
20240410;100118;0.02367;200000;10083907484;B
20240410;100118;0.023665;40000;10083907670;S
20240410;100118;0.023665;10000;10083907671;S
20240410;100118;0.023665;10000;10083907672;S
20240410;100118;0.023665;10000;10083907673;S
20240410;100118;0.023665;20000;10083907674;S
20240410;100118;0.023665;10000;10083907675;S
20240410;100119;0.023665;320000;10083907778;S
20240410;100119;0.023665;10000;10083907779;S
20240410;100119;0.023665;10000;10083907780;S
20240410;100119;0.023665;600000;10083907781;S
20240410;100119;0.023665;4230000;10083907782;S
20240410;100119;0.02366;20000;10083907783;S
20240410;100119;0.02366;10000;10083907784;S
20240410;100119;0.02366;90000;10083907785;S
20240410;100119;0.02366;60000;10083907786;S
20240410;100119;0.02366;660000;10083907787;S
20240410;100119;0.02366;1000000;10083907788;S
20240410;100119;0.02366;10000;10083907789;S
20240410;100119;0.02366;22980000;10083907790;S
20240410;100119;0.02366;20000;10083907842;S
20240410;100120;0.02366;90000;10083907893;S
20240410;100120;0.023665;840000;10083907977;B
20240410;100121;0.023665;160000;10083908025;B
20240410;100121;0.023665;110000;10083908026;B
20240410;100122;0.023665;10000000;10083908207;B
20240410;100122;0.02366;9490000;10083908280;S
20240410;100122;0.02366;10000000;10083908281;S
20240410;100122;0.02366;2800000;10083908282;S
20240410;100122;0.023655;10000;10083908283;S
20240410;100122;0.023655;110000;10083908284;S
20240410;100122;0.023655;50000;10083908285;S
20240410;100122;0.023655;100000;10083908286;S
20240410;100122;0.023655;1000000;10083908287;S
20240410;100122;0.023655;5080000;10083908288;S
20240410;100122;0.023655;10000;10083908289;S
20240410;100122;0.023655;8460000;10083908290;S
20240410;100122;0.023655;4230000;10083908291;S
20240410;100122;0.023655;3070000;10083908292;S
20240410;100122;0.02365;2500000;10083908293;S
20240410;100122;0.02365;10000;10083908294;S
20240410;100122;0.02365;20000;10083908295;S
20240410;100122;0.02365;2000000;10083908296;S
20240410;100122;0.02365;1990000;10083908297;S
20240410;100123;0.023665;1290000;10083908411;B
20240410;100123;0.023665;10000;10083908412;B
20240410;100123;0.023665;1000000;10083908413;B
20240410;100123;0.023665;2800000;10083908414;B
20240410;100123;0.023665;3060000;10083908415;B
20240410;100123;0.02367;50000;10083908416;B
20240410;100123;0.02367;33790000;10083908417;B
20240410;100123;0.023665;10000;10083908484;B
20240410;100124;0.023655;1840000;10083908752;S
20240410;100125;0.023665;990000;10083908773;B
20240410;100125;0.023665;11410000;10083908774;B
20240410;100125;0.023665;2800000;10083908775;B
20240410;100125;0.023665;30000000;10083908776;B
20240410;100125;0.02367;13950000;10083908777;B
20240410;100125;0.02367;1000000;10083908778;B
20240410;100125;0.02367;3050000;10083908779;B
20240410;100125;0.023675;24800000;10083908780;B
20240410;100129;0.023665;10000;10083909991;B
20240410;100131;0.023655;40000;10083910356;S
20240410;100132;0.023665;10000;10083910754;B
20240410;100134;0.023655;500000;10083910968;S
20240410;100135;0.023655;2700000;10083911287;S
20240410;100135;0.023655;4230000;10083911288;S
20240410;100135;0.023655;1000000;10083911289;S
20240410;100135;0.023655;6000000;10083911290;S
20240410;100135;0.023655;2800000;10083911291;S
20240410;100135;0.023655;16270000;10083911292;S
20240410;100135;0.023655;1250000;10083911308;S
20240410;100135;0.023665;80000;10083911326;B
20240410;100135;0.023665;10000000;10083911327;B
20240410;100135;0.023665;2340000;10083911328;B
20240410;100135;0.023665;50000;10083911375;B
20240410;100136;0.023665;40000;10083911433;B
20240410;100136;0.023665;10000;10083911554;B
20240410;100136;0.023665;900000;10083911574;B
20240410;100136;0.023665;100000;10083911575;B
20240410;100138;0.023665;10000;10083911731;B
20240410;100138;0.023655;4230000;10083911754;S
20240410;100138;0.023655;6000000;10083911755;S
20240410;100138;0.023655;1000000;10083911756;S
20240410;100138;0.023655;2800000;10083911757;S
20240410;100138;0.023655;5080000;10083911758;S
20240410;100138;0.023655;8460000;10083911759;S
20240410;100138;0.023655;2910000;10083911760;S
20240410;100142;0.02365;1000000;10083912485;S
20240410;100142;0.02365;4000000;10083912526;S
20240410;100144;0.023655;400000;10083912750;B
20240410;100144;0.023655;10000;10083912810;B
20240410;100146;0.023655;19110000;10083913039;B
20240410;100146;0.023655;2800000;10083913040;B
20240410;100146;0.023655;1090000;10083913041;B
20240410;100146;0.023655;2260000;10083913042;B
20240410;100146;0.023655;3500000;10083913043;B
20240410;100146;0.023655;3080000;10083913044;B
20240410;100146;0.023655;1000000;10083913045;B
20240410;100146;0.02366;1000000;10083913046;B
20240410;100146;0.023665;990000;10083913047;B
20240410;100146;0.023665;5080000;10083913048;B
20240410;100146;0.023665;100000;10083913049;B
20240410;100146;0.023665;4230000;10083913050;B
20240410;100146;0.02367;1000000;10083913051;B
20240410;100146;0.02367;4760000;10083913052;B
20240410;100148;0.023655;200000;10083913584;S
20240410;100149;0.023665;1000000;10083913638;B
20240410;100149;0.023655;800000;10083913671;S
20240410;100149;0.023655;2800000;10083913672;S
20240410;100149;0.023655;6000000;10083913673;S
20240410;100149;0.023655;500000;10083913674;S
20240410;100149;0.023655;3030000;10083913675;S
20240410;100149;0.02365;3630000;10083913676;S
20240410;100149;0.02365;20000;10083913677;S
20240410;100149;0.02365;90000;10083913678;S
20240410;100149;0.02365;1590000;10083913679;S
20240410;100149;0.023665;1000000;10083913691;B
20240410;100150;0.023655;100000;10083913799;S
20240410;100151;0.023655;400000;10083913891;S
20240410;100151;0.023655;500000;10083913954;S
20240410;100151;0.023655;1000000;10083913955;S
20240410;100153;0.02366;40000;10083914363;S
20240410;100154;0.023665;10000;10083914550;B
20240410;100154;0.023665;2000000;10083914582;B
20240410;100154;0.023665;10000;10083914584;B
20240410;100156;0.02366;3960000;10083914844;S
20240410;100156;0.023655;1000000;10083914845;S
20240410;100156;0.023655;2800000;10083914846;S
20240410;100156;0.023655;2970000;10083914847;S
20240410;100156;0.02365;5910000;10083914848;S
20240410;100156;0.02365;33080000;10083914849;S
20240410;100157;0.02365;20000;10083914942;S
20240410;100158;0.02366;20000;10083915109;B
20240410;100158;0.02366;50000;10083915153;B
20240410;100158;0.02366;10000;10083915199;B
20240410;100159;0.02366;40000;10083915318;B
20240410;100200;0.023655;20000;10083915505;B
20240410;100200;0.02365;800000;10083915521;S
20240410;100200;0.02365;110000;10083915522;S
20240410;100200;0.02365;1000000;10083915523;S
20240410;100200;0.02365;1800000;10083915524;S
20240410;100200;0.02365;3000000;10083915525;S
20240410;100200;0.02365;2890000;10083915526;S
20240410;100200;0.02365;10400000;10083915527;S
20240410;100201;0.023655;10000;10083915674;B
20240410;100201;0.023645;100000;10083915676;S
20240410;100202;0.023645;330000;10083915804;S
20240410;100202;0.023645;10000;10083915857;S
20240410;100203;0.023655;10000;10083915914;B
20240410;100203;0.023655;20000;10083916004;B
20240410;100204;0.023655;90000;10083916115;B
20240410;100206;0.023655;60000;10083916510;B
20240410;100206;0.023655;20000;10083916562;B
20240410;100207;0.023645;16180000;10083916686;S
20240410;100208;0.023645;10000;10083916844;S
20240410;100209;0.02365;20000;10083916878;B
20240410;100210;0.023645;140000;10083917042;S
20240410;100210;0.023645;400000;10083917089;S
20240410;100210;0.023645;820000;10083917137;S
20240410;100210;0.023645;550000;10083917205;S
20240410;100210;0.023645;430000;10083917268;S
20240410;100210;0.023645;270000;10083917310;S
20240410;100211;0.023645;1290000;10083917498;S
20240410;100211;0.023645;1360000;10083917542;S
20240410;100211;0.023645;110000;10083917580;S
20240410;100211;0.02365;20000;10083917588;B
20240410;100211;0.02365;40000;10083917611;B
20240410;100212;0.023645;1500000;10083917727;S
20240410;100212;0.02365;10000;10083917746;B
20240410;100212;0.023645;10000000;10083917757;S
20240410;100212;0.02365;10000;10083917807;B
20240410;100213;0.02365;20000;10083917941;B
20240410;100214;0.02365;30000;10083918209;B
20240410;100214;0.02365;30000;10083918276;B
20240410;100215;0.023645;420000;10083918338;S
20240410;100215;0.02365;10000;10083918484;B
20240410;100215;0.02365;810000;10083918488;B
20240410;100215;0.02365;190000;10083918489;B
20240410;100216;0.02365;500000;10083918570;B
20240410;100216;0.02365;10000;10083918699;B
20240410;100216;0.023645;5000000;10083918702;S
20240410;100217;0.02365;30000;10083918724;B
20240410;100217;0.02365;20000;10083918849;B
20240410;100217;0.023645;860000;10083918900;S
20240410;100218;0.023645;30000;10083919049;S
20240410;100219;0.02365;20000;10083919200;B
20240410;100220;0.02365;50000;10083919419;B
20240410;100220;0.02365;10000;10083919460;B
20240410;100221;0.02365;10000;10083919530;B
20240410;100221;0.02365;20000;10083919616;B
20240410;100222;0.02365;50000;10083919849;B
20240410;100222;0.02365;90000;10083919852;B
20240410;100222;0.02365;910000;10083919853;B
20240410;100222;0.023655;210000;10083919863;B
20240410;100223;0.023655;50000;10083920036;B
20240410;100223;0.023655;10000;10083920097;B
20240410;100224;0.02365;1300000;10083920134;S
20240410;100224;0.02365;700000;10083920135;S
20240410;100225;0.02365;1000000;10083920429;B
20240410;100225;0.023655;4500000;10083920430;B
20240410;100225;0.023655;1000000;10083920431;B
20240410;100225;0.023655;2800000;10083920432;B
20240410;100225;0.023655;5700000;10083920433;B
20240410;100226;0.023645;100000;10083920603;S
20240410;100228;0.023645;30000;10083920920;S
20240410;100228;0.02365;10000;10083920924;B
20240410;100229;0.023655;3000000;10083921116;B
20240410;100231;0.023655;20000;10083921690;B
20240410;100232;0.023645;40000;10083921741;S
20240410;100233;0.023655;50000;10083921952;B
20240410;100234;0.023655;2410000;10083922303;B
20240410;100234;0.023645;20000;10083922311;S
20240410;100234;0.023645;20000;10083922312;S
20240410;100234;0.023645;20000;10083922313;S
20240410;100234;0.023645;10000;10083922314;S
20240410;100234;0.023645;30000;10083922315;S
20240410;100234;0.023645;450000;10083922316;S
20240410;100235;0.023655;10000;10083922621;B
20240410;100236;0.023645;10000;10083922644;S
20240410;100236;0.02365;10000;10083922715;S
20240410;100236;0.023655;220000;10083922716;B
20240410;100236;0.023655;60000;10083922717;B
20240410;100237;0.02365;250000;10083922846;S
20240410;100237;0.02365;10000;10083922872;S
20240410;100237;0.02365;230000;10083922873;S
20240410;100237;0.02365;650000;10083922874;S
20240410;100237;0.02365;3000000;10083922875;S
20240410;100237;0.023645;5540000;10083922876;S
20240410;100237;0.023645;180000;10083922877;S
20240410;100237;0.023645;10000;10083922878;S
20240410;100237;0.023645;1000000;10083922879;S
20240410;100237;0.023645;20000;10083922880;S
20240410;100237;0.023645;10000;10083922881;S
20240410;100237;0.023645;2800000;10083922882;S
20240410;100237;0.02364;100000;10083922883;S
20240410;100237;0.02364;100000;10083922884;S
20240410;100237;0.02364;5910000;10083922885;S
20240410;100237;0.02364;1000000;10083922886;S
20240410;100237;0.02364;6000000;10083922887;S
20240410;100237;0.02364;10000;10083922888;S
20240410;100237;0.02364;5000000;10083922889;S
20240410;100237;0.02364;20000;10083922890;S
20240410;100237;0.02364;2420000;10083922891;S
20240410;100237;0.023645;650000;10083922917;S
20240410;100238;0.02364;200000;10083922986;S
20240410;100238;0.02364;640000;10083923009;S
20240410;100238;0.02364;20000;10083923033;S
20240410;100238;0.02364;670000;10083923065;S
20240410;100239;0.02364;10000;10083923117;S
20240410;100239;0.02364;10000;10083923197;S
20240410;100240;0.02364;2000000;10083923244;S
20240410;100240;0.02364;40000;10083923331;S
20240410;100241;0.023645;90000;10083923423;B
20240410;100242;0.023645;10000;10083923688;B
20240410;100243;0.023645;10000;10083923778;B
20240410;100243;0.023645;1000000;10083923791;B
20240410;100243;0.023645;10000;10083923799;B
20240410;100244;0.02364;80000;10083923952;S
20240410;100244;0.023645;400000;10083923970;B
20240410;100244;0.02364;20000;10083924039;S
20240410;100245;0.02364;15000000;10083924060;S
20240410;100246;0.02364;50000;10083924306;S
20240410;100248;0.023645;20000;10083924603;B
20240410;100252;0.02364;20000;10083925136;S
20240410;100252;0.023645;10000;10083925157;B
20240410;100254;0.023645;10000;10083925443;B
20240410;100254;0.02364;2980000;10083925483;S
20240410;100254;0.02364;2020000;10083925484;S
20240410;100254;0.02364;2000000;10083925526;S
20240410;100255;0.02364;50000;10083925626;S
20240410;100257;0.02364;10000000;10083925791;S
20240410;100257;0.02364;2500000;10083925904;S
20240410;100258;0.02364;20000;10083925954;S
20240410;100258;0.02364;10000;10083925976;S
20240410;100259;0.02364;40000;10083926089;S
20240410;100259;0.023645;10000;10083926197;B
20240410;100259;0.023645;20000;10083926215;B
20240410;100300;0.023645;10000;10083926271;B
20240410;100300;0.02364;280000;10083926280;S
20240410;100301;0.02364;40000;10083926541;S
20240410;100301;0.02364;3040000;10083926587;S
20240410;100301;0.02364;830000;10083926588;S
20240410;100302;0.02364;60000;10083926781;B
20240410;100302;0.02364;150000;10083926789;B
20240410;100302;0.02364;2000000;10083926811;B
20240410;100303;0.02364;10000;10083926942;B
20240410;100304;0.02364;1900000;10083927200;B
20240410;100304;0.02364;1410000;10083927237;B
20240410;100304;0.02364;2930000;10083927238;B
20240410;100304;0.023645;2750000;10083927239;B
20240410;100304;0.023645;10000;10083927240;B
20240410;100304;0.023645;2900000;10083927241;B
20240410;100307;0.023645;40000;10083927682;B
20240410;100307;0.02364;10000;10083927684;S
20240410;100307;0.023645;100000;10083927690;B
20240410;100308;0.023645;10000;10083927755;B
20240410;100308;0.023645;1000000;10083927827;B
20240410;100310;0.02364;990000;10083928045;S
20240410;100310;0.02364;4010000;10083928046;S
20240410;100311;0.02364;500000;10083928244;S
20240410;100311;0.02364;1000000;10083928245;S
20240410;100311;0.02364;1000000;10083928246;S
20240410;100311;0.02364;2020000;10083928247;S
20240410;100311;0.02364;900000;10083928294;S
20240410;100311;0.023635;10000;10083928295;S
20240410;100311;0.023635;10000;10083928296;S
20240410;100312;0.023635;90000;10083928348;S
20240410;100312;0.023635;20000;10083928349;S
20240410;100312;0.023635;6210000;10083928350;S
20240410;100312;0.02364;200000;10083928399;S
20240410;100312;0.023635;800000;10083928400;S
20240410;100314;0.023645;10000;10083928752;B
20240410;100314;0.02364;50000;10083928766;S
20240410;100314;0.023635;380000;10083928767;S
20240410;100315;0.023635;30000;10083928834;S
20240410;100315;0.023645;30000;10083928935;B
20240410;100316;0.02364;10000;10083929060;S
20240410;100316;0.023635;1780000;10083929061;S
20240410;100316;0.023635;1000000;10083929062;S
20240410;100316;0.023635;2210000;10083929063;S
20240410;100318;0.023635;3790000;10083929242;S
20240410;100318;0.023635;1210000;10083929243;S
20240410;100318;0.023635;10000;10083929302;S
20240410;100319;0.023635;70000;10083929344;S
20240410;100319;0.02364;900000;10083929409;B
20240410;100320;0.023635;10000;10083929581;S
20240410;100320;0.023635;10000000;10083929685;S
20240410;100320;0.023635;10000;10083929703;S
20240410;100321;0.02364;1100000;10083929724;B
20240410;100321;0.023645;290000;10083929732;B
20240410;100321;0.023645;10000;10083929743;B
20240410;100321;0.02364;500000;10083929807;S
20240410;100321;0.023645;40000;10083929813;B
20240410;100322;0.02364;30000;10083929930;S
20240410;100322;0.023645;3400000;10083929948;B
20240410;100322;0.02364;100000;10083930170;S
20240410;100323;0.02364;100000;10083930226;S
20240410;100323;0.02364;100000;10083930272;S
20240410;100323;0.02364;70000;10083930289;S
20240410;100323;0.02364;30000;10083930290;S
20240410;100323;0.023635;100000;10083930337;S
20240410;100323;0.023635;100000;10083930364;S
20240410;100323;0.023635;100000;10083930395;S
20240410;100323;0.023635;100000;10083930418;S
20240410;100323;0.023635;100000;10083930443;S
20240410;100323;0.023635;100000;10083930469;S
20240410;100323;0.023635;100000;10083930494;S
20240410;100324;0.023635;300000;10083930502;S
20240410;100324;0.023635;2200000;10083930503;S
20240410;100324;0.023635;100000;10083930511;S
20240410;100324;0.023635;100000;10083930522;S
20240410;100324;0.023635;100000;10083930539;S
20240410;100324;0.023635;100000;10083930550;S
20240410;100324;0.023635;100000;10083930561;S
20240410;100324;0.023635;100000;10083930577;S
20240410;100324;0.023635;100000;10083930600;S
20240410;100324;0.023635;100000;10083930649;S
20240410;100324;0.023635;100000;10083930668;S
20240410;100324;0.023635;100000;10083930673;S
20240410;100325;0.023635;100000;10083930680;S
20240410;100325;0.023635;100000;10083930698;S
20240410;100325;0.023635;100000;10083930706;S
20240410;100325;0.023635;100000;10083930736;S
20240410;100325;0.023635;100000;10083930756;S
20240410;100325;0.023635;100000;10083930764;S
20240410;100325;0.023635;60000;10083930766;S
20240410;100325;0.023635;100000;10083930780;S
20240410;100325;0.023635;10000;10083930787;S
20240410;100325;0.023635;100000;10083930788;S
20240410;100325;0.023635;230000;10083930804;S
20240410;100325;0.023635;490000;10083930805;S
20240410;100325;0.02363;100000;10083930815;S
20240410;100326;0.02363;100000;10083930827;S
20240410;100326;0.02363;100000;10083930865;S
20240410;100326;0.02363;100000;10083930897;S
20240410;100326;0.02363;100000;10083930917;S
20240410;100326;0.02363;100000;10083930933;S
20240410;100326;0.02363;100000;10083930955;S
20240410;100326;0.02363;100000;10083930965;S
20240410;100326;0.02363;100000;10083931001;S
20240410;100326;0.02363;100000;10083931018;S
20240410;100326;0.02363;100000;10083931031;S
20240410;100327;0.02363;100000;10083931037;S
20240410;100327;0.02363;100000;10083931047;S
20240410;100327;0.023635;100000;10083931050;B
20240410;100327;0.02364;5080000;10083931051;B
20240410;100327;0.02364;2800000;10083931052;B
20240410;100327;0.02364;30000;10083931053;B
20240410;100327;0.02364;100000;10083931054;B
20240410;100327;0.02364;1000000;10083931055;B
20240410;100327;0.02364;2940000;10083931056;B
20240410;100327;0.02364;90000;10083931059;S
20240410;100327;0.02364;100000;10083931064;S
20240410;100327;0.02364;100000;10083931084;S
20240410;100327;0.02364;100000;10083931105;S
20240410;100327;0.02364;100000;10083931115;S
20240410;100327;0.02364;100000;10083931126;S
20240410;100327;0.02364;100000;10083931148;S
20240410;100327;0.02364;100000;10083931176;S
20240410;100327;0.02364;100000;10083931191;S
20240410;100328;0.02364;100000;10083931205;S
20240410;100328;0.02364;100000;10083931218;S
20240410;100328;0.02364;100000;10083931229;S
20240410;100328;0.02364;100000;10083931275;S
20240410;100328;0.02364;100000;10083931309;S
20240410;100328;0.02364;100000;10083931326;S
20240410;100328;0.02364;2590000;10083931402;S
20240410;100328;0.02364;100000;10083931413;S
20240410;100330;0.023645;500000;10083931646;B
20240410;100335;0.023645;20000;10083932328;B
20240410;100337;0.02364;10000;10083932809;S
20240410;100337;0.023645;50000;10083932851;B
20240410;100337;0.023645;10000;10083932864;B
20240410;100337;0.02364;1000000;10083932900;S
20240410;100337;0.023645;20000;10083932901;B
20240410;100339;0.023645;10000;10083933004;B
20240410;100340;0.02364;60000;10083933170;S
20240410;100342;0.023645;20000;10083933531;B
20240410;100343;0.023645;10000;10083933619;B
20240410;100343;0.023645;10000;10083933635;B
20240410;100345;0.02364;2000000;10083933901;S
20240410;100346;0.02364;5700000;10083934023;S
20240410;100346;0.02364;500000;10083934024;S
20240410;100346;0.02364;200000;10083934025;S
20240410;100346;0.02364;10000000;10083934026;S
20240410;100346;0.02364;100000;10083934027;S
20240410;100346;0.023635;1000000;10083934028;S
20240410;100346;0.023635;2800000;10083934029;S
20240410;100346;0.023635;6000000;10083934030;S
20240410;100346;0.023635;1390000;10083934031;S
20240410;100346;0.023635;3310000;10083934032;S
20240410;100346;0.02364;40000;10083934042;B
20240410;100347;0.023635;100000;10083934187;S
20240410;100347;0.02364;50000;10083934316;B
20240410;100348;0.023635;50000;10083934357;S
20240410;100348;0.023635;10000;10083934358;S
20240410;100348;0.023635;70000;10083934403;S
20240410;100348;0.02364;1000000;10083934462;B
20240410;100350;0.023635;920000;10083934761;S
20240410;100350;0.023635;4230000;10083934762;S
20240410;100350;0.023635;2800000;10083934763;S
20240410;100350;0.023635;2910000;10083934764;S
20240410;100350;0.02363;1000000;10083934765;S
20240410;100350;0.02363;6000000;10083934766;S
20240410;100350;0.02363;10000;10083934767;S
20240410;100350;0.02363;20000;10083934768;S
20240410;100350;0.02363;10000;10083934769;S
20240410;100350;0.02363;10000;10083934770;S
20240410;100350;0.02363;10000;10083934771;S
20240410;100350;0.02363;11420000;10083934772;S
20240410;100350;0.02363;100000;10083934773;S
20240410;100350;0.02363;30000000;10083934774;S
20240410;100350;0.02363;5700000;10083934775;S
20240410;100350;0.02363;820000;10083934825;B
20240410;100351;0.02363;10000;10083934930;B
20240410;100353;0.02363;170000;10083935186;B
20240410;100354;0.023625;10000;10083935372;S
20240410;100354;0.023625;10000;10083935373;S
20240410;100354;0.023625;10000;10083935374;S
20240410;100354;0.023625;10000;10083935375;S
20240410;100354;0.023625;20000;10083935376;S
20240410;100354;0.023625;100000;10083935377;S
20240410;100354;0.023625;340000;10083935378;S
20240410;100354;0.023625;100000;10083935383;S
20240410;100354;0.023625;1550000;10083935477;S
20240410;100356;0.02363;15000000;10083935768;B
20240410;100356;0.02363;100000;10083935773;B
20240410;100358;0.023625;10000;10083936028;S
20240410;100358;0.023625;10000;10083936110;S
20240410;100359;0.023625;1310000;10083936181;S
20240410;100400;0.02363;50000;10083936361;B
20240410;100400;0.02363;10000;10083936483;B
20240410;100401;0.02363;10000;10083936511;B
20240410;100401;0.02363;10000;10083936521;B
20240410;100401;0.02363;10000;10083936600;B
20240410;100401;0.02363;10000;10083936615;B
20240410;100401;0.02363;10000;10083936631;B
20240410;100401;0.02363;10000;10083936646;B
20240410;100401;0.02363;200000;10083936649;B
20240410;100401;0.02363;10000;10083936665;B
20240410;100401;0.02363;10000;10083936672;B
20240410;100401;0.02363;10000;10083936688;B
20240410;100402;0.023625;700000;10083936732;S
20240410;100403;0.023625;1550000;10083936992;S
20240410;100403;0.02363;450000;10083937008;B
20240410;100404;0.023625;50000;10083937187;S
20240410;100407;0.02363;10000;10083937534;B
20240410;100408;0.023625;70000;10083937570;S
20240410;100408;0.02363;100000;10083937602;B
20240410;100408;0.023625;5000000;10083937627;S
20240410;100410;0.023625;500000;10083937808;S
20240410;100410;0.023625;230000;10083937899;S
20240410;100410;0.02362;10000;10083937900;S
20240410;100410;0.02362;3260000;10083937901;S
20240410;100412;0.023625;10000;10083938240;B
20240410;100412;0.02363;50000;10083938313;B
20240410;100412;0.02363;500000;10083938328;B
20240410;100413;0.02362;90000;10083938418;S
20240410;100413;0.02362;1000000;10083938449;S
20240410;100413;0.02362;1560000;10083938468;S
20240410;100413;0.02362;20000;10083938469;S
20240410;100413;0.02362;10000;10083938470;S
20240410;100413;0.02362;100000;10083938471;S
20240410;100413;0.02362;4230000;10083938472;S
20240410;100413;0.02362;2800000;10083938473;S
20240410;100413;0.02362;1280000;10083938474;S
20240410;100414;0.02363;100000;10083938693;B
20240410;100416;0.02362;10140000;10083939037;S
20240410;100416;0.02362;4230000;10083939038;S
20240410;100416;0.02362;2800000;10083939039;S
20240410;100416;0.02362;30000;10083939040;S
20240410;100416;0.02362;1700000;10083939069;S
20240410;100416;0.02363;1000000;10083939166;B
20240410;100416;0.02363;900000;10083939167;B
20240410;100416;0.02363;30000;10083939168;B
20240410;100416;0.02363;2880000;10083939169;B
20240410;100416;0.02363;5080000;10083939170;B
20240410;100416;0.02363;2800000;10083939171;B
20240410;100416;0.02363;7310000;10083939172;B
20240410;100417;0.02363;30000;10083939227;B
20240410;100418;0.02363;970000;10083939303;B
20240410;100418;0.02363;30000;10083939394;S
20240410;100418;0.02363;4970000;10083939395;S
20240410;100419;0.023635;120000;10083939473;B
20240410;100419;0.02363;2800000;10083939513;S
20240410;100419;0.02363;2860000;10083939514;S
20240410;100419;0.02363;4230000;10083939515;S
20240410;100419;0.02363;8460000;10083939516;S
20240410;100419;0.02363;5080000;10083939517;S
20240410;100419;0.023625;10000;10083939518;S
20240410;100419;0.023625;10000000;10083939519;S
20240410;100419;0.023625;30000000;10083939520;S
20240410;100419;0.023625;1000000;10083939521;S
20240410;100419;0.023625;6000000;10083939522;S
20240410;100420;0.023625;150000;10083939791;B
20240410;100420;0.023625;6000000;10083939809;B
20240410;100420;0.02362;500000;10083939844;S
20240410;100422;0.023625;3000000;10083940080;B
20240410;100423;0.02362;690000;10083940191;S
20240410;100423;0.02362;8540000;10083940211;S
20240410;100423;0.02362;5080000;10083940212;S
20240410;100423;0.02362;4230000;10083940213;S
20240410;100423;0.02362;8460000;10083940214;S
20240410;100423;0.023615;10000;10083940215;S
20240410;100423;0.023615;10000;10083940216;S
20240410;100423;0.023615;17100000;10083940217;S
20240410;100423;0.023615;10000;10083940218;S
20240410;100423;0.023615;110000;10083940219;S
20240410;100423;0.023615;20000;10083940220;S
20240410;100423;0.023615;100000;10083940221;S
20240410;100423;0.023615;8740000;10083940222;S
20240410;100423;0.02362;10000;10083940223;B
20240410;100423;0.023615;200000;10083940225;S
20240410;100425;0.02362;110000;10083940544;B
20240410;100426;0.02362;20000;10083940602;B
20240410;100427;0.023615;50000;10083940738;S
20240410;100428;0.02362;10000;10083941042;B
20240410;100428;0.02362;30000;10083941127;B
20240410;100429;0.023615;60000;10083941213;S
20240410;100429;0.023615;10000;10083941259;S
20240410;100431;0.02362;820000;10083941489;B
20240410;100431;0.02362;3200000;10083941490;B
20240410;100431;0.02362;2800000;10083941491;B
20240410;100431;0.02362;200000;10083941492;B
20240410;100432;0.02362;200000;10083941583;S
20240410;100434;0.023625;2410000;10083941892;B
20240410;100435;0.02362;50000;10083941987;S
20240410;100435;0.02362;10000;10083942005;S
20240410;100436;0.023625;10000;10083942165;B
20240410;100436;0.02362;26720000;10083942175;S
20240410;100436;0.02362;2800000;10083942176;S
20240410;100436;0.02362;10000;10083942177;S
20240410;100436;0.02362;10000;10083942178;S
20240410;100436;0.02362;10000;10083942179;S
20240410;100436;0.02362;3370000;10083942180;S
20240410;100436;0.023615;10940000;10083942181;S
20240410;100436;0.023615;11430000;10083942182;S
20240410;100436;0.023615;1000000;10083942183;S
20240410;100436;0.02361;500000;10083942184;S
20240410;100436;0.02361;700000;10083942185;S
20240410;100436;0.02361;260000;10083942186;S
20240410;100436;0.02361;10000;10083942187;S
20240410;100436;0.02361;10000;10083942188;S
20240410;100436;0.02361;50000;10083942189;S
20240410;100436;0.02361;10000;10083942190;S
20240410;100436;0.02361;20000;10083942191;S
20240410;100436;0.02361;100000;10083942192;S
20240410;100436;0.02361;10000;10083942193;S
20240410;100436;0.02361;20000;10083942194;S
20240410;100436;0.02361;5910000;10083942195;S
20240410;100436;0.02361;1000000;10083942196;S
20240410;100436;0.02361;100000;10083942197;S
20240410;100436;0.02361;20000;10083942198;S
20240410;100436;0.02361;10000;10083942199;S
20240410;100436;0.02361;100000;10083942200;S
20240410;100436;0.02361;10000;10083942201;S
20240410;100436;0.02361;5080000;10083942202;S
20240410;100436;0.02361;4230000;10083942203;S
20240410;100436;0.02361;25560000;10083942204;S
20240410;100436;0.023615;10000000;10083942206;S
20240410;100436;0.02361;70000;10083942221;S
20240410;100436;0.02361;4370000;10083942235;S
20240410;100436;0.02361;8460000;10083942236;S
20240410;100436;0.02361;2940000;10083942237;S
20240410;100436;0.02361;5080000;10083942238;S
20240410;100436;0.023605;10000;10083942239;S
20240410;100436;0.023605;20000;10083942240;S
20240410;100436;0.023605;10000;10083942241;S
20240410;100436;0.023605;50000;10083942242;S
20240410;100436;0.023605;10000;10083942243;S
20240410;100436;0.023605;5910000;10083942244;S
20240410;100436;0.023605;1000000;10083942245;S
20240410;100436;0.023605;20000;10083942246;S
20240410;100436;0.023605;10000;10083942247;S
20240410;100436;0.023605;100000;10083942248;S
20240410;100436;0.023605;10000;10083942249;S
20240410;100436;0.023605;20000;10083942250;S
20240410;100436;0.023605;10000;10083942251;S
20240410;100436;0.023605;18260000;10083942252;S
20240410;100436;0.023605;10000;10083942253;S
20240410;100436;0.023605;2800000;10083942254;S
20240410;100436;0.023605;3360000;10083942255;S
20240410;100437;0.0236;10000;10083942294;S
20240410;100437;0.0236;30000;10083942295;S
20240410;100437;0.0236;10000;10083942296;S
20240410;100437;0.0236;10000;10083942297;S
20240410;100437;0.0236;940000;10083942298;S
20240410;100437;0.023605;10000;10083942320;B
20240410;100437;0.0236;60000;10083942382;S
20240410;100437;0.0236;50000;10083942383;S
20240410;100437;0.0236;110000;10083942384;S
20240410;100437;0.0236;1320000;10083942385;S
20240410;100437;0.0236;10000;10083942386;S
20240410;100437;0.0236;20000;10083942387;S
20240410;100437;0.0236;200000;10083942388;S
20240410;100437;0.0236;10000;10083942389;S
20240410;100437;0.0236;1320000;10083942390;S
20240410;100437;0.0236;40000;10083942392;S
20240410;100437;0.0236;250000;10083942393;S
20240410;100437;0.0236;70000;10083942395;S
20240410;100437;0.0236;40000;10083942407;S
20240410;100438;0.0236;5000000;10083942421;S
20240410;100438;0.023605;10000;10083942435;B
20240410;100438;0.023605;500000;10083942506;B
20240410;100439;0.0236;4780000;10083942552;S
20240410;100439;0.0236;860000;10083942553;S
20240410;100439;0.0236;1500000;10083942554;S
20240410;100439;0.0236;10000;10083942555;S
20240410;100439;0.0236;60000;10083942556;S
20240410;100439;0.0236;50000;10083942557;S
20240410;100439;0.0236;10000;10083942558;S
20240410;100439;0.0236;800000;10083942559;S
20240410;100439;0.0236;10000;10083942560;S
20240410;100439;0.0236;10000;10083942561;S
20240410;100439;0.0236;180000;10083942562;S
20240410;100439;0.0236;1000000;10083942563;S
20240410;100439;0.0236;10000;10083942564;S
20240410;100439;0.0236;420000;10083942565;S
20240410;100439;0.0236;820000;10083942566;S
20240410;100440;0.023605;100000;10083942757;B
20240410;100440;0.0236;80000;10083942829;S
20240410;100443;0.023605;10000;10083943152;B
20240410;100443;0.0236;80000;10083943155;S
20240410;100443;0.0236;10000;10083943156;S
20240410;100444;0.023605;10000;10083943242;B
20240410;100445;0.0236;10000;10083943330;S
20240410;100445;0.0236;100000;10083943331;S
20240410;100445;0.0236;10000;10083943332;S
20240410;100445;0.0236;2200000;10083943333;S
20240410;100445;0.0236;10000;10083943334;S
20240410;100445;0.0236;10000;10083943335;S
20240410;100445;0.0236;10000;10083943336;S
20240410;100445;0.0236;10000;10083943337;S
20240410;100445;0.0236;10000;10083943338;S
20240410;100445;0.0236;10000;10083943339;S
20240410;100445;0.0236;10000;10083943340;S
20240410;100445;0.0236;10000;10083943341;S
20240410;100445;0.0236;10000;10083943342;S
20240410;100445;0.0236;200000;10083943343;S
20240410;100445;0.0236;20000;10083943344;S
20240410;100445;0.0236;10000;10083943345;S
20240410;100445;0.0236;10000;10083943346;S
20240410;100445;0.0236;500000;10083943347;S
20240410;100445;0.0236;100000;10083943348;S
20240410;100445;0.0236;10000;10083943349;S
20240410;100445;0.0236;30000;10083943350;S
20240410;100445;0.0236;10000;10083943351;S
20240410;100445;0.0236;20000;10083943352;S
20240410;100445;0.0236;10000;10083943353;S
20240410;100445;0.0236;500000;10083943354;S
20240410;100445;0.0236;1000000;10083943355;S
20240410;100445;0.0236;10000;10083943356;S
20240410;100445;0.0236;40000;10083943357;S
20240410;100445;0.0236;10000;10083943358;S
20240410;100445;0.0236;1000000;10083943359;S
20240410;100445;0.0236;1000000;10083943360;S
20240410;100445;0.0236;80000;10083943361;S
20240410;100445;0.0236;1000000;10083943362;S
20240410;100445;0.0236;70000;10083943363;S
20240410;100445;0.023595;10000;10083943364;S
20240410;100445;0.023595;500000;10083943365;S
20240410;100445;0.023595;10000;10083943366;S
20240410;100445;0.023595;20000;10083943367;S
20240410;100445;0.023595;100000;10083943368;S
20240410;100445;0.023595;80000;10083943369;S
20240410;100445;0.023595;11430000;10083943370;S
20240410;100445;0.023595;3400000;10083943371;S
20240410;100445;0.023595;2800000;10083943372;S
20240410;100445;0.02359;10000;10083943373;S
20240410;100445;0.02359;110000;10083943374;S
20240410;100445;0.02359;20000;10083943375;S
20240410;100445;0.02359;10000;10083943376;S
20240410;100445;0.02359;1000000;10083943377;S
20240410;100445;0.02359;100000;10083943378;S
20240410;100445;0.02359;2360000;10083943379;S
20240410;100445;0.0236;500000;10083943416;B
20240410;100445;0.0236;100000;10083943442;B
20240410;100446;0.0236;100000;10083943449;B
20240410;100446;0.02359;11430000;10083943477;S
20240410;100446;0.02359;1570000;10083943478;S
20240410;100446;0.02359;1230000;10083943567;S
20240410;100446;0.02359;5670000;10083943568;S
20240410;100447;0.02359;1000000;10083943592;S
20240410;100447;0.02359;10000;10083943643;S
20240410;100447;0.0236;150000;10083943650;B
20240410;100447;0.02359;30000;10083943677;S
20240410;100447;0.0236;100000;10083943699;B
20240410;100448;0.0236;40000;10083943769;B
20240410;100448;0.0236;10000;10083943838;B
20240410;100448;0.0236;2800000;10083943839;B
20240410;100448;0.0236;190000;10083943840;B
20240410;100448;0.023595;10000;10083943866;S
20240410;100448;0.023595;80000;10083943873;B
20240410;100450;0.02359;10000;10083944075;S
20240410;100450;0.02359;390000;10083944076;S
20240410;100451;0.023595;700000;10083944177;B
20240410;100451;0.023595;10000;10083944220;B
20240410;100451;0.023595;100000;10083944255;B
20240410;100452;0.02359;5080000;10083944299;S
20240410;100452;0.02359;1000000;10083944300;S
20240410;100452;0.02359;2800000;10083944301;S
20240410;100452;0.02359;8460000;10083944302;S
20240410;100452;0.023585;10000;10083944303;S
20240410;100452;0.023585;510000;10083944304;S
20240410;100452;0.023585;10000;10083944305;S
20240410;100452;0.023585;6000000;10083944306;S
20240410;100452;0.023585;20000;10083944307;S
20240410;100452;0.023585;100000;10083944308;S
20240410;100452;0.023585;5000000;10083944309;S
20240410;100452;0.023585;20000000;10083944310;S
20240410;100452;0.023585;1010000;10083944311;S
20240410;100452;0.023595;100000;10083944327;B
20240410;100452;0.023595;100000;10083944328;B
20240410;100453;0.02359;260000;10083944418;S
20240410;100453;0.023595;300000;10083944425;B
20240410;100453;0.023595;330000;10083944482;B
20240410;100453;0.02359;10000;10083944485;S
20240410;100453;0.02359;4810000;10083944486;S
20240410;100453;0.02359;2800000;10083944487;S
20240410;100453;0.02359;2390000;10083944488;S
20240410;100454;0.02359;10000;10083944553;B
20240410;100454;0.023585;4900000;10083944561;S
20240410;100454;0.023585;1000000;10083944562;S
20240410;100454;0.023585;8100000;10083944563;S
20240410;100454;0.023585;3000000;10083944567;S
20240410;100454;0.02359;990000;10083944569;B
20240410;100455;0.023595;20000;10083944721;B
20240410;100455;0.023595;1000000;10083944722;B
20240410;100455;0.023595;980000;10083944723;B
20240410;100455;0.02359;10000;10083944741;S
20240410;100455;0.023595;200000;10083944755;B
20240410;100457;0.023595;10000;10083945113;B
20240410;100457;0.023595;400000;10083945128;B
20240410;100458;0.023595;8410000;10083945199;B
20240410;100458;0.023595;1000000;10083945200;B
20240410;100458;0.0236;1000000;10083945201;B
20240410;100458;0.0236;30000;10083945202;B
20240410;100458;0.0236;70000;10083945203;B
20240410;100458;0.0236;10000;10083945204;B
20240410;100458;0.0236;5080000;10083945205;B
20240410;100458;0.0236;30000;10083945206;B
20240410;100458;0.0236;6000000;10083945207;B
20240410;100458;0.0236;2800000;10083945208;B
20240410;100458;0.0236;1880000;10083945209;B
20240410;100458;0.023595;10000;10083945225;S
20240410;100458;0.0236;50000;10083945331;B
20240410;100459;0.023595;10000;10083945366;S
20240410;100459;0.02359;9000000;10083945367;S
20240410;100459;0.02359;2800000;10083945368;S
20240410;100459;0.02359;1000000;10083945369;S
20240410;100459;0.02359;480000;10083945370;S
20240410;100459;0.02359;5000000;10083945408;S
20240410;100500;0.0236;10000;10083945479;B
20240410;100500;0.0236;10000;10083945503;B
20240410;100501;0.023585;50000;10083945551;S
20240410;100502;0.023595;100000;10083945748;B
20240410;100502;0.023595;900000;10083945749;B
20240410;100502;0.023595;30000;10083945780;B
20240410;100502;0.023595;70000;10083945793;B
20240410;100503;0.023595;1500000;10083945821;S
20240410;100503;0.0236;930000;10083945922;B
20240410;100503;0.0236;890000;10083945923;B
20240410;100503;0.023605;50000;10083945969;B
20240410;100503;0.023605;20000;10083945973;B
20240410;100504;0.0236;5680000;10083946041;S
20240410;100504;0.023595;3260000;10083946042;S
20240410;100504;0.023595;10000;10083946146;S
20240410;100504;0.0236;10000;10083946182;B
20240410;100505;0.0236;50000;10083946406;B
20240410;100507;0.0236;70000;10083946676;B
20240410;100507;0.0236;200000;10083946688;B
20240410;100507;0.0236;670000;10083946695;B
20240410;100507;0.0236;1280000;10083946696;B
20240410;100507;0.023595;10000;10083946743;S
20240410;100507;0.0236;20000;10083946774;B
20240410;100507;0.0236;400000;10083946775;B
20240410;100508;0.023595;320000;10083946913;S
20240410;100509;0.023595;10000;10083947010;S
20240410;100509;0.023595;320000;10083947072;S
20240410;100509;0.0236;10000;10083947074;B
20240410;100510;0.0236;10000;10083947233;B
20240410;100510;0.023595;1500000;10083947338;S
20240410;100510;0.023595;1000000;10083947339;S
20240410;100510;0.0236;10000;10083947341;B
20240410;100511;0.023595;1500000;10083947460;S
20240410;100511;0.0236;40000;10083947538;B
20240410;100514;0.023595;490000;10083947862;S
20240410;100514;0.0236;50000;10083947877;B
20240410;100515;0.023595;20000;10083948120;S
20240410;100516;0.023595;6990000;10083948252;S
20240410;100516;0.023595;5550000;10083948253;S
20240410;100516;0.023595;40000;10083948254;S
20240410;100516;0.02359;2800000;10083948255;S
20240410;100516;0.02359;10000;10083948256;S
20240410;100516;0.02359;4180000;10083948257;S
20240410;100516;0.02359;5080000;10083948258;S
20240410;100516;0.02359;8460000;10083948259;S
20240410;100516;0.023585;950000;10083948260;S
20240410;100516;0.023585;5940000;10083948261;S
20240410;100518;0.023585;40000;10083948453;S
20240410;100518;0.023585;3000000;10083948507;S
20240410;100519;0.023585;550000;10083948635;S
20240410;100520;0.023585;300000;10083948739;S
20240410;100521;0.023585;2820000;10083948867;S
20240410;100522;0.023585;2490000;10083948982;S
20240410;100522;0.023585;100000;10083948983;S
20240410;100522;0.02358;1410000;10083948984;S
20240410;100522;0.02358;3590000;10083948993;S
20240410;100522;0.02358;3000000;10083948994;S
20240410;100522;0.02358;10000;10083948995;S
20240410;100522;0.02358;10000;10083948996;S
20240410;100522;0.02358;6000000;10083948997;S
20240410;100522;0.02358;10000;10083948998;S
20240410;100522;0.02358;50000;10083948999;S
20240410;100522;0.02358;10000;10083949000;S
20240410;100522;0.02358;10000;10083949001;S
20240410;100522;0.02358;30000;10083949002;S
20240410;100522;0.02358;20000;10083949003;S
20240410;100522;0.02358;10000;10083949004;S
20240410;100522;0.02358;100000;10083949005;S
20240410;100522;0.02358;50000;10083949006;S
20240410;100522;0.02358;5000000;10083949007;S
20240410;100522;0.02358;11440000;10083949008;S
20240410;100522;0.02358;10000;10083949009;S
20240410;100522;0.02358;4140000;10083949010;S
20240410;100522;0.023575;10000;10083949011;S
20240410;100522;0.023575;10000;10083949012;S
20240410;100522;0.023575;20000;10083949013;S
20240410;100522;0.023575;1500000;10083949014;S
20240410;100522;0.023575;10000;10083949015;S
20240410;100522;0.023575;6000000;10083949016;S
20240410;100522;0.023575;20000;10083949017;S
20240410;100522;0.023575;100000;10083949018;S
20240410;100522;0.023575;100000;10083949019;S
20240410;100522;0.023575;10000;10083949020;S
20240410;100522;0.023575;10000000;10083949021;S
20240410;100522;0.023575;1000000;10083949022;S
20240410;100522;0.023575;3000000;10083949023;S
20240410;100522;0.023575;100000;10083949024;S
20240410;100522;0.023575;10000;10083949025;S
20240410;100522;0.023575;3620000;10083949026;S
20240410;100522;0.02358;70000;10083949069;S
20240410;100522;0.023585;1000000;10083949097;B
20240410;100522;0.023585;2800000;10083949098;B
20240410;100522;0.02358;600000;10083949113;S
20240410;100522;0.02358;1330000;10083949116;S
20240410;100522;0.02358;10000;10083949117;S
20240410;100522;0.023575;3660000;10083949118;S
20240410;100522;0.023585;300000;10083949125;B
20240410;100523;0.023585;700000;10083949342;B
20240410;100524;0.023585;1990000;10083949395;S
20240410;100524;0.02358;8010000;10083949396;B
20240410;100524;0.02358;1990000;10083949397;B
20240410;100526;0.023575;100000;10083949684;S
20240410;100526;0.023585;10000;10083949712;B
20240410;100526;0.023575;600000;10083949716;S
20240410;100526;0.023585;10000;10083949791;B
20240410;100527;0.023575;1640000;10083949861;S
20240410;100527;0.023575;2000000;10083949862;S
20240410;100527;0.023575;360000;10083949863;S
20240410;100528;0.023585;980000;10083949977;B
20240410;100528;0.023585;20000;10083949978;B
20240410;100528;0.023575;500000;10083950011;S
20240410;100528;0.023575;230000;10083950012;S
20240410;100528;0.023585;250000;10083950101;B
20240410;100529;0.023575;400000;10083950153;S
20240410;100529;0.023585;70000;10083950223;B
20240410;100529;0.023585;50000;10083950269;B
20240410;100532;0.023575;200000;10083950662;S
20240410;100533;0.023585;630000;10083950788;B
20240410;100533;0.023585;10000;10083950789;B
20240410;100533;0.02359;1000000;10083950790;B
20240410;100533;0.02359;3960000;10083950791;B
20240410;100533;0.023595;1000000;10083950792;B
20240410;100533;0.023595;3400000;10083950793;B
20240410;100533;0.02358;2800000;10083950797;S
20240410;100533;0.02358;1000000;10083950798;S
20240410;100533;0.023575;200000;10083950799;S
20240410;100533;0.02358;10000;10083950828;S
20240410;100533;0.023575;4970000;10083950829;S
20240410;100533;0.023575;1000000;10083950830;S
20240410;100533;0.023575;20000;10083950831;S
20240410;100533;0.023575;50000;10083950832;S
20240410;100533;0.023575;110000;10083950833;S
20240410;100533;0.023575;2800000;10083950834;S
20240410;100533;0.023575;1040000;10083950835;S
20240410;100535;0.02359;1000000;10083951126;B
20240410;100535;0.023595;4000000;10083951127;B
20240410;100535;0.02359;1000000;10083951174;B
20240410;100535;0.023595;10000;10083951175;B
20240410;100535;0.023595;990000;10083951176;B
20240410;100535;0.023595;1000000;10083951177;B
20240410;100535;0.0236;3000000;10083951178;B
20240410;100535;0.023585;10000;10083951188;S
20240410;100535;0.023595;1000000;10083951203;B
20240410;100535;0.0236;1000000;10083951204;B
20240410;100536;0.023585;1000000;10083951248;S
20240410;100536;0.02359;500000;10083951300;B
20240410;100537;0.02359;20000;10083951440;B
20240410;100538;0.023585;180000;10083951599;S
20240410;100538;0.023585;10000;10083951633;S
20240410;100539;0.02359;30000;10083951679;B
20240410;100539;0.023595;1000000;10083951826;B
20240410;100539;0.0236;1000000;10083951827;B
20240410;100539;0.0236;1500000;10083951828;B
20240410;100539;0.0236;30000;10083951879;B
20240410;100540;0.023595;30000;10083951915;B
20240410;100540;0.023595;30000;10083951944;B
20240410;100542;0.023595;30000;10083952557;B
20240410;100543;0.023595;30000;10083952598;B
20240410;100543;0.023595;30000;10083952641;B
20240410;100543;0.02359;10000;10083952681;S
20240410;100543;0.023595;30000;10083952702;B
20240410;100543;0.023595;300000;10083952733;B
20240410;100546;0.023585;2610000;10083953077;S
20240410;100546;0.023585;5080000;10083953078;S
20240410;100546;0.023585;4810000;10083953079;S
20240410;100547;0.023585;30000;10083953258;S
20240410;100547;0.023585;790000;10083953259;S
20240410;100547;0.023585;2180000;10083953260;S
20240410;100547;0.02359;1500000;10083953288;B
20240410;100548;0.023595;150000;10083953346;B
20240410;100548;0.023585;1000000;10083953385;S
20240410;100548;0.023585;1000000;10083953434;S
20240410;100549;0.023585;50000;10083953656;S
20240410;100549;0.023595;370000;10083953810;B
20240410;100549;0.0236;30000;10083953811;B
20240410;100550;0.023585;50000;10083954004;S
20240410;100551;0.023595;60000;10083954218;B
20240410;100554;0.023585;2850000;10083954709;S
20240410;100554;0.02359;1000000;10083954767;B
20240410;100555;0.02359;10000;10083954801;B
20240410;100555;0.02359;440000;10083954904;B
20240410;100556;0.023585;17180000;10083955067;S
20240410;100556;0.02358;100000;10083955068;S
20240410;100556;0.02358;1000000;10083955069;S
20240410;100556;0.02358;30000;10083955070;S
20240410;100556;0.02358;100000;10083955071;S
20240410;100556;0.02358;10000;10083955072;S
20240410;100556;0.02358;1000000;10083955073;S
20240410;100556;0.02358;3800000;10083955074;S
20240410;100556;0.023575;1000000;10083955075;S
20240410;100556;0.023575;6000000;10083955076;S
20240410;100556;0.023575;100000;10083955077;S
20240410;100556;0.023575;500000;10083955078;S
20240410;100556;0.023575;50000;10083955079;S
20240410;100556;0.023575;19130000;10083955080;S
20240410;100556;0.023585;100000;10083955081;B
20240410;100556;0.023585;10000;10083955119;B
20240410;100556;0.023585;890000;10083955121;B
20240410;100556;0.023585;110000;10083955122;B
20240410;100557;0.023575;40000;10083955161;S
20240410;100557;0.023575;200000;10083955183;S
20240410;100557;0.023585;10000;10083955189;B
20240410;100557;0.023575;20000;10083955196;S
20240410;100557;0.023585;10000;10083955248;B
20240410;100558;0.023575;280000;10083955265;S
20240410;100558;0.023575;20000;10083955267;S
20240410;100558;0.023585;100000;10083955348;B
20240410;100559;0.023585;10000;10083955452;B
20240410;100559;0.023575;10000;10083955491;S
20240410;100559;0.023585;10000;10083955501;B
20240410;100600;0.023585;10000;10083955513;B
20240410;100600;0.023585;10000;10083955635;B
20240410;100600;0.023575;20000;10083955639;S
20240410;100600;0.023585;2530000;10083955642;B
20240410;100600;0.023585;1000000;10083955643;B
20240410;100600;0.023585;400000;10083955644;B
20240410;100600;0.023585;3790000;10083955645;B
20240410;100601;0.023585;10000;10083955660;S
20240410;100601;0.02359;10000;10083955712;B
20240410;100601;0.02359;20000;10083955762;B
20240410;100603;0.02359;10000;10083956220;B
20240410;100604;0.023585;10000;10083956280;S
20240410;100606;0.02359;400000;10083956633;B
20240410;100606;0.023585;10000;10083956671;S
20240410;100607;0.02359;10000;10083956780;B
20240410;100607;0.023585;470000;10083956801;S
20240410;100608;0.023585;20000;10083956873;S
20240410;100608;0.02359;10000;10083957001;B
20240410;100608;0.02359;100000;10083957002;B
20240410;100608;0.02359;290000;10083957031;B
20240410;100609;0.023585;1000000;10083957151;S
20240410;100611;0.02359;120000;10083957594;B
20240410;100613;0.023585;12500000;10083957875;S
20240410;100613;0.02359;2660000;10083957958;B
20240410;100613;0.02359;100000;10083957959;B
20240410;100614;0.02359;900000;10083958005;B
20240410;100614;0.02359;1980000;10083958006;B
20240410;100614;0.02359;1870000;10083958022;B
20240410;100614;0.02359;20000;10083958100;B
20240410;100615;0.02359;1000000;10083958220;B
20240410;100616;0.02359;10000;10083958404;B
20240410;100616;0.02359;10000;10083958405;B
20240410;100618;0.023585;2190000;10083958614;S
20240410;100618;0.02359;230000;10083958730;B
20240410;100619;0.023585;66070000;10083958782;S
20240410;100619;0.023585;1000000;10083958783;S
20240410;100619;0.023585;200000;10083958784;S
20240410;100619;0.023585;2000000;10083958785;S
20240410;100619;0.023585;10000;10083958786;S
20240410;100619;0.023585;1000000;10083958787;S
20240410;100619;0.023585;20000;10083958788;S
20240410;100619;0.02358;10000;10083958789;S
20240410;100619;0.02358;10000;10083958790;S
20240410;100619;0.02358;10000;10083958791;S
20240410;100619;0.02358;2800000;10083958792;S
20240410;100619;0.02358;30420000;10083958793;S
20240410;100619;0.02358;200000;10083958794;S
20240410;100619;0.023575;25280000;10083958795;S
20240410;100619;0.023575;1000000;10083958796;S
20240410;100619;0.023575;6000000;10083958797;S
20240410;100619;0.023575;1000000;10083958798;S
20240410;100619;0.023575;14810000;10083958799;S
20240410;100619;0.023575;10000000;10083958800;S
20240410;100619;0.023575;3850000;10083958801;S
20240410;100619;0.023575;50000;10083958802;S
20240410;100619;0.023575;20000;10083958803;S
20240410;100619;0.023575;50000;10083958804;S
20240410;100619;0.02357;10000;10083958805;S
20240410;100619;0.02357;400000;10083958806;S
20240410;100619;0.02357;440000;10083958807;S
20240410;100619;0.02358;1000000;10083958847;B
20240410;100619;0.02358;2000000;10083958848;B
20240410;100619;0.023575;350000;10083958958;B
20240410;100619;0.023575;50000;10083959044;B
20240410;100620;0.023575;600000;10083959128;B
20240410;100620;0.023575;2800000;10083959129;B
20240410;100620;0.023575;3990000;10083959130;B
20240410;100620;0.02358;1000000;10083959131;B
20240410;100620;0.02358;11570000;10083959132;B
20240410;100620;0.02358;20000;10083959167;B
20240410;100620;0.02357;16000000;10083959191;S
20240410;100620;0.02358;100000;10083959247;B
20240410;100621;0.02358;50000;10083959337;B
20240410;100621;0.02357;10000;10083959473;S
20240410;100622;0.02357;10000;10083959534;S
20240410;100622;0.023575;20000;10083959567;B
20240410;100622;0.02357;2100000;10083959692;S
20240410;100622;0.02357;800000;10083959710;S
20240410;100623;0.023575;10000;10083959839;B
20240410;100624;0.02357;10640000;10083959941;S
20240410;100624;0.02357;10000;10083959942;S
20240410;100624;0.02357;10000;10083959943;S
20240410;100624;0.02357;1770000;10083959944;S
20240410;100624;0.02357;10000;10083959945;S
20240410;100624;0.02357;10000;10083959946;S
20240410;100624;0.02357;100000;10083959947;S
20240410;100624;0.02357;10000;10083959948;S
20240410;100624;0.02357;500000;10083959949;S
20240410;100624;0.02357;100000;10083959950;S
20240410;100624;0.02357;700000;10083959951;S
20240410;100624;0.02357;60000;10083959952;S
20240410;100624;0.02357;30000;10083959953;S
20240410;100624;0.02357;100000;10083959954;S
20240410;100624;0.02357;30000;10083959955;S
20240410;100624;0.02357;5920000;10083959956;S
20240410;100624;0.02357;20000;10083959977;S
20240410;100624;0.023565;10000;10083959978;S
20240410;100624;0.023565;100000;10083959979;S
20240410;100624;0.023565;1270000;10083959980;S
20240410;100624;0.023565;300000;10083960035;S
20240410;100624;0.023565;5000000;10083960036;S
20240410;100624;0.02357;600000;10083960052;B
20240410;100624;0.023565;300000;10083960061;S
20240410;100625;0.02357;200000;10083960124;B
20240410;100625;0.023565;3130000;10083960225;S
20240410;100625;0.023565;100000;10083960226;S
20240410;100625;0.023565;10000;10083960227;S
20240410;100625;0.023565;40000;10083960228;S
20240410;100625;0.023565;100000;10083960229;S
20240410;100625;0.023565;10000;10083960230;S
20240410;100625;0.023565;30000;10083960231;S
20240410;100625;0.023565;30000;10083960232;S
20240410;100625;0.023565;100000;10083960233;S
20240410;100625;0.023565;40000;10083960234;S
20240410;100625;0.02356;500000;10083960235;S
20240410;100625;0.02356;10000;10083960236;S
20240410;100625;0.02356;50000;10083960237;S
20240410;100625;0.02356;1840000;10083960238;S
20240410;100625;0.02356;1500000;10083960239;S
20240410;100625;0.02356;10000;10083960240;S
20240410;100625;0.02356;6000000;10083960241;S
20240410;100625;0.02356;50000;10083960242;S
20240410;100625;0.02356;10000;10083960243;S
20240410;100625;0.02356;10000;10083960244;S
20240410;100625;0.02356;1000000;10083960245;S
20240410;100625;0.02356;430000;10083960246;S
20240410;100626;0.02356;32540000;10083960317;S
20240410;100626;0.02356;2000000;10083960318;S
20240410;100626;0.02356;50000;10083960319;S
20240410;100626;0.02356;10000;10083960320;S
20240410;100626;0.02356;100000;10083960321;S
20240410;100626;0.02356;500000;10083960322;S
20240410;100626;0.02356;5790000;10083960323;S
20240410;100626;0.02356;6000000;10083960324;S
20240410;100626;0.023555;10000;10083960325;S
20240410;100626;0.023555;20000;10083960326;S
20240410;100626;0.023555;50000;10083960327;S
20240410;100626;0.023555;5000000;10083960328;S
20240410;100626;0.023555;10000;10083960329;S
20240410;100626;0.023555;40000;10083960330;S
20240410;100626;0.023555;3430000;10083960331;S
20240410;100626;0.023565;100000;10083960373;B
20240410;100626;0.02356;30000;10083960390;S
20240410;100626;0.023555;2570000;10083960391;S
20240410;100626;0.023555;100000;10083960392;S
20240410;100626;0.023555;10000;10083960393;S
20240410;100626;0.023555;1000000;10083960394;S
20240410;100626;0.023555;6290000;10083960395;S
20240410;100626;0.023555;3710000;10083960396;S
20240410;100626;0.023555;4290000;10083960397;S
20240410;100626;0.023555;8280000;10083960563;S
20240410;100627;0.023565;900000;10083960592;B
20240410;100627;0.023565;100000;10083960593;B
20240410;100627;0.023555;920000;10083960606;S
20240410;100627;0.02356;1000000;10083960610;B
20240410;100627;0.023555;80000;10083960612;S
20240410;100627;0.023555;130000;10083960625;S
20240410;100627;0.023555;20000;10083960626;S
20240410;100627;0.023555;500000;10083960627;S
20240410;100627;0.023555;5350000;10083960628;S
20240410;100627;0.02356;10000;10083960648;B
20240410;100627;0.02356;300000;10083960663;B
20240410;100627;0.023555;100000;10083960702;S
20240410;100627;0.02356;10000;10083960747;B
20240410;100627;0.02356;10000;10083960761;B
20240410;100628;0.02356;10000;10083960777;B
20240410;100628;0.02356;10000;10083960795;B
20240410;100628;0.02356;10000;10083960805;B
20240410;100628;0.02356;10000;10083960834;B
20240410;100628;0.02356;10000;10083960869;B
20240410;100628;0.023555;10000000;10083960882;S
20240410;100628;0.02356;10000;10083960909;B
20240410;100628;0.023555;20000;10083960942;S
20240410;100629;0.023555;10000;10083960956;S
20240410;100629;0.023555;10000;10083961068;S
20240410;100629;0.023555;990000;10083961072;S
20240410;100630;0.02356;10000000;10083961200;B
20240410;100630;0.023555;630000;10083961211;S
20240410;100630;0.02356;3000000;10083961241;B
20240410;100630;0.02356;10000;10083961322;B
20240410;100630;0.02356;10000;10083961356;B
20240410;100631;0.023555;2300000;10083961376;S
20240410;100631;0.02356;50000;10083961463;B
20240410;100631;0.023555;1500000;10083961500;S
20240410;100631;0.023555;1980000;10083961503;S
20240410;100632;0.02356;5000000;10083961525;B
20240410;100632;0.023555;10000;10083961556;S
20240410;100632;0.023555;20000;10083961617;S
20240410;100632;0.02356;1000000;10083961679;B
20240410;100633;0.02356;420000;10083961748;B
20240410;100633;0.023555;10000;10083961777;S
20240410;100633;0.023555;5000000;10083961844;S
20240410;100634;0.023555;7000000;10083962007;S
20240410;100634;0.023555;7000000;10083962055;S
20240410;100634;0.02356;330000;10083962124;B
20240410;100634;0.02356;2090000;10083962125;B
20240410;100634;0.02356;30000;10083962128;B
20240410;100635;0.02356;1000000;10083962439;B
20240410;100635;0.02356;500000;10083962440;B
20240410;100635;0.023565;500000;10083962441;B
20240410;100636;0.023565;50000;10083962523;B
20240410;100636;0.02356;1000000;10083962566;S
20240410;100636;0.023555;2000000;10083962567;S
20240410;100636;0.02356;560000;10083962605;S
20240410;100637;0.023565;150000;10083962751;B
20240410;100637;0.02356;440000;10083962889;S
20240410;100637;0.02356;2890000;10083962890;S
20240410;100637;0.02356;50000;10083962891;S
20240410;100637;0.023555;6460000;10083962892;S
20240410;100637;0.023555;30000;10083962893;S
20240410;100637;0.023555;13390000;10083962894;S
20240410;100637;0.023555;100000;10083962895;S
20240410;100637;0.023555;100000;10083962896;S
20240410;100637;0.023555;300000;10083962897;S
20240410;100637;0.023555;50000;10083962898;S
20240410;100637;0.023555;1000000;10083962899;S
20240410;100637;0.023555;700000;10083962900;S
20240410;100637;0.023555;20000;10083962901;S
20240410;100637;0.023555;2800000;10083962902;S
20240410;100637;0.023555;20000;10083962903;S
20240410;100637;0.023555;1650000;10083962904;S
20240410;100638;0.023565;10000;10083963095;B
20240410;100639;0.02356;7000000;10083963315;S
20240410;100639;0.02356;2010000;10083963334;S
20240410;100639;0.023565;60000;10083963336;B
20240410;100639;0.023565;730000;10083963374;B
20240410;100639;0.023565;10000;10083963375;B
20240410;100639;0.023565;260000;10083963376;B
20240410;100640;0.023565;100000;10083963424;B
20240410;100640;0.023565;20000;10083963499;B
20240410;100640;0.023565;10000;10083963523;B
20240410;100641;0.02356;990000;10083963599;S
20240410;100641;0.02356;10000;10083963600;S
20240410;100641;0.02356;50000;10083963601;S
20240410;100641;0.02356;20000;10083963602;S
20240410;100641;0.023555;1000000;10083963603;S
20240410;100641;0.023555;1450000;10083963604;S
20240410;100641;0.023555;10000000;10083963605;S
20240410;100641;0.023555;3850000;10083963606;S
20240410;100641;0.02355;500000;10083963607;S
20240410;100641;0.02355;240000;10083963608;S
20240410;100641;0.02355;80000;10083963609;S
20240410;100641;0.02355;5000000;10083963610;S
20240410;100641;0.02355;10000;10083963611;S
20240410;100641;0.02355;10000;10083963612;S
20240410;100641;0.02355;30000000;10083963613;S
20240410;100641;0.02355;10000;10083963614;S
20240410;100641;0.02355;10000;10083963615;S
20240410;100641;0.02355;76770000;10083963616;S
20240410;100641;0.02356;50000;10083963643;B
20240410;100641;0.02355;10000;10083963685;S
20240410;100641;0.02355;3220000;10083963686;S
20240410;100641;0.02355;10000;10083963687;S
20240410;100641;0.02355;10000;10083963688;S
20240410;100641;0.02355;10000;10083963689;S
20240410;100641;0.02355;5000000;10083963690;S
20240410;100641;0.02355;40000;10083963691;S
20240410;100641;0.02355;100000;10083963692;S
20240410;100641;0.02355;120000;10083963693;S
20240410;100641;0.02355;40000;10083963694;S
20240410;100641;0.02355;10000;10083963695;S
20240410;100641;0.02355;10000;10083963696;S
20240410;100641;0.02355;50000;10083963697;S
20240410;100641;0.02355;20000;10083963698;S
20240410;100641;0.02355;10000;10083963699;S
20240410;100641;0.02355;20000;10083963700;S
20240410;100641;0.02355;40000;10083963701;S
20240410;100641;0.02355;1290000;10083963702;S
20240410;100641;0.02355;1710000;10083963735;S
20240410;100641;0.02355;40000;10083963736;S
20240410;100641;0.02355;2190000;10083963737;S
20240410;100641;0.023555;1000000;10083963743;B
20240410;100642;0.02355;4310000;10083963764;S
20240410;100642;0.02355;20000;10083963765;S
20240410;100642;0.02355;200000;10083963772;S
20240410;100642;0.02355;10000;10083963773;S
20240410;100642;0.02355;70000;10083963774;S
20240410;100642;0.02355;720000;10083963775;S
20240410;100642;0.02355;1280000;10083963814;S
20240410;100642;0.02355;10000;10083963815;S
20240410;100642;0.02355;100000;10083963816;S
20240410;100642;0.02355;1000000;10083963817;S
20240410;100642;0.02355;10000;10083963818;S
20240410;100642;0.02355;140000;10083963819;S
20240410;100642;0.023545;10000;10083963820;S
20240410;100642;0.023545;10000;10083963821;S
20240410;100642;0.023545;50000;10083963822;S
20240410;100642;0.023545;430000;10083963910;S
20240410;100642;0.023555;10000;10083963946;B
20240410;100644;0.02355;10000;10083964144;S
20240410;100644;0.02355;10000;10083964145;S
20240410;100644;0.02355;10000;10083964146;S
20240410;100644;0.023545;3510000;10083964147;S
20240410;100644;0.023545;550000;10083964222;S
20240410;100645;0.023545;30000;10083964409;S
20240410;100645;0.023555;1000000;10083964447;B
20240410;100647;0.02355;10000;10083964669;S
20240410;100647;0.02355;10000;10083964670;S
20240410;100647;0.023545;40000;10083964671;S
20240410;100647;0.023545;500000;10083964704;S
20240410;100648;0.023555;500000;10083965094;B
20240410;100649;0.023555;10000;10083965226;B
20240410;100649;0.023555;10000;10083965229;B
20240410;100649;0.023545;800000;10083965268;S
20240410;100649;0.023545;100000;10083965269;S
20240410;100649;0.023545;1000000;10083965270;S
20240410;100649;0.023545;10000;10083965271;S
20240410;100649;0.023545;30000;10083965272;S
20240410;100649;0.023545;100000;10083965273;S
20240410;100649;0.023545;100000;10083965274;S
20240410;100649;0.023545;50000;10083965275;S
20240410;100649;0.023545;1000000;10083965276;S
20240410;100649;0.023545;720000;10083965277;S
20240410;100649;0.023545;20000;10083965278;S
20240410;100649;0.023545;50000;10083965279;S
20240410;100649;0.023545;700000;10083965280;S
20240410;100649;0.023545;3730000;10083965281;S
20240410;100649;0.02354;10000;10083965282;S
20240410;100649;0.02354;870000;10083965283;S
20240410;100649;0.02354;10000;10083965284;S
20240410;100649;0.02354;50000;10083965285;S
20240410;100649;0.02354;8920000;10083965286;S
20240410;100649;0.02354;5910000;10083965287;S
20240410;100649;0.02354;18070000;10083965288;S
20240410;100649;0.023545;30000;10083965324;S
20240410;100649;0.023545;5530000;10083965384;S
20240410;100649;0.023545;350000;10083965416;S
20240410;100649;0.023545;1000000;10083965417;S
20240410;100649;0.023545;360000;10083965418;S
20240410;100649;0.02354;23210000;10083965419;S
20240410;100650;0.023545;4200000;10083965473;S
20240410;100650;0.023545;40000;10083965519;S
20240410;100650;0.02355;100000;10083965564;B
20240410;100650;0.023545;1500000;10083965580;S
20240410;100650;0.023545;130000;10083965598;S
20240410;100651;0.02355;2700000;10083965656;B
20240410;100651;0.02355;3710000;10083965657;B
20240410;100651;0.02355;1000000;10083965658;B
20240410;100651;0.023555;960000;10083965659;B
20240410;100651;0.023555;1630000;10083965660;B
20240410;100652;0.02355;10000;10083965821;B
20240410;100652;0.023545;40000;10083965917;S
20240410;100652;0.023545;180000;10083965918;S
20240410;100652;0.023545;80000;10083965919;S
20240410;100652;0.023545;1000000;10083965920;S
20240410;100652;0.023545;1000000;10083965921;S
20240410;100652;0.02354;12700000;10083965922;S
20240410;100652;0.02355;10000;10083965925;B
20240410;100652;0.02355;300000;10083965966;B
20240410;100653;0.02355;10000;10083966015;B
20240410;100653;0.023545;1000000;10083966030;S
20240410;100653;0.023545;5910000;10083966031;S
20240410;100653;0.023545;90000;10083966032;S
20240410;100653;0.023545;10000;10083966033;S
20240410;100653;0.02354;26020000;10083966034;S
20240410;100653;0.02354;3000000;10083966035;S
20240410;100653;0.02354;1000000;10083966036;S
20240410;100653;0.02354;20000;10083966037;S
20240410;100653;0.02354;50000;10083966038;S
20240410;100653;0.02354;10000;10083966039;S
20240410;100653;0.02354;30000;10083966040;S
20240410;100653;0.02354;5000000;10083966041;S
20240410;100653;0.02354;100000;10083966042;S
20240410;100653;0.02354;20000000;10083966043;S
20240410;100653;0.02354;40000;10083966044;S
20240410;100653;0.02354;10000;10083966045;S
20240410;100653;0.02354;50000;10083966046;S
20240410;100653;0.02354;5910000;10083966047;S
20240410;100653;0.02354;100000;10083966048;S
20240410;100653;0.02354;30000;10083966049;S
20240410;100653;0.02354;100000;10083966050;S
20240410;100653;0.02354;300000;10083966051;S
20240410;100653;0.02354;100000;10083966052;S
20240410;100653;0.02354;30000000;10083966053;S
20240410;100653;0.02354;1120000;10083966054;S
20240410;100653;0.02354;1000000;10083966076;S
20240410;100653;0.02354;1000000;10083966077;S
20240410;100653;0.02355;670000;10083966136;B
20240410;100653;0.02355;40000;10083966137;B
20240410;100653;0.02355;1000000;10083966138;B
20240410;100653;0.02355;2800000;10083966139;B
20240410;100653;0.023555;1490000;10083966140;B
20240410;100653;0.02355;10000;10083966174;B
20240410;100654;0.02355;990000;10083966187;B
20240410;100654;0.02355;280000;10083966188;B
20240410;100654;0.023545;10000;10083966248;S
20240410;100654;0.023545;50000;10083966249;S
20240410;100654;0.02354;5910000;10083966250;S
20240410;100654;0.02354;1000000;10083966251;S
20240410;100654;0.02354;3460000;10083966252;S
20240410;100654;0.02354;8460000;10083966253;S
20240410;100654;0.02354;6110000;10083966254;S
20240410;100654;0.02354;50000;10083966317;S
20240410;100656;0.02355;30000;10083966619;B
20240410;100656;0.02355;1000000;10083966721;B
20240410;100656;0.023555;2880000;10083966722;B
20240410;100656;0.023555;1000000;10083966723;B
20240410;100656;0.023555;30000;10083966724;B
20240410;100656;0.023555;1090000;10083966725;B
20240410;100657;0.023545;20000;10083966810;S
20240410;100657;0.023545;1000000;10083966811;S
20240410;100657;0.023545;50000;10083966812;S
20240410;100657;0.02354;28930000;10083966813;S
20240410;100657;0.02354;300000;10083966818;S
20240410;100657;0.023555;2000000;10083966880;B
20240410;100657;0.023555;250000;10083966901;B
20240410;100657;0.023545;50000;10083966916;S
20240410;100658;0.023545;950000;10083966951;S
20240410;100658;0.02354;1000000;10083966952;S
20240410;100658;0.02354;1050000;10083966953;S
20240410;100658;0.02354;4860000;10083967038;S
20240410;100658;0.02354;1000000;10083967039;S
20240410;100658;0.02354;100000;10083967040;S
20240410;100658;0.02354;2320000;10083967041;S
20240410;100659;0.023545;20000;10083967272;S
20240410;100700;0.02355;60000;10083967336;B
20240410;100700;0.02355;10000;10083967341;B
20240410;100700;0.02355;30000;10083967405;B
20240410;100700;0.023555;10000;10083967406;B
20240410;100700;0.023555;50000;10083967452;B
20240410;100700;0.023555;10000;10083967455;B
20240410;100701;0.023555;250000;10083967640;B
20240410;100702;0.023555;3430000;10083967881;B
20240410;100702;0.023555;1000000;10083967882;B
20240410;100702;0.023555;1570000;10083967883;B
20240410;100702;0.023545;1000000;10083967905;S
20240410;100703;0.023545;20000;10083968025;S
20240410;100703;0.023545;10000;10083968094;S
20240410;100703;0.023545;60000;10083968146;S
20240410;100703;0.023545;500000;10083968169;S
20240410;100704;0.023555;1230000;10083968256;B
20240410;100704;0.023555;1770000;10083968257;B
20240410;100704;0.023555;50000;10083968365;B
20240410;100705;0.023545;2540000;10083968506;S
20240410;100705;0.023545;40000;10083968549;S
20240410;100706;0.02355;40000;10083968742;B
20240410;100706;0.023545;700000;10083968849;S
20240410;100708;0.02355;100000;10083969109;B
20240410;100708;0.02355;20000;10083969156;B
20240410;100708;0.02355;200000;10083969219;B
20240410;100708;0.02355;30000;10083969293;B
20240410;100710;0.02355;610000;10083969525;B
20240410;100710;0.02355;240000;10083969526;B
20240410;100710;0.023545;200000;10083969576;S
20240410;100710;0.023545;10000;10083969593;S
20240410;100711;0.02355;100000;10083969687;B
20240410;100711;0.023545;40000;10083969754;S
20240410;100712;0.02355;20000;10083970027;B
20240410;100713;0.02355;5640000;10083970041;B
20240410;100713;0.02355;2800000;10083970042;B
20240410;100713;0.02355;440000;10083970043;B
20240410;100713;0.023545;430000;10083970053;S
20240410;100713;0.023545;100000;10083970054;S
20240410;100713;0.023545;1070000;10083970055;S
20240410;100713;0.023545;100000;10083970056;S
20240410;100713;0.023545;20000;10083970057;S
20240410;100713;0.023545;2650000;10083970058;S
20240410;100713;0.02354;10000;10083970122;S
20240410;100713;0.02354;50000;10083970123;S
20240410;100713;0.02354;40000;10083970124;S
20240410;100713;0.02354;960000;10083970132;S
20240410;100713;0.02354;400000;10083970133;S
20240410;100713;0.02354;8540000;10083970134;S
20240410;100713;0.02354;1000000;10083970137;S
20240410;100713;0.023545;10000;10083970155;B
20240410;100714;0.023545;100000;10083970211;B
20240410;100714;0.02354;460000;10083970247;S
20240410;100714;0.02354;10000;10083970248;S
20240410;100714;0.023535;4600000;10083970253;S
20240410;100714;0.023535;200000;10083970255;S
20240410;100714;0.023535;200000;10083970256;S
20240410;100714;0.023535;2000000;10083970287;S
20240410;100714;0.02354;30000;10083970308;B
20240410;100714;0.02354;20000;10083970309;B
20240410;100714;0.023535;1700000;10083970359;S
20240410;100715;0.023545;20000;10083970415;B
20240410;100715;0.023545;100000;10083970468;B
20240410;100715;0.023545;300000;10083970469;B
20240410;100715;0.023545;50000;10083970505;B
20240410;100716;0.023545;1050000;10083970629;B
20240410;100716;0.023545;970000;10083970630;B
20240410;100717;0.02354;10000;10083970839;S
20240410;100717;0.023535;4290000;10083970840;S
20240410;100717;0.023535;10000;10083970894;S
20240410;100717;0.023545;30000;10083970904;B
20240410;100717;0.023545;20000;10083970905;B
20240410;100718;0.023535;200000;10083970953;S
20240410;100718;0.023535;1000000;10083970997;S
20240410;100720;0.02354;10000;10083971612;S
20240410;100721;0.02354;20000;10083971729;S
20240410;100722;0.02354;330000;10083972027;S
20240410;100722;0.02354;970000;10083972028;S
20240410;100722;0.02354;4400000;10083972051;S
20240410;100723;0.023545;5980000;10083972118;B
20240410;100723;0.023545;1000000;10083972119;B
20240410;100723;0.023545;1900000;10083972120;B
20240410;100724;0.02354;200000;10083972400;S
20240410;100724;0.02354;4430000;10083972469;S
20240410;100725;0.02354;1000000;10083972598;B
20240410;100726;0.023535;130000;10083972742;S
20240410;100727;0.02354;100000;10083972805;B
20240410;100727;0.02354;1000000;10083972836;B
20240410;100727;0.023535;3000000;10083972862;S
20240410;100727;0.023535;22670000;10083972868;S
20240410;100727;0.023535;400000;10083972869;S
20240410;100727;0.023535;40000;10083972870;S
20240410;100727;0.023535;500000;10083972871;S
20240410;100727;0.023535;10000;10083972872;S
20240410;100727;0.023535;10000;10083972873;S
20240410;100727;0.023535;600000;10083972874;S
20240410;100727;0.023535;10000;10083972875;S
20240410;100727;0.023535;4250000;10083972876;S
20240410;100727;0.023535;100000;10083972877;S
20240410;100727;0.023535;60000;10083972878;S
20240410;100727;0.023535;50000;10083972879;S
20240410;100727;0.023535;7000000;10083972880;S
20240410;100727;0.023535;100000;10083972881;S
20240410;100727;0.023535;10000;10083972882;S
20240410;100727;0.023535;500000;10083972883;S
20240410;100727;0.023535;1000000;10083972884;S
20240410;100727;0.02353;1300000;10083972885;S
20240410;100727;0.02353;10000;10083972886;S
20240410;100727;0.02353;490000;10083972887;S
20240410;100727;0.02353;890000;10083972888;S
20240410;100727;0.02354;290000;10083972921;B
20240410;100727;0.02354;210000;10083972922;B
20240410;100727;0.02353;150000;10083972968;S
20240410;100727;0.02353;300000;10083972971;S
20240410;100727;0.02353;620000;10083972972;S
20240410;100727;0.02353;40000;10083972987;S
20240410;100727;0.02353;250000;10083972988;S
20240410;100727;0.02353;290000;10083972989;S
20240410;100727;0.02353;660000;10083972990;S
20240410;100727;0.02353;1080000;10083972991;S
20240410;100727;0.02353;550000;10083972992;S
20240410;100727;0.02353;1000000;10083973029;S
20240410;100727;0.02353;1420000;10083973030;S
20240410;100727;0.02353;10000;10083973031;S
20240410;100727;0.02353;10000;10083973032;S
20240410;100727;0.02353;3660000;10083973033;S
20240410;100727;0.02353;2000000;10083973042;S
20240410;100727;0.02353;14340000;10083973044;S
20240410;100727;0.02353;10000;10083973045;S
20240410;100727;0.02353;15650000;10083973046;S
20240410;100727;0.02353;1950000;10083973047;S
20240410;100727;0.02353;3460000;10083973048;S
20240410;100727;0.02353;2070000;10083973049;S
20240410;100727;0.02353;15550000;10083973064;S
20240410;100727;0.02353;10000;10083973065;S
20240410;100727;0.02353;30000;10083973066;S
20240410;100727;0.02353;4410000;10083973067;S
20240410;100728;0.02353;590000;10083973097;S
20240410;100728;0.02353;1000000;10083973098;S
20240410;100728;0.02353;500000;10083973099;S
20240410;100728;0.02353;500000;10083973100;S
20240410;100728;0.02353;50000;10083973101;S
20240410;100728;0.02353;10000;10083973102;S
20240410;100728;0.02353;10000;10083973103;S
20240410;100728;0.02353;10000000;10083973104;S
20240410;100728;0.02353;100000;10083973105;S
20240410;100728;0.02353;200000;10083973106;S
20240410;100728;0.023525;2120000;10083973107;S
20240410;100728;0.023525;80000;10083973108;S
20240410;100728;0.023525;10000;10083973109;S
20240410;100728;0.023525;2000000;10083973110;S
20240410;100728;0.023525;5910000;10083973111;S
20240410;100728;0.023525;1000000;10083973112;S
20240410;100728;0.023525;10000;10083973113;S
20240410;100728;0.023525;1000000;10083973114;S
20240410;100728;0.023525;50000;10083973115;S
20240410;100728;0.023525;100000;10083973116;S
20240410;100728;0.023525;100000;10083973117;S
20240410;100728;0.023525;1000000;10083973118;S
20240410;100728;0.023525;10000;10083973119;S
