<DATE>;<TIME>;<LAST>;<VOL>;<ID>;<OPER>
20240409;095946;0.024125;40000;10077836273;S
20240409;095946;0.024125;10000;10077836274;S
20240409;095946;0.024125;20000;10077836275;S
20240409;095946;0.024125;20000;10077836276;S
20240409;095946;0.024125;10000;10077836277;S
20240409;095946;0.024125;40000;10077836278;S
20240409;095946;0.024125;860000;10077836279;S
20240409;095946;0.024125;330000;10077836280;S
20240409;095946;0.024125;100000;10077836281;S
20240409;095946;0.024125;2000000;10077836282;S
20240409;095946;0.024125;100000;10077836283;S
20240409;095946;0.024125;10000;10077836284;S
20240409;095946;0.024125;1000000;10077836285;S
20240409;095946;0.024125;10000000;10077836286;S
20240409;095946;0.024125;10000;10077836287;S
20240409;095946;0.024125;90000;10077836288;S
20240409;095946;0.024125;30000;10077836289;S
20240409;095946;0.024125;10000;10077836290;B
20240409;095946;0.024125;10000;10077836291;S
20240409;095946;0.024125;860000;10077836292;S
20240409;095946;0.024125;30000;10077836293;S
20240409;095946;0.024125;10000;10077836294;S
20240409;095946;0.024125;60000;10077836295;S
20240409;095946;0.024125;30000;10077836296;S
20240409;095946;0.024125;500000;10077836297;S
20240409;095946;0.024125;10000;10077836298;S
20240409;095946;0.024125;300000;10077836299;S
20240409;095946;0.024125;10000;10077836300;S
20240409;095946;0.024125;10000;10077836301;S
20240409;095946;0.024125;20000;10077836302;S
20240409;095946;0.024125;10000;10077836303;S
20240409;095946;0.024125;200000;10077836304;B
20240409;095946;0.024125;10000;10077836305;B
20240409;095946;0.024125;10000;10077836306;B
20240409;095946;0.024125;10000;10077836307;B
20240409;095946;0.024125;1240000;10077836308;B
20240409;095946;0.024125;50000;10077836309;B
20240409;095946;0.024125;20000;10077836310;B
20240409;095946;0.024125;9800000;10077836311;S
20240409;095946;0.024125;18310000;10077836312;S
20240409;095946;0.024125;20000;10077836313;S
20240409;095946;0.024125;30000;10077836314;S
20240409;095946;0.024125;30000;10077836315;S
20240409;095946;0.024125;70000;10077836316;B
20240409;095946;0.024125;60000;10077836317;B
20240409;095946;0.024125;40000;10077836318;S
20240409;095946;0.024125;20000;10077836319;B
20240409;095946;0.024125;10000;10077836320;B
20240409;095946;0.024125;10000;10077836321;S
20240409;095946;0.024125;50000;10077836322;S
20240409;095946;0.024125;500000;10077836323;S
20240409;095946;0.024125;60000;10077836324;S
20240409;095946;0.024125;30000;10077836325;B
20240409;095946;0.024125;20000;10077836326;B
20240409;095946;0.024125;70000;10077836327;S
20240409;095946;0.024125;140000;10077836328;B
20240409;095946;0.024125;120000;10077836329;B
20240409;095946;0.024125;250000;10077836330;S
20240409;095946;0.024125;80000;10077836331;S
20240409;095946;0.024125;30000;10077836332;B
20240409;095946;0.024125;2000000;10077836333;B
20240409;095946;0.024125;10000;10077836334;B
20240409;095946;0.024125;10000;10077836335;B
20240409;095946;0.024125;10000;10077836336;B
20240409;095946;0.024125;40000;10077836337;B
20240409;095946;0.024125;10000;10077836338;B
20240409;095946;0.024125;10000;10077836339;B
20240409;095946;0.024125;10000;10077836340;B
20240409;095946;0.024125;80000;10077836341;B
20240409;095946;0.024125;10000;10077836342;B
20240409;095946;0.024125;60000;10077836343;B
20240409;095946;0.024125;30000;10077836344;B
20240409;095946;0.024125;30000;10077836345;B
20240409;095946;0.024125;10000;10077836346;B
20240409;095946;0.024125;50000;10077836347;B
20240409;095946;0.024125;10000;10077836348;B
20240409;095946;0.024125;930000;10077836349;B
20240409;095946;0.024125;30000;10077836350;B
20240409;095946;0.024125;10000;10077836351;B
20240409;095946;0.024125;10000;10077836352;S
20240409;095946;0.024125;90000;10077836353;S
20240409;095946;0.024125;30000;10077836354;B
20240409;095946;0.024125;140000;10077836355;B
20240409;095946;0.024125;170000;10077836356;B
20240409;095946;0.024125;50000;10077836357;B
20240409;095946;0.024125;10000;10077836358;B
20240409;095946;0.024125;10000;10077836359;B
20240409;095946;0.024125;460000;10077836360;B
20240409;095946;0.024125;100000;10077836361;S
20240409;095946;0.024125;10000;10077836362;B
20240409;095946;0.024125;20000;10077836363;S
20240409;095946;0.024125;10000;10077836364;B
20240409;095946;0.024125;10000;10077836365;B
20240409;095946;0.024125;1000000;10077836366;S
20240409;095946;0.024125;110000;10077836367;S
20240409;095946;0.024125;10000;10077836368;B
20240409;095946;0.024125;10000;10077836369;S
20240409;095946;0.024125;10000;10077836370;S
20240409;095946;0.024125;300000;10077836371;S
20240409;095946;0.024125;10000;10077836372;B
20240409;095946;0.024125;150000;10077836373;B
20240409;095946;0.024125;1000000;10077836374;B
20240409;095946;0.024125;10000;10077836375;S
20240409;095946;0.024125;10000;10077836376;B
20240409;095946;0.024125;10000;10077836377;B
20240409;095946;0.024125;1000000;10077836378;B
20240409;095946;0.024125;71950000;10077836379;S
20240409;095946;0.024125;10000;10077836380;S
20240409;095946;0.024125;31710000;10077836381;S
20240409;095946;0.024125;10000;10077836382;B
20240409;095946;0.024125;5000000;10077836383;S
20240409;095946;0.024125;330000;10077836384;S
20240409;095946;0.024125;5000000;10077836385;S
20240409;095946;0.024125;100000;10077836386;S
20240409;095946;0.024125;14580000;10077836387;S
20240409;095946;0.024125;120000;10077836388;S
20240409;095946;0.024125;10000;10077836389;B
20240409;095946;0.024125;320000;10077836390;B
20240409;095946;0.024125;10000;10077836391;B
20240409;095946;0.024125;40000000;10077836392;S
20240409;095946;0.024125;20000;10077836393;S
20240409;095946;0.024125;40000;10077836394;S
20240409;095946;0.024125;10000;10077836395;S
20240409;095946;0.024125;70000;10077836396;S
20240409;095946;0.024125;180000;10077836397;S
20240409;095946;0.024125;10000;10077836398;S
20240409;095946;0.024125;10000;10077836399;S
20240409;095946;0.024125;10000;10077836400;S
20240409;095946;0.024125;10000;10077836401;S
20240409;095946;0.024125;30000;10077836402;B
20240409;095946;0.024125;4810000;10077836403;S
20240409;095946;0.024125;220000;10077836404;S
20240409;095946;0.024125;1000000;10077836405;S
20240409;095946;0.024125;10000;10077836406;S
20240409;095946;0.024125;10000;10077836407;S
20240409;095946;0.024125;10000;10077836408;S
20240409;095946;0.024125;40000;10077836409;B
20240409;095946;0.024125;2300000;10077836410;S
20240409;095946;0.024125;50130000;10077836411;S
20240409;095946;0.024125;500000;10077836412;S
20240409;095946;0.024125;10000;10077836413;S
20240409;095946;0.024125;10000;10077836414;S
20240409;095946;0.024125;10000;10077836415;S
20240409;095946;0.024125;10000;10077836416;S
20240409;095946;0.024125;10000;10077836417;B
20240409;095946;0.024125;20000;10077836418;B
20240409;095946;0.024125;3000000;10077836419;S
20240409;095946;0.024125;100000;10077836420;S
20240409;095946;0.024125;1000000;10077836421;S
20240409;095946;0.024125;10000;10077836422;S
20240409;095946;0.024125;10000;10077836423;S
20240409;095946;0.024125;10000;10077836424;S
20240409;095946;0.024125;10000;10077836425;S
20240409;095946;0.024125;40000;10077836426;B
20240409;095946;0.024125;500000;10077836427;B
20240409;095946;0.024125;10000;10077836428;S
20240409;095946;0.024125;10000;10077836429;S
20240409;095946;0.024125;130000;10077836430;S
20240409;095946;0.024125;10000;10077836431;S
20240409;095946;0.024125;10000;10077836432;S
20240409;095946;0.024125;10000;10077836433;S
20240409;095946;0.024125;20000;10077836434;B
20240409;095946;0.024125;20000;10077836435;S
20240409;095946;0.024125;10000000;10077836436;S
20240409;095946;0.024125;760000;10077836437;S
20240409;095946;0.024125;50000;10077836438;S
20240409;095946;0.024125;25000000;10077836439;S
20240409;095946;0.024125;2610000;10077836440;S
20240409;095946;0.024125;120000;10077836441;S
20240409;095946;0.024125;1000000;10077836442;B
20240409;095946;0.024125;5600000;10077836443;B
20240409;100000;0.02411;960000;10077840087;B
20240409;100000;0.02411;2440000;10077840166;S
20240409;100000;0.02412;1000000;10077840260;B
20240409;100000;0.02412;500000;10077840391;B
20240409;100000;0.024085;1000000;10077840566;S
20240409;100000;0.024085;5700000;10077840567;S
20240409;100000;0.024085;5000000;10077840568;S
20240409;100000;0.024085;3300000;10077840569;S
20240409;100001;0.024105;290000;10077840782;B
20240409;100001;0.024105;1000000;10077840783;B
20240409;100001;0.02411;1000000;10077840784;B
20240409;100001;0.02411;8330000;10077840785;B
20240409;100001;0.02411;11200000;10077840786;B
20240409;100001;0.024115;5000000;10077840787;B
20240409;100001;0.024115;1000000;10077840788;B
20240409;100001;0.024115;4170000;10077840789;B
20240409;100001;0.024115;3010000;10077840790;B
20240409;100001;0.0241;700000;10077840886;B
20240409;100001;0.024105;1000000;10077840887;B
20240409;100001;0.024105;5000000;10077840888;B
20240409;100001;0.02411;9300000;10077840889;B
20240409;100001;0.02409;50000;10077840936;S
20240409;100001;0.024105;810000;10077840967;B
20240409;100001;0.024105;190000;10077841381;B
20240409;100001;0.02411;210000;10077841382;B
20240409;100001;0.024105;1000000;10077841439;B
20240409;100001;0.02411;1690000;10077841440;B
20240409;100001;0.02411;1000000;10077841441;B
20240409;100001;0.02411;20000;10077841442;B
20240409;100001;0.02411;1000000;10077841443;B
20240409;100001;0.02411;400000;10077841444;B
20240409;100001;0.02411;4500000;10077841445;B
20240409;100001;0.024115;1000000;10077841446;B
20240409;100001;0.024115;2000000;10077841447;B
20240409;100001;0.024115;10000;10077841448;B
20240409;100001;0.024115;820000;10077841449;B
20240409;100001;0.02412;4200000;10077841450;B
20240409;100001;0.02412;1000000;10077841451;B
20240409;100001;0.02412;6360000;10077841452;B
20240409;100002;0.02409;950000;10077841886;S
20240409;100002;0.02409;70000;10077841887;S
20240409;100002;0.024085;10000;10077842037;S
20240409;100002;0.02409;200000;10077842294;B
20240409;100002;0.02409;300000;10077842302;B
20240409;100002;0.0241;200000;10077842303;B
20240409;100002;0.024105;500000;10077842304;B
20240409;100002;0.024105;10000;10077842305;B
20240409;100002;0.024105;1000000;10077842306;B
20240409;100002;0.02411;500000;10077842307;B
20240409;100002;0.02411;1000000;10077842308;B
20240409;100002;0.02411;120000;10077842309;B
20240409;100002;0.02411;370000;10077842310;B
20240409;100002;0.024105;50000;10077842442;B
20240409;100002;0.02409;10000;10077842751;S
20240409;100002;0.02409;190000;10077842752;S
20240409;100003;0.024085;830000;10077843066;S
20240409;100003;0.024085;10000;10077843415;S
20240409;100004;0.024085;150000;10077843534;S
20240409;100004;0.02408;40000;10077843892;S
20240409;100004;0.024085;30000;10077843893;B
20240409;100004;0.024085;10000;10077843895;B
20240409;100004;0.024085;10000;10077843903;B
20240409;100004;0.024085;10000;10077843920;B
20240409;100004;0.02408;10000;10077843922;S
20240409;100004;0.024085;10000;10077843934;B
20240409;100004;0.02408;30000;10077844220;S
20240409;100004;0.02408;10000;10077844223;S
20240409;100004;0.02408;30000;10077844224;S
20240409;100004;0.024085;10000;10077844226;B
20240409;100004;0.024085;10000;10077844228;B
20240409;100005;0.024085;20000;10077844232;B
20240409;100005;0.02408;30000;10077844237;S
20240409;100005;0.024085;10000;10077844240;B
20240409;100005;0.02408;10000;10077844242;S
20240409;100005;0.024085;10000;10077844243;B
20240409;100005;0.024085;10000;10077844246;B
20240409;100005;0.02408;10000;10077844247;S
20240409;100005;0.024085;10000;10077844250;B
20240409;100005;0.024085;10000;10077844559;B
20240409;100005;0.024085;10000;10077844561;B
20240409;100005;0.024085;10000;10077844563;B
20240409;100005;0.024085;10000;10077844564;B
20240409;100005;0.02408;10000;10077844571;S
20240409;100005;0.024085;10000;10077844573;B
20240409;100005;0.02408;50000;10077844578;S
20240409;100005;0.024085;10000;10077844879;B
20240409;100005;0.024085;10000;10077844958;B
20240409;100005;0.024085;10000;10077844962;B
20240409;100005;0.024085;10000;10077844965;B
20240409;100005;0.024085;20000;10077844970;B
20240409;100005;0.02408;80000;10077844972;S
20240409;100005;0.024085;90000;10077844976;B
20240409;100005;0.02409;10000;10077844977;B
20240409;100005;0.024095;10000;10077844978;B
20240409;100005;0.024095;10000;10077844979;B
20240409;100005;0.024095;10000;10077844983;B
20240409;100005;0.024095;10000;10077844992;B
20240409;100005;0.02408;10000;10077844993;S
20240409;100005;0.02408;50000;10077844995;S
20240409;100005;0.02408;10000;10077844997;S
20240409;100005;0.024095;10000;10077844999;B
20240409;100005;0.024095;10000;10077845000;B
20240409;100005;0.024095;10000;10077845001;B
20240409;100005;0.02408;10000;10077845002;S
20240409;100005;0.02408;20000;10077845003;S
20240409;100005;0.024095;30000;10077845005;B
20240409;100005;0.024095;100000;10077845006;B
20240409;100005;0.024095;10000;10077845007;B
20240409;100005;0.02408;10000;10077845010;S
20240409;100005;0.024095;20000;10077845212;B
20240409;100005;0.024095;10000;10077845214;B
20240409;100005;0.02408;10000;10077845216;S
20240409;100005;0.024095;10000;10077845217;B
20240409;100005;0.024095;10000;10077845218;B
20240409;100005;0.024095;10000;10077845510;B
20240409;100005;0.024095;10000;10077845511;B
20240409;100005;0.024095;10000;10077845536;B
20240409;100005;0.024095;10000;10077845537;B
20240409;100005;0.02408;50000;10077845538;S
20240409;100006;0.02408;10000;10077845797;S
20240409;100006;0.024095;10000;10077845798;B
20240409;100006;0.024095;10000;10077845800;B
20240409;100006;0.024095;10000;10077845801;B
20240409;100006;0.02408;40000;10077845802;S
20240409;100006;0.024095;10000;10077846566;B
20240409;100006;0.02408;50000;10077846569;S
20240409;100006;0.024095;10000;10077846571;B
20240409;100006;0.02408;420000;10077846574;S
20240409;100006;0.02408;10000;10077846575;S
20240409;100006;0.02408;1000000;10077846576;S
20240409;100006;0.02408;200000;10077846577;S
20240409;100006;0.024075;960000;10077846578;S
20240409;100006;0.02408;10000;10077846580;S
20240409;100006;0.024095;10000;10077846583;B
20240409;100006;0.024095;10000;10077846587;B
20240409;100006;0.02408;10000;10077846609;S
20240409;100006;0.024095;130000;10077846781;B
20240409;100006;0.024095;1310000;10077846782;B
20240409;100006;0.024095;550000;10077846783;B
20240409;100006;0.024095;10000;10077846894;B
20240409;100006;0.02408;100000;10077846902;S
20240409;100006;0.024095;10000;10077846910;B
20240409;100006;0.024095;60000;10077846922;B
20240409;100006;0.024095;370000;10077846956;B
20240409;100006;0.024095;190000;10077846957;B
20240409;100006;0.0241;1000000;10077846958;B
20240409;100006;0.0241;440000;10077846959;B
20240409;100006;0.024095;10000;10077847175;B
20240409;100006;0.024095;10000;10077847176;B
20240409;100006;0.024095;10000;10077847177;B
20240409;100006;0.024095;50000;10077847179;B
20240409;100006;0.024095;10000;10077847182;B
20240409;100006;0.024095;50000;10077847184;B
20240409;100006;0.024095;10000;10077847187;B
20240409;100006;0.02408;10000;10077847190;S
20240409;100006;0.02408;10000;10077847552;S
20240409;100006;0.024095;10000;10077847564;B
20240409;100006;0.02408;10000;10077847567;S
20240409;100006;0.024095;10000;10077847575;B
20240409;100006;0.024095;10000;10077847584;B
20240409;100006;0.024095;10000;10077847595;B
20240409;100006;0.024095;30000;10077847599;B
20240409;100006;0.02408;10000;10077847603;S
20240409;100006;0.024095;10000;10077847609;B
20240409;100006;0.024095;10000;10077847613;B
20240409;100006;0.024095;10000;10077847620;B
20240409;100006;0.02408;20000;10077847637;S
20240409;100006;0.02408;20000;10077847640;S
20240409;100006;0.02408;10000;10077847642;S
20240409;100006;0.02408;20000;10077847651;S
20240409;100006;0.02408;20000;10077847654;S
20240409;100006;0.02408;10000;10077847660;S
20240409;100006;0.024095;10000;10077847663;B
20240409;100007;0.024095;10000;10077847746;B
20240409;100007;0.024095;10000;10077847748;B
20240409;100007;0.02408;10000;10077847751;S
20240409;100007;0.024095;10000;10077847755;B
20240409;100007;0.02408;10000;10077847757;S
20240409;100007;0.02408;10000;10077847765;S
20240409;100007;0.024095;10000;10077847770;B
20240409;100007;0.02408;20000;10077847774;S
20240409;100007;0.02408;30000;10077847776;S
20240409;100007;0.024095;10000;10077847781;B
20240409;100007;0.024095;40000;10077847785;B
20240409;100007;0.024095;40000;10077848345;B
20240409;100007;0.024095;10000;10077848346;B
20240409;100007;0.024095;10000;10077848349;B
20240409;100007;0.024095;10000;10077848350;B
20240409;100007;0.02408;30000;10077848351;S
20240409;100007;0.024095;10000;10077848352;B
20240409;100007;0.02408;60000;10077848353;S
20240409;100007;0.02408;50000;10077848355;S
20240409;100007;0.024095;10000;10077848357;B
20240409;100007;0.02408;10000;10077848358;S
20240409;100007;0.024095;10000;10077848359;B
20240409;100007;0.02408;50000;10077848369;S
20240409;100007;0.024095;10000;10077848370;B
20240409;100007;0.02408;20000;10077848400;S
20240409;100007;0.024095;10000;10077848497;B
20240409;100007;0.02408;20000;10077848503;S
20240409;100007;0.024095;10000;10077848938;B
20240409;100007;0.024095;40000;10077848941;B
20240409;100007;0.024095;10000;10077848944;B
20240409;100007;0.024095;10000;10077848945;B
20240409;100007;0.02408;30000;10077848949;S
20240409;100007;0.02408;60000;10077848951;S
20240409;100007;0.024095;10000;10077848953;B
20240409;100007;0.02408;90000;10077848960;S
20240409;100007;0.02408;10000;10077848961;S
20240409;100007;0.024095;10000;10077848962;B
20240409;100007;0.024095;100000;10077848965;B
20240409;100007;0.024095;10000;10077848971;B
20240409;100007;0.024095;10000;10077848974;B
20240409;100007;0.024095;10000;10077848975;B
20240409;100007;0.02408;10000;10077849425;S
20240409;100007;0.024095;10000;10077849475;B
20240409;100008;0.02408;20000;10077849481;S
20240409;100008;0.024095;10000;10077849487;B
20240409;100008;0.024095;10000;10077849493;B
20240409;100008;0.02408;10000;10077849501;S
20240409;100008;0.02408;10000;10077849507;S
20240409;100008;0.024095;10000;10077850071;B
20240409;100008;0.024095;10000;10077850075;B
20240409;100008;0.02408;40000;10077850137;S
20240409;100008;0.024095;20000;10077850145;B
20240409;100008;0.024095;10000;10077850149;B
20240409;100008;0.024095;10000;10077850152;B
20240409;100008;0.02408;20000;10077850161;S
20240409;100008;0.02409;50000;10077850179;B
20240409;100008;0.02408;10000;10077850186;S
20240409;100008;0.02409;10000;10077850192;B
20240409;100008;0.02409;60000;10077850201;B
20240409;100008;0.02409;20000;10077850203;B
20240409;100008;0.02408;10000;10077850206;S
20240409;100008;0.02409;20000;10077850208;B
20240409;100008;0.02409;10000;10077850210;B
20240409;100008;0.02409;20000;10077850213;B
20240409;100008;0.02409;10000;10077850215;B
20240409;100008;0.02408;10000;10077850217;S
20240409;100008;0.02409;50000;10077850221;B
20240409;100008;0.02409;100000;10077850225;B
20240409;100008;0.02408;10000;10077850482;S
20240409;100008;0.02408;30000;10077850485;S
20240409;100008;0.02408;10000;10077850487;S
20240409;100008;0.02408;30000;10077850489;S
20240409;100008;0.02408;10000;10077850492;S
20240409;100008;0.02409;10000;10077850493;B
20240409;100008;0.02408;10000;10077850496;S
20240409;100008;0.02408;10000;10077850502;S
20240409;100008;0.02409;10000;10077850507;B
20240409;100008;0.02408;10000;10077850510;S
20240409;100008;0.02408;10000;10077850516;S
20240409;100008;0.02408;10000;10077850519;S
20240409;100008;0.02408;10000;10077850572;S
20240409;100008;0.02408;10000;10077850574;S
20240409;100008;0.02408;10000;10077850576;S
20240409;100008;0.02409;10000;10077850579;B
20240409;100008;0.02409;50000;10077850585;B
20240409;100008;0.024095;10000;10077850587;B
20240409;100008;0.0241;10000;10077850589;B
20240409;100008;0.0241;10000;10077850593;B
20240409;100008;0.0241;10000;10077850596;B
20240409;100008;0.0241;10000;10077850599;B
20240409;100008;0.02408;10000;10077850602;S
20240409;100008;0.0241;20000;10077850631;B
20240409;100008;0.0241;790000;10077850632;B
20240409;100008;0.0241;10000;10077850776;B
20240409;100008;0.0241;10000;10077850778;B
20240409;100008;0.0241;50000;10077850783;B
20240409;100008;0.0241;10000;10077850786;B
20240409;100008;0.0241;10000;10077850787;B
20240409;100008;0.0241;20000;10077850788;B
20240409;100008;0.0241;10000;10077850794;B
20240409;100008;0.0241;10000;10077850798;B
20240409;100008;0.0241;10000;10077850804;B
20240409;100008;0.02408;10000;10077850806;S
20240409;100008;0.0241;10000;10077850812;B
20240409;100008;0.0241;10000;10077850814;B
20240409;100008;0.02408;210000;10077850815;S
20240409;100008;0.02408;40000;10077850817;S
20240409;100009;0.0241;50000;10077850853;B
20240409;100009;0.0241;410000;10077850854;B
20240409;100010;0.024105;100000;10077851430;S
20240409;100010;0.02411;300000;10077851525;B
20240409;100010;0.02411;100000;10077851623;B
20240409;100010;0.02411;40000;10077851659;B
20240409;100010;0.02411;40000;10077851760;B
20240409;100010;0.024105;10000;10077851762;S
20240409;100010;0.02411;30000;10077851783;B
20240409;100010;0.024105;30000;10077851827;S
20240409;100010;0.02411;320000;10077851890;B
20240409;100010;0.024115;10000;10077851891;B
20240409;100010;0.024115;500000;10077851892;B
20240409;100010;0.02412;1000000;10077851893;B
20240409;100010;0.02412;5700000;10077851894;B
20240409;100010;0.02412;2470000;10077851895;B
20240409;100010;0.02412;500000;10077851936;B
20240409;100010;0.02412;370000;10077851937;B
20240409;100011;0.02412;290000;10077852067;B
20240409;100011;0.024105;10000;10077852073;S
20240409;100011;0.024105;100000;10077852100;S
20240409;100011;0.02412;10000;10077852146;B
20240409;100011;0.02412;1750000;10077852148;B
20240409;100011;0.02411;50000;10077852258;S
20240409;100011;0.02411;50000;10077852368;S
20240409;100011;0.02411;270000;10077852369;S
20240409;100011;0.024105;10000;10077852525;S
20240409;100011;0.024105;10000;10077852537;S
20240409;100012;0.02412;140000;10077852645;B
20240409;100012;0.02412;50000;10077852655;B
20240409;100012;0.024105;730000;10077852676;S
20240409;100012;0.024105;4270000;10077852677;S
20240409;100012;0.02412;50000;10077852762;B
20240409;100012;0.02411;10000;10077852801;S
20240409;100013;0.02411;10000;10077852967;S
20240409;100014;0.02411;100000;10077853165;S
20240409;100016;0.02411;100000;10077853913;S
20240409;100016;0.02411;30000;10077853942;S
20240409;100016;0.02411;10000;10077853983;S
20240409;100016;0.02412;30000;10077854032;B
20240409;100016;0.02411;80000;10077854060;S
20240409;100016;0.02411;660000;10077854087;S
20240409;100016;0.02411;170000;10077854088;S
20240409;100017;0.02411;10000;10077854432;S
20240409;100018;0.024115;100000;10077854771;S
20240409;100018;0.024115;200000;10077854855;S
20240409;100018;0.02411;800000;10077854856;S
20240409;100018;0.02411;1000000;10077854857;S
20240409;100018;0.024105;27980000;10077854858;S
20240409;100018;0.024105;1000000;10077854859;S
20240409;100018;0.0241;19020000;10077854860;S
20240409;100019;0.024115;40000;10077855064;B
20240409;100019;0.024115;500000;10077855077;B
20240409;100020;0.024105;10000;10077855197;S
20240409;100020;0.024105;30000;10077855295;S
20240409;100020;0.024105;20000;10077855378;S
20240409;100020;0.024105;20000;10077855419;S
20240409;100021;0.024105;920000;10077855455;S
20240409;100021;0.0241;2080000;10077855456;S
20240409;100021;0.024105;10000;10077855621;S
20240409;100024;0.024105;10000;10077856567;S
20240409;100025;0.024115;10000;10077856690;B
20240409;100025;0.024115;30000;10077856691;B
20240409;100025;0.024115;50000;10077856824;B
20240409;100025;0.024115;10000;10077856825;B
20240409;100026;0.024105;10000;10077856893;S
20240409;100026;0.024105;20000;10077856991;S
20240409;100026;0.024105;950000;10077857034;S
20240409;100026;0.0241;3060000;10077857035;S
20240409;100027;0.02411;20000;10077857260;B
20240409;100027;0.024105;10000;10077857413;S
20240409;100027;0.02411;2780000;10077857427;B
20240409;100027;0.02411;50000;10077857457;S
20240409;100028;0.024115;30000;10077857659;B
20240409;100029;0.024115;10000;10077857922;B
20240409;100031;0.02411;2170000;10077858514;S
20240409;100031;0.0241;10000;10077858670;S
20240409;100032;0.0241;10000;10077859022;S
20240409;100033;0.02411;10000;10077859243;B
20240409;100034;0.0241;10000;10077859447;S
20240409;100035;0.02411;400000;10077859905;B
20240409;100035;0.02411;1000000;10077859930;B
20240409;100035;0.024105;10000;10077859947;S
20240409;100035;0.024105;10000;10077859994;S
20240409;100038;0.02411;10000;10077860523;B
20240409;100038;0.02411;21410000;10077860535;B
20240409;100038;0.02411;1000000;10077860536;B
20240409;100038;0.02411;2000000;10077860537;B
20240409;100038;0.02411;30000;10077860538;B
20240409;100038;0.024115;20000;10077860539;B
20240409;100038;0.024115;30000;10077860540;B
20240409;100038;0.024115;10000;10077860541;B
20240409;100038;0.024115;8330000;10077860542;B
20240409;100038;0.024115;60000;10077860543;B
20240409;100038;0.024115;20000;10077860544;B
20240409;100038;0.024115;5550000;10077860545;B
20240409;100038;0.024115;1000000;10077860546;B
20240409;100038;0.024115;1630000;10077860547;B
20240409;100038;0.024115;70000;10077860548;B
20240409;100038;0.024115;60000;10077860549;B
20240409;100038;0.024115;2800000;10077860550;B
20240409;100038;0.02412;4730000;10077860551;B
20240409;100038;0.02412;80000;10077860552;B
20240409;100038;0.02412;1000000;10077860553;B
20240409;100038;0.02412;3380000;10077860554;B
20240409;100038;0.02411;1000000;10077860631;S
20240409;100038;0.024105;10000;10077860647;S
20240409;100038;0.02411;80000;10077860686;B
20240409;100040;0.024105;10000;10077861033;S
20240409;100040;0.02411;500000;10077861195;B
20240409;100040;0.024105;10000;10077861220;S
20240409;100041;0.024105;50000;10077861540;S
20240409;100041;0.024105;1000000;10077861541;S
20240409;100041;0.0241;3630000;10077861542;S
20240409;100042;0.02411;10000;10077861791;B
20240409;100043;0.024105;10000;10077861933;S
20240409;100044;0.024105;5000000;10077862265;B
20240409;100044;0.02411;13680000;10077862266;B
20240409;100044;0.02411;2800000;10077862267;B
20240409;100044;0.02411;11000000;10077862268;B
20240409;100044;0.02411;1000000;10077862269;B
20240409;100044;0.024115;4170000;10077862270;B
20240409;100044;0.024115;2550000;10077862271;B
20240409;100044;0.024105;1000000;10077862346;S
20240409;100044;0.0241;9000000;10077862347;S
20240409;100044;0.024105;1000000;10077862362;S
20240409;100044;0.024105;4580000;10077862381;B
20240409;100044;0.02411;420000;10077862382;B
20240409;100044;0.024105;10000;10077862441;S
20240409;100045;0.024115;100000;10077862648;B
20240409;100045;0.024105;10000;10077862709;S
20240409;100046;0.024105;980000;10077862804;S
20240409;100046;0.024105;2800000;10077862805;S
20240409;100046;0.0241;6220000;10077862806;S
20240409;100046;0.0241;10000;10077863080;S
20240409;100047;0.024105;10000;10077863389;B
20240409;100047;0.0241;5000000;10077863464;S
20240409;100048;0.0241;10000;10077863719;S
20240409;100048;0.024105;30000;10077863946;B
20240409;100051;0.0241;10000;10077864870;S
20240409;100051;0.0241;5000000;10077864878;S
20240409;100051;0.0241;10000;10077864933;S
20240409;100051;0.0241;10000;10077865116;S
20240409;100055;0.024105;50000;10077866319;B
20240409;100055;0.02411;30000;10077866320;B
20240409;100055;0.0241;500000;10077866408;S
20240409;100056;0.0241;10000;10077866643;S
20240409;100056;0.0241;50000;10077866665;S
20240409;100056;0.0241;10000;10077866792;S
20240409;100057;0.0241;10000;10077866828;S
20240409;100057;0.0241;1010000;10077867139;S
20240409;100058;0.0241;144860000;10077867389;S
20240409;100058;0.0241;5140000;10077867390;S
20240409;100058;0.0241;10000;10077867488;S
20240409;100101;0.0241;30000;10077868365;S
20240409;100101;0.02411;100000;10077868416;B
20240409;100102;0.02411;320000;10077868985;B
20240409;100102;0.02411;10000;10077869013;B
20240409;100102;0.0241;4820000;10077869078;S
20240409;100102;0.0241;11200000;10077869079;S
20240409;100102;0.0241;1500000;10077869080;S
20240409;100103;0.024095;10000;10077869305;B
20240409;100104;0.024095;20000;10077869474;B
20240409;100104;0.024095;70000;10077869578;B
20240409;100105;0.02409;10000;10077869860;S
20240409;100105;0.024095;900000;10077869923;B
20240409;100105;0.024095;5000000;10077869924;B
20240409;100105;0.024095;2800000;10077869925;B
20240409;100105;0.024095;6000000;10077869926;B
20240409;100105;0.024095;2670000;10077869927;B
20240409;100105;0.024095;4170000;10077869928;B
20240409;100105;0.024095;8330000;10077869929;B
20240409;100105;0.0241;540000;10077869930;B
20240409;100106;0.02409;70000;10077870101;S
20240409;100106;0.02409;10000;10077870284;B
20240409;100106;0.02408;650000;10077870317;S
20240409;100106;0.02408;350000;10077870318;S
20240409;100106;0.02408;20000;10077870325;S
20240409;100107;0.02409;990000;10077870499;B
20240409;100107;0.024095;650000;10077870500;B
20240409;100107;0.02408;10000;10077870602;S
20240409;100107;0.02409;10000;10077870607;B
20240409;100108;0.02408;140000;10077870959;S
20240409;100109;0.02408;10000;10077870991;S
20240409;100110;0.024085;20000;10077871523;S
20240409;100110;0.02408;310000;10077871524;S
20240409;100111;0.024075;1000000;10077871885;S
20240409;100111;0.024075;20000;10077871886;S
20240409;100111;0.024075;2800000;10077871887;S
20240409;100111;0.024075;6000000;10077871888;S
20240409;100111;0.024075;5700000;10077871889;S
20240409;100111;0.02407;4480000;10077871890;S
20240409;100111;0.024075;1000000;10077871893;S
20240409;100111;0.024075;5700000;10077871894;S
20240409;100111;0.02407;520000;10077871895;S
20240409;100111;0.02407;2780000;10077871896;S
20240409;100114;0.024075;20000;10077872618;S
20240409;100114;0.02409;30000;10077872747;B
20240409;100115;0.024075;270000;10077873037;S
20240409;100115;0.024075;270000;10077873113;S
20240409;100116;0.024075;270000;10077873421;S
20240409;100118;0.02409;10000;10077873966;B
20240409;100121;0.02409;10000;10077875280;B
20240409;100122;0.024075;170000;10077875552;S
20240409;100122;0.024075;2900000;10077875553;S
20240409;100122;0.024075;190000;10077875604;S
20240409;100123;0.02409;10000;10077875948;B
20240409;100127;0.02408;100000;10077877114;S
20240409;100127;0.024075;1000000;10077877115;S
20240409;100127;0.024075;2380000;10077877116;S
20240409;100127;0.02407;2920000;10077877117;S
20240409;100127;0.02407;1000000;10077877118;S
20240409;100127;0.02407;10000;10077877119;S
20240409;100127;0.02407;2590000;10077877120;S
20240409;100128;0.024075;50000;10077877444;S
20240409;100128;0.02407;3410000;10077877445;S
20240409;100128;0.02407;2140000;10077877446;S
20240409;100131;0.024075;1000000;10077877948;B
20240409;100131;0.024075;1500000;10077877949;B
20240409;100131;0.024065;300000;10077877988;S
20240409;100131;0.024065;5700000;10077877989;S
20240409;100131;0.024065;1000000;10077877990;S
20240409;100131;0.024065;10000;10077877991;S
20240409;100131;0.024065;20000;10077877992;S
20240409;100131;0.024065;2800000;10077877993;S
20240409;100131;0.02406;5700000;10077877994;S
20240409;100131;0.02406;10000;10077877995;S
20240409;100131;0.02406;10000;10077877996;S
20240409;100131;0.02406;10000;10077877997;S
20240409;100131;0.02406;10000;10077877998;S
20240409;100131;0.02406;10000;10077877999;S
20240409;100131;0.02406;10000;10077878000;S
20240409;100131;0.02406;10000;10077878001;S
20240409;100131;0.02406;10000;10077878002;S
20240409;100131;0.02406;790000;10077878003;S
20240409;100132;0.02406;1000000;10077878450;S
20240409;100132;0.02406;1000000;10077878451;S
20240409;100132;0.02407;600000;10077878576;B
20240409;100133;0.02407;20000;10077878987;B
20240409;100134;0.02406;1000000;10077879129;S
20240409;100134;0.024055;2000000;10077879130;S
20240409;100136;0.024065;10000;10077879684;B
20240409;100136;0.02407;10000;10077879685;B
20240409;100136;0.024065;10000;10077879769;B
20240409;100136;0.024055;20000;10077879829;S
20240409;100137;0.024065;220000;10077879851;B
20240409;100137;0.024065;50000;10077880061;B
20240409;100138;0.024065;10000;10077880342;B
20240409;100138;0.024055;700000;10077880407;S
20240409;100139;0.024055;160000;10077880449;S
20240409;100139;0.024065;10000;10077880573;B
20240409;100139;0.024065;40000;10077880705;B
20240409;100141;0.024065;60000;10077880977;B
20240409;100141;0.02406;50000;10077880978;S
20240409;100141;0.024065;100000;10077881133;B
20240409;100142;0.024065;840000;10077881281;B
20240409;100142;0.024065;1570000;10077881282;B
20240409;100144;0.02407;1000000;10077881667;B
20240409;100145;0.02406;20000;10077881785;S
20240409;100145;0.02407;10000;10077881852;B
20240409;100145;0.02407;1000000;10077881941;B
20240409;100145;0.02407;800000;10077881942;B
20240409;100145;0.024075;10000;10077881974;B
20240409;100146;0.024065;10000;10077882074;B
20240409;100146;0.02406;10000;10077882185;S
20240409;100147;0.024065;40000;10077882384;B
20240409;100147;0.024065;40000;10077882434;B
20240409;100148;0.02406;20000;10077882603;S
20240409;100148;0.02406;20000;10077882604;S
20240409;100150;0.024065;10000;10077883075;B
20240409;100150;0.024065;150000;10077883167;B
20240409;100150;0.02406;40000;10077883194;S
20240409;100151;0.02406;50000;10077883342;S
20240409;100153;0.02406;110000;10077883750;S
20240409;100153;0.02406;2580000;10077883876;S
20240409;100153;0.02406;1000000;10077883877;S
20240409;100153;0.024055;2820000;10077883878;S
20240409;100153;0.024055;1000000;10077883879;S
20240409;100153;0.024055;4170000;10077883880;S
20240409;100153;0.02405;1250000;10077883881;S
20240409;100153;0.02405;20000;10077883882;S
20240409;100153;0.02405;50000000;10077883883;S
20240409;100153;0.02405;5700000;10077883884;S
20240409;100153;0.02405;10000;10077883885;S
20240409;100153;0.02405;120000;10077883886;S
20240409;100153;0.02405;6000000;10077883887;S
20240409;100153;0.02405;100000;10077883888;S
20240409;100153;0.02405;1000000;10077883889;S
20240409;100153;0.02405;10000;10077883890;S
20240409;100153;0.02405;4220000;10077883891;S
20240409;100154;0.02406;100000;10077883929;B
20240409;100155;0.02405;780000;10077884278;S
20240409;100155;0.02405;1530000;10077884279;S
20240409;100155;0.02405;100000;10077884280;S
20240409;100155;0.02405;1000000;10077884281;S
20240409;100155;0.02405;5700000;10077884282;S
20240409;100155;0.024045;5700000;10077884283;S
20240409;100155;0.024045;1000000;10077884284;S
20240409;100155;0.024045;6000000;10077884285;S
20240409;100155;0.024045;1000000;10077884286;S
20240409;100155;0.024045;11210000;10077884287;S
20240409;100155;0.024045;3010000;10077884288;S
20240409;100155;0.024045;20970000;10077884289;S
20240409;100155;0.024045;2800000;10077884290;S
20240409;100155;0.024045;4170000;10077884291;S
20240409;100155;0.02404;10000;10077884292;S
20240409;100155;0.02404;20000;10077884293;S
20240409;100156;0.024055;1000000;10077884336;B
20240409;100157;0.024045;320000;10077884569;S
20240409;100157;0.02406;10000;10077884733;B
20240409;100159;0.02406;10000;10077885106;B
20240409;100159;0.024055;50000;10077885119;B
20240409;100200;0.024045;70000;10077885372;S
20240409;100200;0.024055;10000;10077885450;B
20240409;100200;0.024045;1000000;10077885455;S
20240409;100200;0.024045;10000;10077885456;S
20240409;100200;0.02404;260000;10077885457;S
20240409;100201;0.024055;2740000;10077885761;B
20240409;100201;0.024055;260000;10077885762;B
20240409;100201;0.024055;10000;10077885810;B
20240409;100201;0.024055;10000;10077885824;B
20240409;100202;0.024065;100000;10077885979;B
20240409;100202;0.024065;100000;10077886014;B
20240409;100202;0.024065;100000;10077886041;B
20240409;100202;0.024065;100000;10077886066;B
20240409;100203;0.024065;350000;10077886103;B
20240409;100203;0.024065;1000000;10077886104;B
20240409;100203;0.024065;100000;10077886105;B
20240409;100203;0.02407;1000000;10077886106;B
20240409;100203;0.02407;200000;10077886107;B
20240409;100203;0.02407;6000000;10077886108;B
20240409;100203;0.02407;4440000;10077886109;B
20240409;100203;0.02407;1540000;10077886110;B
20240409;100203;0.024075;100000;10077886145;B
20240409;100203;0.024075;100000;10077886181;B
20240409;100203;0.024075;30000;10077886234;B
20240409;100204;0.024065;1000000;10077886400;S
20240409;100204;0.024075;10000;10077886431;B
20240409;100204;0.024065;20000;10077886481;S
20240409;100206;0.02407;40000;10077886926;S
20240409;100206;0.02407;560000;10077887026;S
20240409;100206;0.024065;40000;10077887032;S
20240409;100207;0.024075;10000;10077887147;B
20240409;100207;0.024075;10000;10077887148;B
20240409;100207;0.02408;30000;10077887149;B
20240409;100211;0.02408;130000;10077887978;B
20240409;100217;0.024065;1000000;10077889517;S
20240409;100217;0.024075;10000;10077889690;B
20240409;100218;0.024075;2000000;10077889944;B
20240409;100219;0.02407;70000;10077890009;B
20240409;100219;0.02407;130000;10077890127;B
20240409;100219;0.02407;870000;10077890128;B
20240409;100219;0.024065;5000000;10077890143;S
20240409;100219;0.024065;2800000;10077890144;S
20240409;100219;0.024065;2200000;10077890145;S
20240409;100220;0.024065;50000;10077890235;S
20240409;100222;0.02407;10000;10077890732;B
20240409;100222;0.02407;60000;10077890750;B
20240409;100222;0.02407;10000;10077890768;B
20240409;100223;0.02407;50000;10077890804;B
20240409;100224;0.024065;10000;10077891205;S
20240409;100224;0.02406;2280000;10077891206;S
20240409;100226;0.024075;50000;10077891635;B
20240409;100226;0.024075;10000;10077891656;B
20240409;100227;0.024075;50000;10077891840;B
20240409;100228;0.024075;10000;10077892093;B
20240409;100228;0.02407;20000;10077892256;S
20240409;100229;0.024075;750000;10077892447;B
20240409;100230;0.024075;40000;10077892548;B
20240409;100230;0.02407;1240000;10077892607;S
20240409;100231;0.02407;450000;10077892782;S
20240409;100233;0.02407;620000;10077893199;S
20240409;100233;0.02407;1840000;10077893260;S
20240409;100233;0.02407;8160000;10077893261;S
20240409;100235;0.02407;1000000;10077893609;S
20240409;100237;0.024075;20000;10077894054;B
20240409;100238;0.024075;30000;10077894186;B
20240409;100241;0.02407;130000;10077894758;S
20240409;100241;0.024075;90000;10077894852;B
20240409;100241;0.024075;210000;10077894853;B
20240409;100242;0.024075;10000;10077895089;B
20240409;100244;0.02407;10000;10077895398;S
20240409;100244;0.024075;10000;10077895540;B
20240409;100247;0.024075;10000;10077895999;B
20240409;100248;0.024075;100000;10077896352;B
20240409;100249;0.024075;20000;10077896480;B
20240409;100249;0.024075;30000;10077896524;B
20240409;100251;0.024075;10000;10077897005;B
20240409;100251;0.024075;1660000;10077897015;B
20240409;100251;0.024075;10000;10077897319;B
20240409;100252;0.024075;210000;10077897594;B
20240409;100253;0.02407;50000;10077897643;S
20240409;100253;0.024075;1300000;10077897830;B
20240409;100254;0.024075;500000;10077897947;B
20240409;100255;0.02407;10000;10077898130;S
20240409;100255;0.024075;300000;10077898242;B
20240409;100256;0.024075;10000;10077898297;B
20240409;100257;0.02407;2670000;10077898633;S
20240409;100257;0.024075;500000;10077898669;B
20240409;100258;0.024075;10000;10077898801;B
20240409;100301;0.02407;600000;10077899257;S
20240409;100301;0.02407;200000;10077899261;S
20240409;100302;0.02407;110000;10077899498;S
20240409;100302;0.024075;10000000;10077899548;B
20240409;100303;0.02407;10000;10077899583;S
20240409;100303;0.024075;190000;10077899606;B
20240409;100303;0.024075;500000;10077899630;B
20240409;100303;0.024075;30000;10077899643;B
20240409;100304;0.024075;50000;10077900045;B
20240409;100304;0.024075;1230000;10077900050;B
20240409;100305;0.024075;120000;10077900217;B
20240409;100306;0.02407;10000;10077900350;S
20240409;100306;0.02407;90000;10077900366;S
20240409;100306;0.02407;290000;10077900367;S
20240409;100306;0.024075;30000;10077900377;B
20240409;100308;0.02407;20000;10077900731;S
20240409;100308;0.024075;10000;10077900793;B
20240409;100308;0.024075;40000;10077900803;B
20240409;100309;0.024075;10000;10077901111;B
20240409;100310;0.024075;500000;10077901345;B
20240409;100311;0.02407;10000;10077901418;S
20240409;100312;0.024075;100000;10077901681;B
20240409;100312;0.02407;500000;10077901727;S
20240409;100313;0.02407;10000;10077901938;S
20240409;100314;0.024075;20000;10077902307;B
20240409;100314;0.024075;2450000;10077902560;B
20240409;100315;0.02407;7500000;10077902764;S
20240409;100315;0.02407;1250000;10077902765;S
20240409;100315;0.02407;500000;10077902766;S
20240409;100315;0.02407;70000;10077902767;S
20240409;100315;0.02407;2800000;10077902768;S
20240409;100315;0.02407;5000000;10077902769;S
20240409;100315;0.02407;2120000;10077902770;S
20240409;100315;0.02407;10000;10077902771;S
20240409;100315;0.02407;40000;10077902772;S
20240409;100315;0.02407;630000;10077902773;S
20240409;100315;0.02407;4170000;10077902774;S
20240409;100315;0.02407;1000000;10077902775;S
20240409;100315;0.02407;6000000;10077902776;S
20240409;100315;0.024065;220000000;10077902777;S
20240409;100315;0.024065;1000000;10077902778;S
20240409;100315;0.024065;50000;10077902779;S
20240409;100315;0.024065;6000000;10077902780;S
20240409;100315;0.024065;3000000;10077902781;S
20240409;100315;0.024065;9780000;10077902782;S
20240409;100315;0.024065;400000;10077902783;S
20240409;100315;0.02406;7720000;10077902784;S
20240409;100315;0.02406;10000000;10077902785;S
20240409;100315;0.02406;1000000;10077902786;S
20240409;100315;0.02406;6000000;10077902787;S
20240409;100315;0.02406;5700000;10077902788;S
20240409;100315;0.02406;11210000;10077902789;S
20240409;100315;0.024055;1000000;10077902790;S
20240409;100315;0.024055;70000;10077902791;S
20240409;100315;0.024055;6000000;10077902792;S
20240409;100315;0.024055;5700000;10077902793;S
20240409;100315;0.02405;1000000;10077902794;S
20240409;100315;0.02405;6000000;10077902795;S
20240409;100315;0.02405;5700000;10077902796;S
20240409;100315;0.02405;10000;10077902797;S
20240409;100315;0.02405;30000000;10077902798;S
20240409;100315;0.02405;1500000;10077902799;S
20240409;100315;0.02405;14120000;10077902800;S
20240409;100315;0.024045;1000000;10077902801;S
20240409;100315;0.024045;5700000;10077902802;S
20240409;100315;0.024045;6000000;10077902803;S
20240409;100315;0.024045;26000000;10077902804;S
20240409;100315;0.024045;5000000;10077902805;S
20240409;100315;0.024045;35000000;10077902806;S
20240409;100315;0.024045;30000000;10077902807;S
20240409;100315;0.024045;10000;10077902808;S
20240409;100315;0.02404;220000;10077902809;S
20240409;100315;0.02404;5700000;10077902810;S
20240409;100315;0.02404;10000;10077902811;S
20240409;100315;0.02404;10000;10077902812;S
20240409;100315;0.02404;20000;10077902813;S
20240409;100315;0.02404;6000000;10077902814;S
20240409;100315;0.02404;1000000;10077902815;S
20240409;100315;0.02404;10000;10077902816;S
20240409;100315;0.02404;50000;10077902817;S
20240409;100315;0.02404;7500000;10077902818;S
20240409;100315;0.024035;180000;10077902819;S
20240409;100315;0.024035;5700000;10077902820;S
20240409;100315;0.024035;6000000;10077902821;S
20240409;100315;0.024035;1000000;10077902822;S
20240409;100315;0.024035;1000000;10077902823;S
20240409;100315;0.02403;2500000;10077902824;S
20240409;100315;0.02403;2500000;10077902825;S
20240409;100315;0.02403;16500000;10077902826;S
20240409;100315;0.02403;2000000;10077902827;S
20240409;100315;0.02403;5700000;10077902828;S
20240409;100315;0.02403;10000;10077902829;S
20240409;100315;0.02403;10000;10077902830;S
20240409;100315;0.02403;20000;10077902831;S
20240409;100315;0.02403;2500000;10077902832;S
20240409;100315;0.02403;6000000;10077902833;S
20240409;100315;0.02403;1000000;10077902834;S
20240409;100315;0.02403;10000;10077902835;S
20240409;100315;0.02403;9520000;10077902836;S
20240409;100315;0.02404;5000000;10077902847;S
20240409;100315;0.02404;300000;10077902995;B
20240409;100315;0.02404;10000;10077903038;B
20240409;100315;0.02404;320000;10077903171;B
20240409;100316;0.024035;200000;10077903456;S
20240409;100318;0.02404;20000;10077904035;B
20240409;100319;0.02404;10000;10077904469;B
20240409;100319;0.02404;10000;10077904572;B
20240409;100320;0.02404;330000;10077904664;B
20240409;100320;0.02404;470000;10077904665;B
20240409;100321;0.02404;10000;10077904973;B
20240409;100323;0.02404;50000;10077905520;B
20240409;100324;0.02404;10000;10077905537;B
20240409;100324;0.02404;10000;10077905632;B
20240409;100324;0.02404;100000;10077905640;B
20240409;100325;0.02404;10000;10077905964;B
20240409;100325;0.02404;50000;10077905985;B
20240409;100326;0.02404;30000;10077906030;B
20240409;100326;0.024035;2930000;10077906125;S
20240409;100326;0.024035;460000;10077906126;S
20240409;100326;0.02404;5260000;10077906133;B
20240409;100326;0.02404;1000000;10077906134;B
20240409;100326;0.02404;6000000;10077906135;S
20240409;100328;0.024045;10000;10077906455;B
20240409;100328;0.024045;30000;10077906495;B
20240409;100328;0.024045;130000;10077906520;B
20240409;100330;0.024045;170000;10077906862;B
20240409;100334;0.02404;100000;10077907501;S
20240409;100334;0.024045;10000;10077907523;B
20240409;100335;0.024045;10000;10077907580;B
20240409;100335;0.024045;640000;10077907617;B
20240409;100335;0.024045;360000;10077907618;B
20240409;100336;0.024045;10000;10077907798;B
20240409;100336;0.02404;10000;10077908036;S
20240409;100339;0.024045;110000;10077908629;B
20240409;100340;0.02404;40000;10077908890;S
20240409;100341;0.02404;30000;10077909222;S
20240409;100342;0.024045;1000000;10077909521;B
20240409;100342;0.024045;10000;10077909584;B
20240409;100342;0.024045;500000;10077909688;B
20240409;100342;0.024045;4010000;10077909699;B
20240409;100342;0.024045;1000000;10077909700;B
20240409;100342;0.024045;6000000;10077909701;S
20240409;100342;0.024045;6000000;10077909702;S
20240409;100343;0.024045;100000;10077909768;S
20240409;100343;0.02405;20000;10077909882;B
20240409;100345;0.02405;10000;10077910265;B
20240409;100346;0.024045;150000;10077910441;S
20240409;100346;0.02405;40000;10077910577;B
20240409;100349;0.02405;500000;10077911092;B
20240409;100350;0.02405;70000;10077911260;B
20240409;100351;0.02405;20000;10077911690;B
20240409;100351;0.024045;30000;10077911715;S
20240409;100352;0.02405;10000;10077911768;B
20240409;100352;0.02405;500000;10077911818;B
20240409;100352;0.024045;70000;10077911862;S
20240409;100353;0.024045;10000;10077911931;S
20240409;100353;0.024045;10000;10077911944;S
20240409;100354;0.02405;110000;10077912148;B
20240409;100354;0.02405;120000;10077912286;B
20240409;100354;0.02405;210000;10077912323;B
20240409;100355;0.02405;60000;10077912395;B
20240409;100355;0.02405;10000;10077912526;B
20240409;100356;0.024045;20000;10077912617;S
20240409;100358;0.024045;680000;10077913303;S
20240409;100359;0.02405;10000;10077913602;B
20240409;100359;0.024045;10000;10077913644;S
20240409;100400;0.024045;1000000;10077913899;S
20240409;100400;0.024045;50000;10077914195;S
20240409;100401;0.02405;1590000;10077914257;B
20240409;100402;0.02405;3360000;10077914502;B
20240409;100402;0.02405;1860000;10077914503;B
20240409;100402;0.024055;5000000;10077914504;B
20240409;100402;0.02405;60000;10077914545;S
20240409;100402;0.024055;10000;10077914600;B
20240409;100402;0.02406;6000000;10077914601;B
20240409;100402;0.02406;30000000;10077914602;B
20240409;100402;0.02406;2800000;10077914603;B
20240409;100402;0.02406;2120000;10077914604;B
20240409;100402;0.024065;6000000;10077914605;B
20240409;100402;0.024065;1000000;10077914606;B
20240409;100402;0.024065;4200000;10077914607;B
20240409;100402;0.024055;50000;10077914610;S
20240409;100402;0.024055;40000;10077914691;S
20240409;100403;0.024065;1000000;10077914827;B
20240409;100404;0.02406;100000;10077915144;S
20240409;100404;0.02406;220000;10077915145;S
20240409;100405;0.024055;10000;10077915258;S
20240409;100405;0.024055;20000;10077915285;S
20240409;100408;0.024055;100000;10077915826;S
20240409;100410;0.024065;10000;10077916446;B
20240409;100412;0.024065;10000;10077916808;B
20240409;100414;0.024065;130000;10077917465;B
20240409;100415;0.024055;200000;10077917644;S
20240409;100416;0.02406;200000;10077917837;B
20240409;100416;0.024065;10000;10077917838;B
20240409;100416;0.024065;10000;10077917839;B
20240409;100416;0.024065;5000000;10077917840;B
20240409;100416;0.024065;1000000;10077917841;B
20240409;100416;0.024065;2080000;10077917842;B
20240409;100416;0.02407;1000000;10077917843;B
20240409;100416;0.02407;5700000;10077917844;B
20240409;100416;0.02407;5000000;10077917845;B
20240409;100416;0.02406;150000;10077917857;S
20240409;100420;0.024065;10000;10077919020;B
20240409;100420;0.02406;70000;10077919117;S
20240409;100421;0.024065;10000;10077919319;B
20240409;100422;0.024065;30000;10077919634;B
20240409;100423;0.024055;10000;10077919842;S
20240409;100425;0.024065;40000;10077920066;B
20240409;100426;0.024065;10000;10077920320;B
20240409;100426;0.024055;20000;10077920418;S
20240409;100427;0.024065;10000;10077920643;B
20240409;100428;0.024065;40000;10077920658;B
20240409;100429;0.024065;500000;10077921217;B
20240409;100429;0.02406;100000;10077921218;S
20240409;100429;0.02406;1900000;10077921219;S
20240409;100431;0.024065;1870000;10077921776;B
20240409;100431;0.024065;1000000;10077921777;B
20240409;100431;0.02407;130000;10077921778;B
20240409;100433;0.02407;130000;10077922047;B
20240409;100434;0.02407;500000;10077922315;B
20240409;100434;0.02406;150000;10077922327;S
20240409;100436;0.02407;10000;10077923096;B
20240409;100438;0.02407;10000;10077923805;B
20240409;100440;0.02406;50000;10077924647;S
20240409;100440;0.02406;260000;10077924648;S
20240409;100441;0.02406;200000;10077924750;S
20240409;100441;0.02406;10000;10077924947;S
20240409;100442;0.02407;220000;10077925076;B
20240409;100442;0.02407;20000;10077925077;B
20240409;100442;0.02407;260000;10077925078;B
20240409;100442;0.02407;10000;10077925118;B
20240409;100442;0.02406;100000;10077925198;S
20240409;100444;0.02407;10000;10077925623;B
20240409;100444;0.02407;160000;10077925699;B
20240409;100446;0.02406;10000;10077925961;S
20240409;100448;0.02406;420000;10077926674;S
20240409;100448;0.02406;2200000;10077926675;S
20240409;100448;0.02406;1380000;10077926676;S
20240409;100449;0.024055;10000;10077926816;S
20240409;100450;0.024055;20000;10077927129;S
20240409;100451;0.02407;80000;10077927191;B
20240409;100452;0.02407;100000;10077927369;B
20240409;100452;0.02406;220000;10077927407;S
20240409;100453;0.02407;280000;10077927690;B
20240409;100453;0.02407;220000;10077927691;B
20240409;100454;0.02407;130000;10077928010;B
20240409;100455;0.02407;10000;10077928222;B
20240409;100456;0.02406;780000;10077928631;S
20240409;100456;0.02406;2330000;10077928632;S
20240409;100456;0.02406;1000000;10077928633;S
20240409;100456;0.02406;780000;10077928634;S
20240409;100456;0.02406;10000;10077928635;S
20240409;100456;0.024055;520000;10077928636;S
20240409;100456;0.024055;10000;10077928637;S
20240409;100456;0.024055;570000;10077928638;S
20240409;100458;0.024055;20000;10077929053;S
20240409;100458;0.024065;30000;10077929152;B
20240409;100458;0.024065;970000;10077929211;B
20240409;100458;0.02407;4030000;10077929212;B
20240409;100500;0.02406;100000;10077929616;S
20240409;100501;0.02407;10000;10077929836;B
20240409;100502;0.02407;10000;10077930063;B
20240409;100502;0.02407;10000;10077930112;B
20240409;100503;0.02407;130000;10077930458;B
20240409;100503;0.02406;100000;10077930495;S
20240409;100504;0.02407;30000;10077930872;B
20240409;100504;0.02407;30000;10077930890;B
20240409;100505;0.02406;50000;10077931026;S
20240409;100505;0.02407;10000;10077931050;B
20240409;100505;0.02406;750000;10077931122;S
20240409;100505;0.02406;2460000;10077931123;S
20240409;100505;0.02406;1000000;10077931124;S
20240409;100505;0.02406;50000;10077931125;S
20240409;100505;0.024055;1230000;10077931126;S
20240409;100506;0.024055;80000;10077931236;S
20240409;100506;0.024065;2800000;10077931341;B
20240409;100506;0.024065;200000;10077931342;B
20240409;100506;0.024055;10000;10077931350;S
20240409;100507;0.024065;30000;10077931419;B
20240409;100507;0.024055;2260000;10077931428;S
20240409;100507;0.024055;5000000;10077931429;S
20240409;100507;0.024055;8330000;10077931430;S
20240409;100507;0.024055;2800000;10077931431;S
20240409;100507;0.024055;1000000;10077931432;S
20240409;100507;0.024055;3000000;10077931433;S
20240409;100507;0.024055;30000;10077931434;S
20240409;100507;0.02405;2720000;10077931435;S
20240409;100507;0.02405;9200000;10077931436;S
20240409;100507;0.02405;1000000;10077931437;S
20240409;100507;0.02405;6000000;10077931438;S
20240409;100507;0.02405;30000000;10077931439;S
20240409;100507;0.02405;2600000;10077931440;S
20240409;100507;0.024045;1000000;10077931441;S
20240409;100507;0.024045;60000;10077931442;S
20240409;100507;0.024045;10000;10077931599;S
20240409;100508;0.024055;10000;10077931818;B
20240409;100509;0.024045;50000;10077932118;S
20240409;100509;0.024045;3850000;10077932119;S
20240409;100510;0.024055;990000;10077932246;B
20240409;100510;0.024055;2800000;10077932247;B
20240409;100510;0.02406;1000000;10077932248;B
20240409;100510;0.02406;5210000;10077932249;B
20240409;100513;0.02405;10000;10077933037;S
20240409;100513;0.02405;10000;10077933038;S
20240409;100517;0.024055;40000;10077934114;B
20240409;100518;0.024055;150000;10077934405;B
20240409;100519;0.024055;10000;10077934869;B
20240409;100520;0.024045;1310000;10077934941;S
20240409;100520;0.024055;80000;10077935029;B
20240409;100524;0.024045;1500000;10077935929;S
20240409;100524;0.024045;20000;10077935999;S
20240409;100525;0.024045;50000;10077936096;S
20240409;100526;0.024055;10000;10077936481;B
20240409;100526;0.02405;1000000;10077936515;S
20240409;100526;0.02405;2520000;10077936516;S
20240409;100527;0.02405;40000;10077936630;B
20240409;100529;0.02405;140000;10077937106;B
20240409;100529;0.02405;20000;10077937122;B
20240409;100530;0.02405;1000000;10077937379;B
20240409;100532;0.02405;7930000;10077937574;B
20240409;100534;0.024045;10000;10077938054;S
20240409;100535;0.02405;100000;10077938160;B
20240409;100535;0.02405;20000;10077938277;B
20240409;100535;0.02405;320000;10077938319;B
20240409;100539;0.02405;10000;10077939516;B
20240409;100540;0.024045;1000000;10077939920;S
20240409;100541;0.02405;16900000;10077940071;B
20240409;100541;0.024055;1000000;10077940072;B
20240409;100541;0.024055;2800000;10077940073;B
20240409;100541;0.024055;2520000;10077940074;B
20240409;100541;0.02406;25130000;10077940075;B
20240409;100541;0.024065;770000;10077940196;B
20240409;100541;0.02407;230000;10077940197;B
20240409;100542;0.024065;30000;10077940489;B
20240409;100543;0.024055;2000000;10077940792;S
20240409;100544;0.024065;500000;10077940912;B
20240409;100546;0.024055;300000;10077941371;S
20240409;100547;0.024065;250000;10077941515;B
20240409;100548;0.024065;10000;10077941835;B
20240409;100549;0.024065;10000;10077942232;B
20240409;100550;0.024065;20000;10077942361;B
20240409;100550;0.024055;500000;10077942390;S
20240409;100550;0.024055;4170000;10077942391;S
20240409;100550;0.024055;2530000;10077942392;S
20240409;100550;0.02405;1000000;10077942393;S
20240409;100550;0.02405;390000;10077942394;S
20240409;100550;0.02405;6000000;10077942395;S
20240409;100550;0.02405;30000;10077942396;S
20240409;100550;0.02405;15110000;10077942397;S
20240409;100550;0.02405;20000;10077942483;S
20240409;100551;0.02405;200000;10077942599;S
20240409;100551;0.02406;120000;10077942631;B
20240409;100551;0.02406;100000;10077942676;B
20240409;100554;0.02406;780000;10077943422;B
20240409;100554;0.024065;180000;10077943423;B
20240409;100554;0.024065;10000;10077943424;B
20240409;100554;0.024065;690000;10077943425;B
20240409;100555;0.024065;1000000;10077943538;B
20240409;100556;0.024065;40000;10077943869;B
20240409;100557;0.024065;10000;10077944080;B
20240409;100557;0.024065;500000;10077944147;B
20240409;100558;0.02406;50000;10077944395;S
20240409;100600;0.02406;150000;10077944823;S
20240409;100600;0.024055;1420000;10077944824;S
20240409;100601;0.024065;10000;10077944935;B
20240409;100601;0.02405;4670000;10077945129;S
20240409;100601;0.02405;20000;10077945130;S
20240409;100601;0.02405;1000000;10077945131;S
20240409;100601;0.02405;4170000;10077945132;S
20240409;100601;0.02405;1350000;10077945133;S
20240409;100601;0.02405;11840000;10077945134;S
20240409;100601;0.02405;3070000;10077945135;S
20240409;100601;0.02405;2800000;10077945136;S
20240409;100601;0.02405;2490000;10077945137;S
20240409;100601;0.024045;10000;10077945138;S
20240409;100601;0.024045;13580000;10077945139;S
20240409;100604;0.02406;10000;10077945943;B
20240409;100605;0.024055;20700000;10077946088;S
20240409;100605;0.024055;2800000;10077946089;S
20240409;100605;0.024055;2460000;10077946090;S
20240409;100605;0.02405;4170000;10077946091;S
20240409;100605;0.02405;270000;10077946092;S
20240409;100605;0.02406;10000;10077946128;B
20240409;100606;0.02406;10000;10077946382;B
20240409;100607;0.02406;30000;10077946477;B
20240409;100609;0.02406;940000;10077947062;B
20240409;100609;0.02406;60000;10077947063;B
20240409;100609;0.02406;10000;10077947090;B
20240409;100610;0.02405;10000;10077947108;S
20240409;100610;0.02406;30000;10077947135;B
20240409;100610;0.02406;20000;10077947139;B
20240409;100610;0.02406;200000;10077947291;B
20240409;100610;0.02405;720000;10077947302;S
20240409;100610;0.02405;340000;10077947303;S
20240409;100610;0.02406;20000;10077947313;B
20240409;100612;0.02406;50000;10077947605;B
20240409;100613;0.02405;130000;10077947998;S
20240409;100614;0.02406;10000;10077948310;B
20240409;100615;0.02406;20000;10077948763;B
20240409;100616;0.02406;550000;10077948984;B
20240409;100617;0.02405;400000;10077949076;S
20240409;100619;0.024055;10000;10077949565;B
20240409;100619;0.024055;10000;10077949613;B
20240409;100619;0.02405;110000;10077949684;S
20240409;100620;0.024055;1020000;10077949892;B
20240409;100620;0.024055;2410000;10077949893;B
20240409;100620;0.02406;170000;10077949894;B
20240409;100620;0.02406;400000;10077949895;B
20240409;100621;0.02406;50000;10077950177;B
20240409;100622;0.02406;10000;10077950468;B
20240409;100623;0.02406;10000;10077950612;B
20240409;100623;0.02406;10000;10077950624;B
20240409;100626;0.02405;10000;10077951403;S
20240409;100626;0.02405;3180000;10077951405;S
20240409;100626;0.02405;80000;10077951406;S
20240409;100626;0.02405;1000000;10077951407;S
20240409;100626;0.02405;2800000;10077951408;S
20240409;100626;0.02405;100000;10077951409;S
20240409;100626;0.02405;4000000;10077951410;S
20240409;100626;0.024045;17920000;10077951411;S
20240409;100626;0.024045;1000000;10077951412;S
20240409;100626;0.024045;20000;10077951413;S
20240409;100626;0.024045;3000000;10077951414;S
20240409;100626;0.024045;6000000;10077951415;S
20240409;100626;0.024045;500000;10077951416;S
20240409;100626;0.024045;30000;10077951417;S
20240409;100626;0.024045;190000;10077951418;S
20240409;100626;0.024045;2400000;10077951419;S
20240409;100626;0.02404;27780000;10077951420;S
20240409;100627;0.024055;10000;10077951760;B
20240409;100627;0.02405;3200000;10077951825;S
20240409;100629;0.024055;200000;10077952049;B
20240409;100629;0.02406;920000;10077952050;B
20240409;100629;0.02406;70000;10077952051;B
20240409;100629;0.02406;810000;10077952052;B
20240409;100629;0.02406;10000;10077952196;B
20240409;100631;0.02406;1180000;10077952725;B
20240409;100631;0.02406;30000;10077952726;B
20240409;100631;0.02406;1000000;10077952727;B
20240409;100631;0.024065;6690000;10077952728;B
20240409;100631;0.024065;160000;10077952729;B
20240409;100637;0.024055;110000;10077954328;S
20240409;100638;0.024055;180000;10077954491;S
20240409;100639;0.02406;20000;10077954845;B
20240409;100640;0.02406;50000;10077954987;B
20240409;100640;0.02406;930000;10077954996;B
20240409;100640;0.02406;2360000;10077954997;B
20240409;100640;0.02406;40000;10077954998;B
20240409;100640;0.024065;4140000;10077954999;B
20240409;100641;0.024065;10000;10077955072;B
20240409;100641;0.024065;50000;10077955156;B
20240409;100643;0.02406;390000;10077955516;B
20240409;100643;0.02406;610000;10077955517;B
20240409;100643;0.024065;1190000;10077955548;B
20240409;100643;0.024065;810000;10077955549;B
20240409;100644;0.024065;190000;10077955659;B
20240409;100644;0.024065;6000000;10077955660;B
20240409;100644;0.024065;5700000;10077955661;B
20240409;100644;0.024065;2420000;10077955662;B
20240409;100644;0.024065;5790000;10077955663;B
20240409;100644;0.024065;5430000;10077955779;B
20240409;100644;0.024065;250000;10077955780;B
20240409;100644;0.024065;30630000;10077955781;B
20240409;100644;0.024065;1000000;10077955782;B
20240409;100644;0.024065;6000000;10077955783;B
20240409;100644;0.024065;4690000;10077955784;B
20240409;100645;0.024065;10000;10077955907;B
20240409;100646;0.024065;10000;10077956114;B
20240409;100646;0.02406;20000;10077956174;S
20240409;100646;0.024055;30000;10077956175;S
20240409;100646;0.024065;20000;10077956292;B
20240409;100647;0.024065;5000000;10077956424;B
20240409;100648;0.024065;30000;10077956547;B
20240409;100648;0.024055;60000;10077956679;S
20240409;100649;0.024055;10000;10077956783;S
20240409;100649;0.024055;610000;10077956836;S
20240409;100649;0.024055;10000;10077956837;S
20240409;100649;0.024055;470000;10077956838;S
20240409;100650;0.024065;10000;10077957210;B
20240409;100653;0.024065;6140000;10077957799;B
20240409;100653;0.024065;1000000;10077957800;B
20240409;100653;0.024065;2800000;10077957801;B
20240409;100653;0.02407;8940000;10077957802;B
20240409;100654;0.024065;1000000;10077958118;B
20240409;100654;0.024065;11220000;10077958119;B
20240409;100654;0.024065;2360000;10077958120;B
20240409;100654;0.02407;5420000;10077958121;B
20240409;100654;0.02406;1000000;10077958122;S
20240409;100654;0.02406;1000000;10077958123;S
20240409;100655;0.024065;1000000;10077958455;B
20240409;100655;0.024055;100000;10077958487;S
20240409;100656;0.024055;430000;10077958714;S
20240409;100656;0.024055;10000;10077958715;S
20240409;100656;0.024055;20000;10077958716;S
20240409;100657;0.024065;40000;10077958752;B
20240409;100658;0.02406;30000;10077959131;B
20240409;100658;0.02406;2000000;10077959134;S
20240409;100659;0.024055;2800000;10077959374;S
20240409;100659;0.024055;1200000;10077959375;S
20240409;100700;0.024065;50000;10077959653;B
20240409;100700;0.024065;10000;10077959713;B
20240409;100701;0.024065;10000;10077959859;B
20240409;100702;0.024065;20000;10077960702;B
20240409;100704;0.024065;10000;10077961328;B
20240409;100705;0.02406;200000;10077961831;S
20240409;100706;0.02406;10000;10077962108;S
20240409;100707;0.024065;20000;10077962291;B
20240409;100707;0.024065;10000;10077962334;B
20240409;100709;0.024065;10000;10077962725;B
20240409;100710;0.024065;860000;10077962814;B
20240409;100710;0.024065;2800000;10077962815;B
20240409;100710;0.024065;1340000;10077962816;B
20240409;100710;0.02406;2000000;10077962817;S
20240409;100710;0.02406;50000;10077962854;S
20240409;100714;0.024065;30000;10077964010;B
20240409;100716;0.02406;700000;10077964817;B
20240409;100716;0.02406;10000;10077964921;B
20240409;100717;0.02406;20000;10077964961;B
20240409;100718;0.02406;20000;10077965272;B
20240409;100718;0.02406;10000;10077965323;B
20240409;100718;0.02406;160000;10077965359;B
20240409;100718;0.02406;10000;10077965382;B
20240409;100719;0.024055;100000;10077965441;S
20240409;100719;0.024055;10000;10077965590;S
20240409;100720;0.02406;330000;10077965706;B
20240409;100720;0.024055;890000;10077965738;S
20240409;100720;0.02405;12800000;10077965739;S
20240409;100720;0.02405;1000000;10077965740;S
20240409;100720;0.02405;30000;10077965741;S
20240409;100720;0.02405;2800000;10077965742;S
20240409;100720;0.02405;30000;10077965743;S
20240409;100720;0.02405;2430000;10077965744;S
20240409;100720;0.024045;1000000;10077965745;S
20240409;100720;0.024045;6000000;10077965746;S
20240409;100720;0.024045;3000000;10077965747;S
20240409;100720;0.02404;1280000;10077965748;S
20240409;100720;0.02404;500000;10077965749;S
20240409;100720;0.02404;1330000;10077965750;S
20240409;100720;0.02404;1000000;10077965751;S
20240409;100720;0.02404;10270000;10077965752;S
20240409;100720;0.02404;6000000;10077965753;S
20240409;100720;0.02404;10000;10077965754;S
20240409;100720;0.02404;10000;10077965755;S
20240409;100720;0.02404;10000;10077965756;S
20240409;100720;0.02404;3900000;10077965757;S
20240409;100720;0.02404;100000;10077965758;S
20240409;100720;0.02404;100000;10077965759;S
20240409;100720;0.024035;40000;10077965760;S
20240409;100720;0.024035;1000000;10077965761;S
20240409;100720;0.024035;6000000;10077965762;S
20240409;100720;0.024035;100000;10077965763;S
20240409;100720;0.024035;3500000;10077965764;S
20240409;100722;0.024045;80000;10077966118;B
20240409;100722;0.02405;1000000;10077966137;B
20240409;100722;0.024055;500000;10077966138;B
20240409;100723;0.024055;30000;10077966246;B
20240409;100724;0.024045;100000;10077966400;S
20240409;100724;0.02404;30000;10077966401;S
20240409;100726;0.02404;30000;10077967046;S
20240409;100726;0.024055;470000;10077967049;B
20240409;100726;0.024055;20000;10077967050;B
20240409;100726;0.024055;6000000;10077967051;B
20240409;100726;0.024055;2800000;10077967052;B
20240409;100726;0.024055;2370000;10077967053;B
20240409;100729;0.024065;10000;10077967505;B
20240409;100729;0.024055;12480000;10077967604;S
20240409;100729;0.024055;2520000;10077967605;S
20240409;100730;0.02406;10000;10077967633;B
20240409;100730;0.02406;10000;10077967860;B
20240409;100731;0.02406;20000;10077968099;B
20240409;100732;0.024055;20000;10077968172;S
20240409;100733;0.02406;10000;10077968500;B
20240409;100735;0.024055;2980000;10077969019;S
20240409;100735;0.02405;1000000;10077969020;S
20240409;100735;0.02405;1020000;10077969021;S
20240409;100735;0.02406;250000;10077969100;B
20240409;100736;0.02405;10000;10077969339;S
20240409;100737;0.02406;2500000;10077969568;B
20240409;100737;0.02406;140000;10077969569;B
20240409;100737;0.02406;1000000;10077969570;B
20240409;100737;0.02406;2370000;10077969571;B
20240409;100737;0.024065;620000;10077969572;B
20240409;100737;0.024065;1000000;10077969573;B
20240409;100737;0.024065;10000;10077969574;B
20240409;100737;0.024065;5010000;10077969575;B
20240409;100737;0.024065;6000000;10077969576;B
20240409;100737;0.024065;1350000;10077969577;B
20240409;100739;0.024065;10000;10077970001;B
20240409;100743;0.024065;10000;10077971208;B
20240409;100746;0.024065;20000;10077971725;B
20240409;100746;0.02406;100000;10077971883;S
20240409;100746;0.02405;90000;10077971884;S
20240409;100748;0.02405;100000;10077972285;S
20240409;100749;0.02406;90000;10077972471;B
20240409;100750;0.02406;100000;10077972724;B
20240409;100750;0.02405;20000;10077972789;S
20240409;100751;0.02406;30000;10077972890;B
20240409;100751;0.02406;20000;10077972978;B
20240409;100751;0.02406;10000;10077973006;B
20240409;100752;0.02406;50000;10077973171;B
20240409;100754;0.024055;70000;10077973589;B
20240409;100754;0.024055;20000;10077973677;B
20240409;100755;0.02405;50000;10077973953;S
20240409;100755;0.024045;70000;10077973954;S
20240409;100756;0.024055;910000;10077974326;B
20240409;100756;0.024055;2370000;10077974327;B
20240409;100756;0.024055;2800000;10077974328;B
20240409;100756;0.02406;1000000;10077974329;B
20240409;100756;0.02406;40000;10077974330;B
20240409;100756;0.02406;5000000;10077974331;B
20240409;100756;0.02406;480000;10077974332;B
20240409;100756;0.02406;7630000;10077974333;B
20240409;100756;0.024065;4310000;10077974334;B
20240409;100756;0.024065;10000;10077974335;B
20240409;100756;0.024065;10000;10077974336;B
20240409;100756;0.024065;440000;10077974337;B
20240409;100756;0.024065;30000000;10077974338;B
20240409;100756;0.024065;1000000;10077974339;B
20240409;100756;0.024065;24000000;10077974340;B
20240409;100758;0.02405;1000000;10077974643;S
20240409;100758;0.024065;310000;10077974758;B
20240409;100758;0.024065;10000;10077974759;B
20240409;100758;0.024065;100000;10077974760;B
20240409;100802;0.02405;10000;10077975697;S
20240409;100804;0.024065;500000;10077976640;B
20240409;100806;0.02405;10000;10077977044;S
20240409;100807;0.02406;10000;10077977316;B
20240409;100808;0.02405;50000;10077977419;S
20240409;100809;0.02406;60000;10077977601;B
20240409;100810;0.024055;120000;10077977900;B
20240409;100813;0.02405;100000;10077978754;S
20240409;100813;0.02405;50000;10077978834;S
20240409;100814;0.024055;10000;10077978962;B
20240409;100815;0.024055;60000;10077979164;B
20240409;100815;0.024055;10000;10077979175;B
20240409;100815;0.02405;170000;10077979195;S
20240409;100816;0.024055;10000;10077979354;B
20240409;100816;0.02405;110000;10077979484;S
20240409;100824;0.024055;1000000;10077981674;B
20240409;100824;0.024055;2800000;10077981675;B
20240409;100824;0.024055;30000;10077981676;B
20240409;100824;0.024055;90000;10077981677;B
20240409;100824;0.024055;3000000;10077981678;B
20240409;100824;0.024055;2250000;10077981679;B
20240409;100824;0.024055;90000;10077981680;B
20240409;100824;0.024055;70000;10077981681;B
20240409;100824;0.02406;670000;10077981682;B
20240409;100825;0.024055;50000;10077981819;B
20240409;100828;0.024055;10000;10077982623;B
20240409;100828;0.024055;50000;10077982624;B
20240409;100829;0.024055;10000;10077982653;B
20240409;100831;0.024055;20000;10077983225;B
20240409;100831;0.024055;120000;10077983226;B
20240409;100831;0.024055;60000;10077983227;B
20240409;100833;0.024055;50000;10077983636;B
20240409;100833;0.024055;30000;10077983637;B
20240409;100833;0.024055;20000;10077983638;B
20240409;100833;0.024055;10000;10077983639;B
20240409;100833;0.024055;50000;10077983640;B
20240409;100833;0.024055;80000;10077983641;B
20240409;100833;0.02406;2000000;10077983642;B
20240409;100833;0.02406;260000;10077983643;B
20240409;100833;0.024055;40000;10077983728;S
20240409;100834;0.02405;70000;10077983924;S
20240409;100834;0.02405;130000;10077983925;S
20240409;100835;0.02405;190000;10077984074;S
20240409;100835;0.02405;200000;10077984075;S
20240409;100835;0.02406;150000;10077984077;B
20240409;100835;0.02406;40000;10077984126;B
20240409;100835;0.02405;10000;10077984209;S
20240409;100838;0.02406;20000;10077984851;B
20240409;100840;0.02405;10000;10077985277;S
20240409;100840;0.024055;470000;10077985364;B
20240409;100840;0.024055;1500000;10077985415;B
20240409;100840;0.02405;460000;10077985489;S
20240409;100840;0.02405;2140000;10077985490;S
20240409;100840;0.02405;100000;10077985491;S
20240409;100840;0.02405;2180000;10077985492;S
20240409;100840;0.02405;2800000;10077985493;S
20240409;100840;0.024045;930000;10077985494;S
20240409;100840;0.024045;6000000;10077985495;S
20240409;100840;0.024045;390000;10077985496;S
20240409;100841;0.024055;10000;10077985623;B
20240409;100841;0.024055;10000;10077985724;B
20240409;100841;0.02405;240000;10077985919;S
20240409;100844;0.02405;10000;10077986723;S
20240409;100846;0.024055;50000;10077987239;B
20240409;100847;0.024055;10000;10077987361;B
20240409;100847;0.02405;990000;10077987390;S
20240409;100847;0.02405;200000;10077987391;S
20240409;100847;0.02405;2160000;10077987392;S
20240409;100847;0.024045;6650000;10077987393;S
20240409;100848;0.024055;40000;10077987608;B
20240409;100848;0.02405;10000;10077987635;S
20240409;100848;0.02405;40000;10077987697;S
20240409;100849;0.02405;950000;10077987899;S
20240409;100849;0.02405;50000;10077987900;S
20240409;100851;0.024055;910000;10077988219;B
20240409;100851;0.024055;10000;10077988220;B
20240409;100851;0.024055;10000;10077988221;B
20240409;100851;0.024055;2070000;10077988222;B
20240409;100853;0.024055;20000;10077988474;B
20240409;100853;0.024055;10000;10077988577;B
20240409;100853;0.024055;100000;10077988590;B
20240409;100855;0.024055;20000;10077989149;B
20240409;100856;0.02405;1000000;10077989216;S
20240409;100856;0.02405;500000;10077989217;S
20240409;100856;0.02405;2120000;10077989218;S
20240409;100856;0.02405;400000;10077989219;S
20240409;100856;0.024045;10000;10077989256;S
20240409;100858;0.02405;20000;10077989465;B
20240409;100859;0.02405;2000000;10077989755;B
20240409;100900;0.02405;30000;10077989833;B
20240409;100902;0.02405;10000;10077990139;B
20240409;100902;0.02405;20000;10077990157;B
20240409;100902;0.02405;650000;10077990188;B
20240409;100903;0.02405;10000;10077990286;B
20240409;100903;0.02405;10000;10077990372;B
20240409;100905;0.02405;20000;10077990629;B
20240409;100905;0.02405;10000;10077990687;B
20240409;100906;0.02405;1200000;10077990833;B
20240409;100906;0.024045;100000;10077990853;S
20240409;100909;0.02405;210000;10077991292;B
20240409;100911;0.02405;10000;10077991729;B
20240409;100912;0.024045;1670000;10077991945;S
20240409;100912;0.02405;900000;10077991948;B
20240409;100912;0.024045;20000;10077991978;S
20240409;100912;0.024045;10000;10077991981;S
20240409;100913;0.024045;10000;10077992195;S
20240409;100915;0.02405;10000;10077992516;B
20240409;100915;0.02405;2000000;10077992530;B
20240409;100917;0.02405;1000000;10077992896;B
20240409;100919;0.024045;50000;10077993135;S
20240409;100920;0.024045;10000;10077993357;S
20240409;100920;0.02405;40000;10077993360;B
20240409;100920;0.024045;11080000;10077993428;S
20240409;100920;0.024045;11220000;10077993429;S
20240409;100920;0.024045;1000000;10077993430;S
20240409;100920;0.024045;2130000;10077993431;S
20240409;100920;0.024045;30000;10077993432;S
20240409;100920;0.024045;2800000;10077993433;S
20240409;100920;0.024045;10000;10077993434;S
20240409;100920;0.024045;10000;10077993435;S
20240409;100920;0.024045;10000;10077993436;S
20240409;100920;0.024045;500000;10077993437;S
20240409;100920;0.02404;1000000;10077993438;S
20240409;100920;0.02404;6000000;10077993439;S
20240409;100920;0.02404;4210000;10077993440;S
20240409;100920;0.02405;10000;10077993487;B
20240409;100921;0.02405;50000;10077993656;B
20240409;100922;0.02405;20000;10077993850;B
20240409;100922;0.02405;10000;10077993929;B
20240409;100923;0.02405;20000;10077994120;B
20240409;100925;0.02405;20000;10077994461;B
20240409;100926;0.02405;10000;10077994681;B
20240409;100926;0.02405;10000;10077994719;B
20240409;100927;0.02405;460000;10077994952;B
20240409;100927;0.024045;10000;10077994964;S
20240409;100929;0.02405;10000;10077995212;B
20240409;100930;0.024045;200000;10077995481;S
20240409;100930;0.02405;10000;10077995503;B
20240409;100932;0.02405;10000;10077995793;B
20240409;100934;0.02405;10000;10077996174;B
20240409;100935;0.02405;20000;10077996492;B
20240409;100935;0.02405;1000000;10077996496;B
20240409;100936;0.02405;10000;10077996672;B
20240409;100937;0.024045;1000000;10077996739;S
20240409;100939;0.024045;620000;10077997031;S
20240409;100939;0.02405;10000;10077997100;B
20240409;100939;0.02405;220000;10077997116;B
20240409;100940;0.02405;10000;10077997252;B
20240409;100942;0.02405;380000;10077997535;B
20240409;100942;0.024045;300000;10077997684;S
20240409;100943;0.02405;10000;10077997715;B
20240409;100944;0.02405;30000;10077998074;B
20240409;100945;0.02405;20000;10077998246;B
20240409;100946;0.024045;2340000;10077998509;S
20240409;100948;0.02405;60000;10077998852;B
20240409;100948;0.024045;20000;10077998963;S
20240409;100950;0.02405;20000;10077999288;B
20240409;100951;0.02405;40000;10077999449;B
20240409;100951;0.02405;220000;10077999550;B
20240409;100951;0.02405;10000;10077999595;B
20240409;100952;0.02405;30000;10077999816;B
20240409;100952;0.02405;400000;10077999872;B
20240409;100954;0.02405;130000;10078000402;B
20240409;100955;0.02405;10000;10078000586;B
20240409;100955;0.024045;20000;10078000607;S
20240409;100955;0.02405;10000;10078000720;B
20240409;100956;0.02405;30000;10078000850;B
20240409;100958;0.02405;70000;10078001096;B
20240409;101001;0.02405;10000;10078001830;B
20240409;101002;0.024045;6710000;10078002168;S
20240409;101002;0.024045;2800000;10078002169;S
20240409;101002;0.024045;10000;10078002170;S
20240409;101002;0.024045;1000000;10078002171;S
20240409;101002;0.024045;500000;10078002172;S
20240409;101002;0.024045;260000;10078002173;S
20240409;101002;0.02404;5790000;10078002174;S
20240409;101002;0.02404;10000000;10078002175;S
20240409;101002;0.02404;10000;10078002176;S
20240409;101002;0.02404;10000;10078002177;S
20240409;101002;0.02404;1000000;10078002178;S
20240409;101002;0.02404;2070000;10078002179;S
20240409;101002;0.024035;6000000;10078002180;S
20240409;101002;0.024035;1000000;10078002181;S
20240409;101002;0.024035;3000000;10078002182;S
20240409;101002;0.024035;3840000;10078002183;S
20240409;101002;0.024035;200000;10078002184;S
20240409;101002;0.024035;30000;10078002185;S
20240409;101002;0.024035;3850000;10078002186;S
20240409;101002;0.024035;1000000;10078002187;S
20240409;101002;0.024035;10920000;10078002188;S
20240409;101003;0.024045;10000;10078002237;B
20240409;101005;0.024045;10000;10078002654;B
20240409;101007;0.024035;20000;10078003013;S
20240409;101008;0.024035;2500000;10078003205;S
20240409;101010;0.024045;310000;10078003652;B
20240409;101012;0.024035;40000;10078004011;S
20240409;101015;0.024045;10000;10078004406;B
20240409;101015;0.024045;660000;10078004582;B
20240409;101015;0.024045;3000000;10078004583;B
20240409;101015;0.024045;30000;10078004584;B
20240409;101015;0.024045;970000;10078004585;B
20240409;101015;0.024045;2040000;10078004586;B
20240409;101015;0.02405;180000;10078004587;B
20240409;101015;0.02405;500000;10078004588;B
20240409;101015;0.02405;1000000;10078004589;B
20240409;101015;0.02405;4000000;10078004590;B
20240409;101015;0.02405;290000;10078004591;B
20240409;101015;0.02405;3000000;10078004592;B
20240409;101015;0.02405;1000000;10078004593;B
20240409;101015;0.02405;120000;10078004594;B
20240409;101015;0.02405;10000;10078004595;B
20240409;101015;0.02405;10000;10078004596;B
20240409;101015;0.02405;30000;10078004597;B
20240409;101015;0.02405;40000;10078004598;B
20240409;101015;0.02405;20000;10078004599;B
20240409;101015;0.02405;30000;10078004600;B
20240409;101015;0.02405;30000;10078004601;B
20240409;101015;0.02405;40000;10078004602;B
20240409;101015;0.02405;3780000;10078004603;B
20240409;101017;0.024045;1130000;10078004895;B
20240409;101018;0.024045;20000;10078005232;B
20240409;101019;0.02404;60000;10078005307;S
20240409;101021;0.02404;10000;10078005679;S
20240409;101022;0.02404;30000;10078005881;S
20240409;101023;0.02404;10000;10078006009;S
20240409;101025;0.024045;880000;10078006340;B
20240409;101025;0.024045;1620000;10078006341;B
20240409;101025;0.024045;1250000;10078006393;B
20240409;101025;0.02404;890000;10078006433;S
20240409;101025;0.02404;2800000;10078006434;S
20240409;101025;0.02404;1000000;10078006435;S
20240409;101025;0.024035;500000;10078006436;S
20240409;101025;0.024035;1000000;10078006437;S
20240409;101025;0.024035;40000;10078006438;S
20240409;101025;0.024035;2020000;10078006439;S
20240409;101025;0.02403;10000;10078006440;S
20240409;101025;0.02403;1000000;10078006441;S
20240409;101025;0.02403;30000;10078006442;S
20240409;101025;0.02403;2340000;10078006443;S
20240409;101026;0.024035;50000;10078006698;S
20240409;101027;0.024035;2950000;10078006717;S
20240409;101027;0.024035;1000000;10078006718;S
20240409;101027;0.024035;2800000;10078006719;S
20240409;101027;0.024035;10000;10078006720;S
20240409;101027;0.02403;3660000;10078006721;S
20240409;101027;0.02403;10000;10078006722;S
20240409;101027;0.02403;20000;10078006723;S
20240409;101027;0.02403;30000;10078006724;S
20240409;101027;0.02403;30000;10078006725;S
20240409;101027;0.02403;30000;10078006726;S
20240409;101027;0.02403;20000;10078006727;S
20240409;101027;0.02403;11220000;10078006728;S
20240409;101027;0.02403;13080000;10078006729;S
20240409;101027;0.02403;1930000;10078006730;S
20240409;101027;0.02403;20000;10078006731;S
20240409;101027;0.02403;1000000;10078006732;S
20240409;101027;0.02403;2010000;10078006733;S
20240409;101027;0.024025;10000;10078006734;S
20240409;101027;0.024025;100000;10078006735;S
20240409;101027;0.024025;10000;10078006736;S
20240409;101027;0.024025;10000;10078006737;S
20240409;101027;0.024025;10000;10078006738;S
20240409;101027;0.024025;10000;10078006739;S
20240409;101027;0.024025;30000;10078006740;S
20240409;101027;0.024025;20000;10078006741;S
20240409;101027;0.024025;20000;10078006742;S
20240409;101027;0.024025;10000;10078006743;S
20240409;101027;0.024025;100000;10078006744;S
20240409;101027;0.024025;10000;10078006745;S
20240409;101027;0.024025;20000;10078006746;S
20240409;101027;0.024025;10000;10078006747;S
20240409;101027;0.024025;10000;10078006748;S
20240409;101027;0.024025;40000;10078006749;S
20240409;101027;0.024025;10000;10078006750;S
20240409;101027;0.024025;10000;10078006751;S
20240409;101027;0.024025;20000;10078006752;S
20240409;101027;0.024025;20000;10078006753;S
20240409;101027;0.024025;100000;10078006754;S
20240409;101027;0.024025;10000;10078006755;S
20240409;101027;0.024025;10000;10078006756;S
20240409;101027;0.024025;10000;10078006757;S
20240409;101027;0.024025;20000;10078006758;S
20240409;101027;0.024025;10000;10078006759;S
20240409;101027;0.024025;10000;10078006760;S
20240409;101027;0.024025;10000;10078006761;S
20240409;101027;0.024025;40000;10078006762;S
20240409;101027;0.024025;10000;10078006763;S
20240409;101027;0.024025;10000;10078006764;S
20240409;101027;0.024025;10000;10078006765;S
20240409;101027;0.024025;10000;10078006766;S
20240409;101027;0.024025;20000;10078006767;S
20240409;101027;0.024025;10000;10078006768;S
20240409;101027;0.024025;60000;10078006769;S
20240409;101027;0.024025;90000;10078006770;S
20240409;101027;0.024025;170000;10078006771;S
20240409;101027;0.024025;40000;10078006772;S
20240409;101027;0.024025;10000;10078006773;S
20240409;101027;0.024025;40000;10078006774;S
20240409;101027;0.024025;50000;10078006775;S
20240409;101027;0.024025;10000;10078006776;S
20240409;101027;0.024025;30000;10078006777;S
20240409;101027;0.024025;50000;10078006778;S
20240409;101027;0.024025;100000;10078006779;S
20240409;101027;0.024025;10000;10078006780;S
20240409;101027;0.024025;10000;10078006781;S
20240409;101027;0.024025;950000;10078006782;S
20240409;101027;0.024025;950000;10078006783;S
20240409;101027;0.024025;180000;10078006784;S
20240409;101027;0.024025;10000;10078006785;S
20240409;101027;0.024025;10000;10078006786;S
20240409;101027;0.024025;6640000;10078006787;S
20240409;101028;0.024035;3000000;10078006985;S
20240409;101028;0.02403;2450000;10078006986;S
20240409;101029;0.024035;500000;10078007286;B
20240409;101030;0.024035;2000000;10078007500;B
20240409;101030;0.02404;10000;10078007501;B
20240409;101032;0.024035;2800000;10078007752;S
20240409;101032;0.024035;560000;10078007753;S
20240409;101033;0.024045;10000;10078007856;B
20240409;101034;0.024035;70000;10078008114;S
20240409;101034;0.024045;10000;10078008175;B
20240409;101034;0.024045;20000;10078008201;B
20240409;101039;0.024045;1710000;10078008897;B
20240409;101039;0.024045;1000000;10078008898;B
20240409;101039;0.024045;1090000;10078008899;B
20240409;101040;0.02404;500000;10078009139;B
20240409;101041;0.02404;2800000;10078009303;S
20240409;101041;0.024035;930000;10078009304;S
20240409;101041;0.024035;1270000;10078009305;S
20240409;101042;0.024045;10000;10078009496;B
20240409;101042;0.024045;1490000;10078009536;B
20240409;101042;0.024045;3000000;10078009537;B
20240409;101042;0.024045;1000000;10078009538;B
20240409;101042;0.024045;1920000;10078009539;B
20240409;101042;0.02405;2220000;10078009540;B
20240409;101042;0.02405;1000000;10078009541;B
20240409;101042;0.02405;3000000;10078009542;B
20240409;101042;0.02405;9600000;10078009543;B
20240409;101042;0.02405;6000000;10078009544;S
20240409;101043;0.024055;20000;10078009638;B
20240409;101043;0.024055;10000;10078009683;B
20240409;101046;0.02405;30000;10078010051;S
20240409;101046;0.02404;1670000;10078010052;S
20240409;101046;0.02404;10000;10078010082;S
20240409;101047;0.024045;100000;10078010418;B
20240409;101047;0.024045;10000;10078010495;B
20240409;101048;0.024045;50000;10078010736;B
20240409;101049;0.024045;40000;10078010934;B
20240409;101049;0.024045;1000000;10078011013;B
20240409;101050;0.024045;1800000;10078011117;B
20240409;101050;0.024045;1000000;10078011118;B
20240409;101050;0.024045;1920000;10078011119;B
20240409;101050;0.02405;1000000;10078011120;B
20240409;101050;0.02405;2800000;10078011121;B
20240409;101050;0.02405;6000000;10078011122;B
20240409;101050;0.024055;970000;10078011123;B
20240409;101050;0.024055;90000;10078011124;B
20240409;101050;0.024055;6000000;10078011125;B
20240409;101050;0.024055;10000;10078011126;B
20240409;101050;0.024055;4170000;10078011127;B
20240409;101050;0.024055;10240000;10078011128;B
20240409;101051;0.024055;10000;10078011418;B
20240409;101052;0.024055;30000;10078011584;B
20240409;101053;0.024055;20000;10078011699;B
20240409;101056;0.024055;10000;10078012239;B
20240409;101057;0.02405;70000;10078012388;S
20240409;101101;0.02406;210000;10078013040;B
20240409;101101;0.02406;10000;10078013065;B
20240409;101102;0.02405;3000000;10078013498;S
20240409;101102;0.02405;10000;10078013499;S
20240409;101102;0.02405;10000;10078013584;S
20240409;101102;0.02406;780000;10078013602;B
20240409;101102;0.02406;90000;10078013603;B
20240409;101102;0.02406;230000;10078013604;B
20240409;101104;0.024055;70000;10078014037;S
20240409;101104;0.02405;1000000;10078014038;S
20240409;101104;0.02405;430000;10078014039;S
20240409;101104;0.02406;20000;10078014087;B
20240409;101106;0.02405;10000;10078014450;S
20240409;101106;0.024045;1000000;10078014582;S
20240409;101107;0.024055;90000;10078014859;B
20240409;101108;0.02405;1000000;10078014887;B
20240409;101109;0.024045;10000;10078015379;S
20240409;101109;0.024045;10000;10078015380;S
20240409;101109;0.02404;10000;10078015381;S
20240409;101110;0.024045;200000;10078015573;B
20240409;101115;0.02404;30000;10078016560;S
20240409;101115;0.024045;30000;10078016583;B
20240409;101116;0.024045;2000000;10078016722;B
20240409;101116;0.024045;10000;10078016774;B
20240409;101117;0.024045;10000;10078016863;B
20240409;101120;0.024045;30000;10078017404;B
20240409;101121;0.02404;350000;10078017495;S
20240409;101121;0.02404;1000000;10078017496;S
20240409;101121;0.02404;2800000;10078017497;S
20240409;101121;0.02404;10000;10078017498;S
20240409;101121;0.02404;1730000;10078017499;S
20240409;101121;0.024035;1820000;10078017500;S
20240409;101121;0.024035;400000;10078017501;S
20240409;101121;0.024035;1000000;10078017502;S
20240409;101121;0.024035;140000;10078017503;S
20240409;101121;0.024035;6000000;10078017504;S
20240409;101121;0.024035;4750000;10078017505;S
20240409;101123;0.024045;10000;10078017889;B
20240409;101123;0.024045;10000;10078018025;B
20240409;101125;0.024045;10000;10078018214;B
20240409;101127;0.02404;290000;10078018573;S
20240409;101128;0.024045;20000;10078018760;B
20240409;101129;0.024045;20000;10078018926;B
20240409;101131;0.024035;500000;10078019132;S
20240409;101131;0.024035;40000;10078019316;S
20240409;101133;0.024045;30000;10078019790;B
20240409;101134;0.024035;460000;10078019845;S
20240409;101134;0.024035;5000000;10078019846;S
20240409;101134;0.024035;4170000;10078019847;S
20240409;101134;0.024035;370000;10078019848;S
20240409;101134;0.024035;10000;10078019975;S
20240409;101135;0.024035;10000;10078020021;S
20240409;101136;0.024035;2410000;10078020219;S
20240409;101136;0.024035;1000000;10078020220;S
20240409;101136;0.024035;1000000;10078020221;S
20240409;101136;0.02403;1000000;10078020222;S
20240409;101136;0.02403;4590000;10078020223;S
20240409;101138;0.024035;650000;10078020668;S
20240409;101139;0.024045;100000;10078020839;B
20240409;101140;0.024035;20000;10078021081;S
20240409;101141;0.024045;60000;10078021193;B
20240409;101141;0.024045;10000;10078021371;B
20240409;101143;0.024045;10000;10078021630;B
20240409;101144;0.024045;20000;10078022149;B
20240409;101145;0.024045;10000;10078022162;B
20240409;101145;0.024035;10000;10078022239;S
20240409;101146;0.024035;2120000;10078022421;S
20240409;101146;0.02403;180000;10078022498;S
20240409;101147;0.024035;10000;10078022528;B
20240409;101148;0.02403;5230000;10078022719;S
20240409;101148;0.02403;2660000;10078022720;S
20240409;101148;0.02403;10000;10078022721;S
20240409;101148;0.02403;20000;10078022722;S
20240409;101148;0.02403;2800000;10078022723;S
20240409;101148;0.02403;1660000;10078022724;S
20240409;101148;0.024025;9860000;10078022725;S
20240409;101148;0.024025;30000;10078022726;S
20240409;101148;0.024025;100000;10078022727;S
20240409;101148;0.024025;20000;10078022728;S
20240409;101148;0.024025;10000;10078022729;S
20240409;101148;0.024025;1370000;10078022730;S
20240409;101148;0.024025;10000;10078022731;S
20240409;101148;0.024025;10000;10078022732;S
20240409;101148;0.024025;50000;10078022733;S
20240409;101148;0.024025;2380000;10078022734;S
20240409;101148;0.024025;590000;10078022735;S
20240409;101148;0.024025;10000;10078022736;S
20240409;101148;0.024025;1000000;10078022737;S
20240409;101148;0.024025;5320000;10078022738;S
20240409;101148;0.024025;100000;10078022764;S
20240409;101149;0.024025;500000;10078022846;S
20240409;101152;0.024035;10000;10078023218;B
20240409;101155;0.024025;10000;10078023669;S
20240409;101156;0.024035;30000;10078023929;B
20240409;101156;0.024035;10000;10078023957;B
20240409;101156;0.024025;1000000;10078023977;S
20240409;101156;0.024025;100000;10078023978;S
20240409;101156;0.024025;50000;10078023979;S
20240409;101156;0.024025;10000;10078023980;S
20240409;101156;0.024025;6510000;10078023981;S
20240409;101159;0.024025;490000;10078024514;S
20240409;101159;0.024035;20000;10078024570;B
20240409;101201;0.024025;500000;10078024897;S
20240409;101203;0.024025;10000000;10078025451;S
20240409;101204;0.02403;20000;10078025641;B
20240409;101205;0.02403;20000;10078025764;B
20240409;101206;0.024035;200000;10078026059;B
20240409;101209;0.02403;10000;10078026649;S
20240409;101209;0.024035;50000;10078026738;B
20240409;101211;0.02403;190000;10078027136;S
20240409;101211;0.02403;10000;10078027238;S
20240409;101212;0.024035;10000;10078027343;B
20240409;101212;0.02403;320000;10078027421;S
20240409;101213;0.02403;50000;10078027510;S
20240409;101213;0.024035;40000;10078027607;B
20240409;101215;0.024035;100000;10078027829;B
20240409;101215;0.02403;2230000;10078027861;S
20240409;101215;0.02403;3000000;10078027862;S
20240409;101215;0.02403;1270000;10078027863;S
20240409;101218;0.02403;90000;10078028649;S
20240409;101219;0.02403;2910000;10078028788;S
20240409;101219;0.02403;2090000;10078028789;S
20240409;101219;0.02403;1640000;10078028833;S
20240409;101219;0.02403;10000;10078028834;S
20240409;101219;0.02403;1350000;10078028835;S
20240409;101221;0.02403;150000;10078029225;S
20240409;101221;0.02403;60000;10078029286;S
20240409;101221;0.024035;20000;10078029310;B
20240409;101224;0.02403;30000;10078030009;S
20240409;101224;0.02403;10000;10078030051;S
20240409;101225;0.024035;10000;10078030210;B
20240409;101226;0.02403;2090000;10078030433;S
20240409;101226;0.02403;20000;10078030510;S
20240409;101226;0.02403;80000;10078030511;S
20240409;101227;0.024025;100000;10078030577;S
20240409;101227;0.024025;10000;10078030714;S
20240409;101228;0.024035;10000;10078030789;B
20240409;101228;0.024035;860000;10078030866;B
20240409;101228;0.024035;40000;10078030867;B
20240409;101228;0.024035;1100000;10078030868;B
20240409;101229;0.024025;50000;10078030993;S
20240409;101229;0.024025;240000;10078030994;S
20240409;101230;0.024035;20000;10078031306;B
20240409;101231;0.024035;10000;10078031451;B
20240409;101231;0.02403;10000;10078031581;S
20240409;101233;0.024035;10000;10078031772;B
20240409;101233;0.024035;20000;10078031883;B
20240409;101236;0.024035;50000;10078032278;B
20240409;101238;0.024035;50000;10078032592;B
20240409;101240;0.02403;1360000;10078033109;S
20240409;101244;0.02403;10000;10078033538;S
20240409;101244;0.024025;20000;10078033539;S
20240409;101245;0.024035;500000;10078033711;B
20240409;101248;0.024025;60000;10078034375;S
20240409;101248;0.024025;40000;10078034394;S
20240409;101248;0.024035;30000;10078034475;B
20240409;101249;0.024025;7230000;10078034667;S
20240409;101249;0.024025;10000;10078034668;S
20240409;101249;0.024025;760000;10078034669;S
20240409;101250;0.024025;10000;10078034766;B
20240409;101252;0.02402;10000;10078035186;S
20240409;101252;0.02402;10000;10078035187;S
20240409;101252;0.02402;40000;10078035188;S
20240409;101252;0.02402;2200000;10078035189;S
20240409;101253;0.024025;60000;10078035666;B
20240409;101255;0.024025;2930000;10078035873;B
20240409;101255;0.024025;7070000;10078035874;B
20240409;101255;0.024025;20000;10078035878;B
20240409;101255;0.024025;2510000;10078035933;B
20240409;101256;0.02402;1570000;10078036174;S
20240409;101256;0.02402;610000;10078036175;S
20240409;101258;0.024025;10000;10078036996;B
20240409;101259;0.024025;50000;10078037023;B
20240409;101300;0.024025;60000;10078037542;B
20240409;101300;0.02402;2430000;10078037596;S
20240409;101300;0.02402;6860000;10078037656;S
20240409;101300;0.02402;400000;10078037657;S
20240409;101300;0.02402;10000;10078037658;S
20240409;101300;0.02402;20000;10078037659;S
20240409;101300;0.02402;10000;10078037660;S
20240409;101300;0.02402;150000;10078037661;S
20240409;101300;0.02402;5000000;10078037662;S
20240409;101300;0.02402;20000;10078037663;S
20240409;101300;0.02402;20000;10078037664;S
20240409;101300;0.02402;8950000;10078037665;S
20240409;101300;0.02402;20000;10078037666;S
20240409;101300;0.02402;10000;10078037667;S
20240409;101300;0.02402;10000;10078037668;S
20240409;101300;0.02402;10000;10078037669;S
20240409;101300;0.02402;10000;10078037670;S
20240409;101300;0.02402;10000;10078037671;S
20240409;101300;0.02402;10000;10078037672;S
20240409;101300;0.02402;2800000;10078037673;S
20240409;101300;0.02402;1650000;10078037674;S
20240409;101300;0.02402;90000;10078037726;B
20240409;101300;0.02402;10000;10078037770;B
20240409;101302;0.02402;800000;10078038230;B
20240409;101302;0.024015;10000;10078038279;S
20240409;101302;0.024015;590000;10078038280;S
20240409;101303;0.02402;1000000;10078038555;B
20240409;101304;0.024015;110000;10078038667;S
20240409;101304;0.024015;330000;10078038668;S
20240409;101304;0.024015;800000;10078038669;S
20240409;101304;0.02402;20000;10078038671;B
20240409;101305;0.02402;10000;10078038771;B
20240409;101305;0.024015;680000;10078038795;S
20240409;101306;0.024015;410000;10078039124;S
20240409;101306;0.024015;210000;10078039158;S
20240409;101306;0.02402;10000;10078039245;B
20240409;101310;0.024015;17900000;10078039929;S
20240409;101310;0.024015;2800000;10078039930;S
20240409;101310;0.024015;1670000;10078039931;S
20240409;101310;0.02401;10000;10078039932;S
20240409;101310;0.02401;10000;10078039933;S
20240409;101310;0.02401;5000000;10078039934;S
20240409;101310;0.02401;40000;10078039935;S
20240409;101310;0.02401;5700000;10078039936;S
20240409;101310;0.02401;20000;10078039937;S
20240409;101310;0.02401;30000;10078039938;S
20240409;101310;0.02401;19100000;10078039939;S
20240409;101310;0.024015;6660000;10078040024;S
20240409;101310;0.02402;50000;10078040035;B
20240409;101311;0.02402;10000;10078040130;B
20240409;101312;0.024015;10000;10078040268;S
20240409;101313;0.024015;13330000;10078040675;S
20240409;101313;0.02401;1670000;10078040676;S
20240409;101316;0.02401;4230000;10078041234;S
20240409;101316;0.02401;10000;10078041235;S
20240409;101316;0.02401;110000;10078041236;S
20240409;101316;0.02401;20000;10078041237;S
20240409;101316;0.02401;15600000;10078041238;S
20240409;101316;0.02401;80000;10078041239;S
20240409;101316;0.02401;1710000;10078041240;S
20240409;101316;0.024005;840000;10078041241;S
20240409;101317;0.024005;160000;10078041460;S
20240409;101317;0.024005;110000;10078041461;S
20240409;101317;0.024005;30000;10078041462;S
20240409;101317;0.024005;1500000;10078041463;S
20240409;101318;0.024005;4000000;10078041590;S
20240409;101318;0.024015;70000;10078041613;B
20240409;101319;0.024005;170000;10078041750;S
20240409;101319;0.024005;20000;10078041751;S
20240409;101319;0.024005;1610000;10078041752;S
20240409;101319;0.024005;4390000;10078041833;S
20240409;101319;0.024005;50000;10078041834;S
20240409;101319;0.024005;100000;10078041835;S
20240409;101319;0.024005;2000000;10078041836;S
20240409;101319;0.024005;100000;10078041837;S
20240409;101319;0.024005;690000;10078041838;S
20240409;101320;0.024005;350000;10078041865;S
20240409;101320;0.024015;10000;10078041968;B
20240409;101323;0.024015;170000;10078042351;B
20240409;101323;0.024015;10000;10078042385;B
20240409;101324;0.024015;740000;10078042642;B
20240409;101324;0.024015;3000000;10078042643;B
20240409;101324;0.024015;260000;10078042644;B
20240409;101324;0.02401;10000;10078042772;S
20240409;101324;0.02401;490000;10078042773;S
20240409;101325;0.02401;2000000;10078043074;S
20240409;101326;0.024015;50000;10078043331;B
20240409;101326;0.024015;20000;10078043367;B
20240409;101327;0.02401;270000;10078043461;S
20240409;101328;0.024015;90000;10078043734;B
20240409;101328;0.024015;1700000;10078043735;B
20240409;101328;0.02402;7030000;10078043736;B
20240409;101328;0.02402;1000000;10078043737;B
20240409;101328;0.02402;3000000;10078043738;B
20240409;101328;0.02402;550000;10078043739;B
20240409;101328;0.02402;40000;10078043740;B
20240409;101328;0.024025;10280000;10078043741;B
20240409;101328;0.024025;1000000;10078043742;B
20240409;101328;0.024025;10000;10078043743;B
20240409;101328;0.024025;6000000;10078043744;B
20240409;101328;0.024025;5000000;10078043745;B
20240409;101328;0.02403;1000000;10078043746;B
20240409;101328;0.02403;210000;10078043747;B
20240409;101328;0.02403;4730000;10078043748;B
20240409;101328;0.02402;3000000;10078043781;S
20240409;101328;0.024015;2000000;10078043782;S
20240409;101328;0.02402;420000;10078043819;S
20240409;101328;0.02402;500000;10078043865;S
20240409;101329;0.024025;10000;10078043915;B
20240409;101329;0.024025;10000;10078043989;B
20240409;101329;0.024025;10000;10078044034;B
20240409;101330;0.024025;30000;10078044199;B
20240409;101332;0.02402;10000;10078044611;S
20240409;101334;0.024025;420000;10078045002;B
20240409;101336;0.024025;200000;10078045350;B
20240409;101338;0.02402;270000;10078045861;S
20240409;101338;0.02402;180000;10078045862;S
20240409;101340;0.02402;1000000;10078046246;S
20240409;101342;0.02402;190000;10078046558;S
20240409;101343;0.02402;2810000;10078046692;S
20240409;101344;0.024015;3000000;10078046853;S
20240409;101344;0.024015;1610000;10078046854;S
20240409;101344;0.02401;240000;10078046855;S
20240409;101344;0.02401;1000000;10078046856;S
20240409;101344;0.02401;100000;10078046857;S
20240409;101344;0.02401;50000;10078046858;S
20240409;101344;0.02401;4170000;10078046859;S
20240409;101344;0.02401;410000;10078046860;S
20240409;101344;0.02402;1000000;10078046915;B
20240409;101345;0.024015;3000000;10078046988;S
20240409;101345;0.024015;5550000;10078047116;B
20240409;101347;0.024015;70000;10078047522;B
20240409;101348;0.02401;400000;10078047626;S
20240409;101348;0.02401;150000;10078047630;S
20240409;101349;0.024015;10000;10078047781;B
20240409;101350;0.02401;10000;10078047887;S
20240409;101353;0.024015;20000;10078048294;B
20240409;101353;0.02401;300000;10078048345;S
20240409;101353;0.024015;30000;10078048346;B
20240409;101354;0.024015;130000;10078048459;B
20240409;101354;0.024015;60000;10078048493;B
20240409;101355;0.024015;100000;10078048559;B
20240409;101355;0.024015;100000;10078048611;B
