<DATE>;<TIME>;<LAST>;<VOL>;<ID>;<OPER>
20240510;095952;0.02309;10000;10319419486;S
20240510;095952;0.02309;10000;10319419487;B
20240510;095952;0.02309;20000;10319419488;B
20240510;095952;0.02309;10000;10319419489;S
20240510;095952;0.02309;20000;10319419490;S
20240510;095952;0.02309;10000;10319419491;S
20240510;095952;0.02309;10000;10319419492;S
20240510;095952;0.02309;10000;10319419493;B
20240510;095952;0.02309;20000;10319419494;B
20240510;095952;0.02309;100000;10319419495;B
20240510;095952;0.02309;10000;10319419496;B
20240510;095952;0.02309;10000;10319419497;B
20240510;095952;0.02309;10000;10319419498;B
20240510;095952;0.02309;10000;10319419499;B
20240510;095952;0.02309;10000;10319419500;B
20240510;095952;0.02309;10000;10319419501;B
20240510;095952;0.02309;170000;10319419502;B
20240510;095952;0.02309;10000;10319419503;B
20240510;095952;0.02309;10000;10319419504;B
20240510;095952;0.02309;20000;10319419505;B
20240510;095952;0.02309;100000;10319419506;B
20240510;095952;0.02309;10000;10319419507;B
20240510;095952;0.02309;10000;10319419508;S
20240510;095952;0.02309;10000;10319419509;B
20240510;095952;0.02309;60000;10319419510;B
20240510;095952;0.02309;900000;10319419511;B
20240510;095952;0.02309;30000;10319419512;B
20240510;095952;0.02309;10000;10319419513;B
20240510;095952;0.02309;20000;10319419514;B
20240510;095952;0.02309;10000;10319419515;B
20240510;095952;0.02309;30000;10319419516;B
20240510;095952;0.02309;50000;10319419517;B
20240510;095952;0.02309;390000;10319419518;B
20240510;095952;0.02309;10000;10319419519;B
20240510;095952;0.02309;10000;10319419520;B
20240510;095952;0.02309;10000;10319419521;B
20240510;095952;0.02309;60000;10319419522;B
20240510;095952;0.02309;10000;10319419523;B
20240510;095952;0.02309;10000;10319419524;B
20240510;095952;0.02309;10000;10319419525;B
20240510;095952;0.02309;10000;10319419526;B
20240510;095952;0.02309;20000;10319419527;B
20240510;095952;0.02309;10000;10319419528;B
20240510;095952;0.02309;10000;10319419529;B
20240510;095952;0.02309;30000;10319419530;B
20240510;095952;0.02309;10000;10319419531;B
20240510;095952;0.02309;10000;10319419532;B
20240510;095952;0.02309;10000;10319419533;B
20240510;095952;0.02309;10000;10319419534;B
20240510;095952;0.02309;30000;10319419535;B
20240510;095952;0.02309;1200000;10319419536;B
20240510;095952;0.02309;50000;10319419537;B
20240510;095952;0.02309;20000;10319419538;B
20240510;095952;0.02309;110000;10319419539;B
20240510;095952;0.02309;10000;10319419540;B
20240510;095952;0.02309;40000;10319419541;B
20240510;095952;0.02309;20000;10319419542;B
20240510;095952;0.02309;40000;10319419543;B
20240510;095952;0.02309;110000;10319419544;B
20240510;095952;0.02309;100000;10319419545;S
20240510;095952;0.02309;10000;10319419546;S
20240510;095952;0.02309;10000;10319419547;S
20240510;095952;0.02309;10000;10319419548;S
20240510;095952;0.02309;90000;10319419549;B
20240510;095952;0.02309;50000;10319419550;S
20240510;095952;0.02309;300000;10319419551;S
20240510;095952;0.02309;500000;10319419552;S
20240510;095952;0.02309;10000;10319419553;S
20240510;095952;0.02309;10000;10319419554;S
20240510;095952;0.02309;10000;10319419555;S
20240510;095952;0.02309;10000;10319419556;S
20240510;095952;0.02309;10000;10319419557;S
20240510;095952;0.02309;10000;10319419558;B
20240510;095952;0.02309;10000;10319419559;S
20240510;095952;0.02309;10000;10319419560;S
20240510;095952;0.02309;10000;10319419561;S
20240510;095952;0.02309;10000;10319419562;S
20240510;095952;0.02309;100000;10319419563;S
20240510;095952;0.02309;10000;10319419564;S
20240510;095952;0.02309;100000;10319419565;S
20240510;095952;0.02309;10000;10319419566;S
20240510;095952;0.02309;980000;10319419567;B
20240510;095952;0.02309;40000;10319419568;B
20240510;100000;0.02308;470000;10319420755;B
20240510;100000;0.02308;10000;10319421047;S
20240510;100000;0.023085;1000000;10319421228;B
20240510;100000;0.023085;4000000;10319421229;B
20240510;100000;0.02308;10000;10319421281;S
20240510;100000;0.02308;10000;10319421459;S
20240510;100001;0.02308;10000;10319421475;S
20240510;100001;0.02308;210000;10319422550;S
20240510;100003;0.02308;210000;10319423719;S
20240510;100004;0.02308;10000;10319423927;S
20240510;100004;0.023085;10000;10319424170;B
20240510;100004;0.023085;10000;10319424179;B
20240510;100005;0.023085;10000;10319425949;B
20240510;100005;0.023085;10000;10319425961;B
20240510;100005;0.023085;50000;10319425974;B
20240510;100005;0.02308;10000;10319426001;S
20240510;100005;0.023085;10000;10319426007;B
20240510;100005;0.023085;50000;10319426012;B
20240510;100005;0.02308;30000;10319426014;S
20240510;100005;0.02308;20000;10319426015;S
20240510;100005;0.023085;360000;10319426020;B
20240510;100005;0.023085;100000;10319426021;B
20240510;100005;0.02308;50000;10319426022;S
20240510;100005;0.023085;10000;10319426026;B
20240510;100005;0.023085;60000;10319426027;B
20240510;100005;0.023085;50000;10319426030;B
20240510;100005;0.023085;30000;10319426035;B
20240510;100005;0.02308;10000;10319426041;S
20240510;100005;0.023085;130000;10319426044;B
20240510;100005;0.023085;20000;10319426046;B
20240510;100005;0.023085;10000;10319426049;B
20240510;100005;0.023085;10000;10319426053;B
20240510;100005;0.023085;10000;10319426070;B
20240510;100005;0.02308;20000;10319426072;S
20240510;100005;0.02308;30000;10319426088;S
20240510;100005;0.023085;10000;10319426094;B
20240510;100005;0.023085;10000;10319426098;B
20240510;100005;0.02308;20000;10319426099;S
20240510;100005;0.02308;20000;10319426102;S
20240510;100005;0.02308;20000;10319426108;S
20240510;100005;0.023085;10000;10319426112;B
20240510;100005;0.02308;10000;10319426114;S
20240510;100005;0.02308;10000;10319426119;S
20240510;100005;0.02308;90000;10319426120;S
20240510;100005;0.023085;10000;10319426121;B
20240510;100005;0.023085;10000;10319426132;B
20240510;100005;0.023085;50000;10319426144;B
20240510;100005;0.023085;60000;10319426154;B
20240510;100005;0.02308;30000;10319426358;S
20240510;100005;0.023085;10000;10319426361;B
20240510;100005;0.023085;10000;10319426363;B
20240510;100005;0.023085;10000;10319426373;B
20240510;100005;0.02308;50000;10319426375;S
20240510;100005;0.023085;10000;10319426376;B
20240510;100005;0.023085;80000;10319426384;B
20240510;100005;0.02308;10000;10319426386;S
20240510;100005;0.023085;50000;10319426391;B
20240510;100005;0.023085;10000;10319426396;B
20240510;100005;0.02308;490000;10319426461;S
20240510;100005;0.023085;20000;10319426469;B
20240510;100005;0.023085;20000;10319426474;B
20240510;100005;0.023085;40000;10319426475;B
20240510;100005;0.02308;60000;10319426479;S
20240510;100005;0.023085;10000;10319426490;B
20240510;100005;0.02308;30000;10319426491;S
20240510;100005;0.023085;10000;10319426496;B
20240510;100005;0.02308;10000;10319426498;S
20240510;100005;0.023085;10000;10319426499;B
20240510;100005;0.023085;10000;10319426507;B
20240510;100005;0.02308;10000;10319426508;S
20240510;100005;0.023085;50000;10319426513;B
20240510;100005;0.02308;10000;10319426526;S
20240510;100005;0.02308;20000;10319426536;S
20240510;100005;0.02308;40000;10319426545;S
20240510;100005;0.02308;130000;10319426553;S
20240510;100005;0.02308;50000;10319426557;S
20240510;100005;0.023085;30000;10319426560;B
20240510;100005;0.02308;10000;10319427291;S
20240510;100005;0.02308;10000;10319427317;S
20240510;100005;0.023085;10000;10319427324;B
20240510;100005;0.02308;10000;10319427328;S
20240510;100005;0.023085;10000;10319427329;B
20240510;100005;0.02308;10000;10319427331;S
20240510;100005;0.02308;10000;10319427332;S
20240510;100005;0.02308;10000;10319427333;S
20240510;100005;0.02308;10000;10319427338;S
20240510;100005;0.023085;10000;10319427343;B
20240510;100005;0.023085;10000;10319427344;B
20240510;100005;0.023085;10000;10319427345;B
20240510;100005;0.02308;10000;10319427351;S
20240510;100005;0.023085;10000;10319427355;B
20240510;100005;0.023085;20000;10319427356;B
20240510;100005;0.02308;40000;10319427357;S
20240510;100005;0.02308;10000;10319427358;S
20240510;100005;0.023085;10000;10319427359;B
20240510;100005;0.023085;10000;10319427363;B
20240510;100005;0.02308;10000;10319427368;S
20240510;100005;0.023085;10000;10319427370;B
20240510;100005;0.023085;10000;10319427413;B
20240510;100005;0.023085;10000;10319427414;B
20240510;100005;0.023085;10000;10319427415;B
20240510;100005;0.023085;10000;10319427416;B
20240510;100005;0.023085;10000;10319427417;B
20240510;100005;0.023085;10000;10319427418;B
20240510;100005;0.023085;20000;10319427419;B
20240510;100005;0.023085;40000;10319427420;B
20240510;100005;0.023085;10000;10319427421;B
20240510;100005;0.023085;10000;10319427422;B
20240510;100005;0.023085;40000;10319427423;B
20240510;100005;0.023085;10000;10319427424;B
20240510;100005;0.023085;10000;10319427425;B
20240510;100005;0.02308;20000;10319427426;S
20240510;100005;0.023085;10000;10319427427;B
20240510;100005;0.023085;10000;10319427428;B
20240510;100005;0.02308;20000;10319427429;S
20240510;100005;0.02308;10000;10319427459;S
20240510;100006;0.023085;10000;10319428329;B
20240510;100006;0.023085;10000;10319428331;B
20240510;100006;0.023085;30000;10319428336;B
20240510;100006;0.023085;40000;10319428338;B
20240510;100006;0.02308;30000;10319428345;S
20240510;100006;0.02308;10000;10319428348;S
20240510;100006;0.02308;10000;10319428358;S
20240510;100006;0.02308;10000;10319428359;S
20240510;100006;0.02308;50000;10319428368;S
20240510;100006;0.023085;10000;10319428370;B
20240510;100006;0.02308;50000;10319428377;S
20240510;100006;0.023085;10000;10319428378;B
20240510;100006;0.023085;30000;10319428382;B
20240510;100006;0.02308;160000;10319428384;S
20240510;100006;0.02308;30000;10319428387;S
20240510;100006;0.02308;20000;10319428394;S
20240510;100006;0.02308;10000;10319428395;S
20240510;100006;0.02308;20000;10319428400;S
20240510;100006;0.02308;10000;10319428405;S
20240510;100006;0.023085;20000;10319428411;B
20240510;100006;0.02308;10000;10319428413;S
20240510;100006;0.02308;10000;10319428419;S
20240510;100006;0.023085;10000;10319428424;B
20240510;100006;0.023085;10000;10319428442;B
20240510;100006;0.02308;10000;10319428448;S
20240510;100006;0.023085;10000;10319428465;B
20240510;100006;0.02308;10000;10319428473;S
20240510;100006;0.02308;10000;10319428693;S
20240510;100006;0.023085;10000;10319428710;B
20240510;100006;0.02308;50000;10319428729;S
20240510;100006;0.023085;10000;10319428735;B
20240510;100006;0.023085;30000;10319428739;B
20240510;100006;0.023085;10000;10319428744;B
20240510;100006;0.023085;20000;10319428746;B
20240510;100006;0.023085;10000;10319428751;B
20240510;100006;0.02308;20000;10319428758;S
20240510;100006;0.02308;10000;10319428769;S
20240510;100006;0.023085;10000;10319428773;B
20240510;100006;0.023085;10000;10319428774;B
20240510;100006;0.02308;10000;10319428779;S
20240510;100006;0.023085;10000;10319428794;B
20240510;100006;0.02308;10000;10319428802;S
20240510;100006;0.023085;10000;10319428808;B
20240510;100006;0.023085;10000;10319429110;B
20240510;100006;0.02308;20000;10319429117;S
20240510;100006;0.02308;10000;10319429189;S
20240510;100006;0.023085;50000;10319429193;B
20240510;100006;0.023085;10000;10319429199;B
20240510;100006;0.023085;50000;10319429204;B
20240510;100006;0.023085;10000;10319429205;B
20240510;100006;0.02308;50000;10319429212;S
20240510;100006;0.023085;40000;10319429213;B
20240510;100006;0.023085;10000;10319429218;B
20240510;100006;0.02308;40000;10319429223;S
20240510;100006;0.02308;50000;10319429232;S
20240510;100006;0.023085;10000;10319429235;B
20240510;100006;0.02308;380000;10319429239;S
20240510;100006;0.02308;20000;10319429245;S
20240510;100006;0.023085;10000;10319429249;B
20240510;100006;0.023085;40000;10319429453;B
20240510;100006;0.02308;10000;10319429455;S
20240510;100006;0.023085;20000;10319429461;B
20240510;100006;0.023085;10000;10319429463;B
20240510;100006;0.02308;40000;10319429468;S
20240510;100006;0.02308;10000;10319429470;S
20240510;100006;0.02308;100000;10319429473;S
20240510;100006;0.023085;10000;10319429475;B
20240510;100006;0.023085;10000;10319429482;B
20240510;100006;0.02308;10000;10319429485;S
20240510;100006;0.023085;10000;10319429493;B
20240510;100006;0.023085;50000;10319429495;B
20240510;100006;0.02308;20000;10319429501;S
20240510;100007;0.023085;30000;10319429793;B
20240510;100007;0.023085;10000;10319429794;B
20240510;100007;0.02308;30000;10319429802;S
20240510;100007;0.023085;20000;10319429804;B
20240510;100007;0.023085;10000;10319429806;B
20240510;100007;0.023085;10000;10319429811;B
20240510;100007;0.023085;10000;10319429813;B
20240510;100007;0.02308;30000;10319429820;S
20240510;100007;0.023085;10000;10319429822;B
20240510;100007;0.023085;30000;10319429825;B
20240510;100007;0.023085;40000;10319429833;B
20240510;100007;0.023085;50000;10319429835;B
20240510;100007;0.023085;70000;10319430278;B
20240510;100007;0.023085;10000;10319430281;B
20240510;100007;0.023085;10000;10319430282;B
20240510;100007;0.02308;10000;10319430285;S
20240510;100007;0.02308;30000;10319430287;S
20240510;100007;0.023085;10000;10319430289;B
20240510;100007;0.023085;10000;10319430290;B
20240510;100007;0.023085;10000;10319430474;B
20240510;100007;0.023085;10000;10319430479;B
20240510;100007;0.02308;1100000;10319430484;S
20240510;100007;0.02308;10000;10319430492;S
20240510;100007;0.023085;40000;10319430495;B
20240510;100007;0.023085;10000;10319430498;B
20240510;100007;0.023085;10000;10319430507;B
20240510;100007;0.02308;10000;10319430512;S
20240510;100007;0.023085;10000;10319430522;B
20240510;100007;0.023085;10000;10319430524;B
20240510;100007;0.023085;10000;10319430530;B
20240510;100007;0.02308;10000;10319430645;S
20240510;100007;0.02308;10000;10319430728;S
20240510;100007;0.023085;10000;10319430729;B
20240510;100007;0.02308;10000;10319430731;S
20240510;100007;0.023085;10000;10319430732;B
20240510;100007;0.023085;10000;10319430745;B
20240510;100007;0.02308;10000;10319430751;S
20240510;100007;0.023085;20000;10319430755;B
20240510;100007;0.023085;20000;10319430764;B
20240510;100007;0.02308;10000;10319430775;S
20240510;100007;0.02308;10000;10319430776;S
20240510;100007;0.023085;10000;10319430785;B
20240510;100007;0.023085;10000;10319430788;B
20240510;100007;0.023085;10000;10319430806;B
20240510;100007;0.02308;20000;10319430816;S
20240510;100007;0.023085;50000;10319430825;B
20240510;100007;0.023085;10000;10319430829;B
20240510;100007;0.023085;100000;10319430837;B
20240510;100007;0.023085;10000;10319430854;B
20240510;100007;0.02308;20000;10319430860;S
20240510;100007;0.023085;10000;10319430871;B
20240510;100007;0.023085;10000;10319430880;B
20240510;100007;0.023085;50000;10319430888;B
20240510;100007;0.02308;50000;10319430906;S
20240510;100007;0.023085;10000;10319430914;B
20240510;100007;0.023085;10000;10319430924;B
20240510;100007;0.023085;10000;10319430927;B
20240510;100007;0.023085;10000;10319430982;B
20240510;100007;0.023085;10000;10319431000;B
20240510;100007;0.023085;10000;10319431017;B
20240510;100007;0.02308;10000;10319431020;S
20240510;100007;0.02308;10000;10319431025;S
20240510;100007;0.02308;40000;10319431027;S
20240510;100007;0.023085;10000;10319431034;B
20240510;100007;0.02308;20000;10319431041;S
20240510;100007;0.02308;40000;10319431048;S
20240510;100007;0.023085;40000;10319431051;B
20240510;100007;0.023085;10000;10319431055;B
20240510;100007;0.023085;10000;10319431057;B
20240510;100007;0.023085;30000;10319431203;B
20240510;100008;0.02308;10000;10319431334;S
20240510;100008;0.02308;40000;10319431351;S
20240510;100008;0.023085;20000;10319431361;B
20240510;100008;0.02308;490000;10319431364;S
20240510;100008;0.02308;60000;10319431366;S
20240510;100008;0.023085;20000;10319431368;B
20240510;100008;0.02308;20000;10319431370;S
20240510;100008;0.02308;10000;10319431372;S
20240510;100008;0.023085;10000;10319431377;B
20240510;100008;0.02308;10000;10319431378;S
20240510;100008;0.023085;10000;10319431381;B
20240510;100008;0.02308;10000;10319431384;S
20240510;100008;0.023085;10000;10319431385;B
20240510;100008;0.02308;110000;10319431386;S
20240510;100008;0.023085;10000;10319431389;B
20240510;100008;0.02308;50000;10319431465;S
20240510;100008;0.02308;100000;10319431468;S
20240510;100008;0.02308;10000;10319431469;S
20240510;100008;0.023085;50000;10319431471;B
20240510;100008;0.02308;10000;10319431472;S
20240510;100008;0.023085;40000;10319431475;B
20240510;100008;0.023085;20000;10319431479;B
20240510;100008;0.02308;10000;10319431482;S
20240510;100008;0.02308;30000;10319431483;S
20240510;100008;0.02308;10000;10319431484;S
20240510;100008;0.023085;10000;10319431486;B
20240510;100008;0.023085;20000;10319431487;B
20240510;100008;0.023085;10000;10319431488;B
20240510;100008;0.023085;10000;10319431489;B
20240510;100008;0.02308;10000;10319431490;S
20240510;100008;0.023085;20000;10319431494;B
20240510;100008;0.023085;10000;10319432208;B
20240510;100008;0.023085;10000;10319432209;B
20240510;100008;0.02308;10000;10319432211;S
20240510;100008;0.023085;10000;10319432212;B
20240510;100008;0.023085;10000;10319432213;B
20240510;100008;0.02308;40000;10319432214;S
20240510;100008;0.023085;10000;10319432215;B
20240510;100008;0.02308;30000;10319432216;S
20240510;100008;0.023085;10000;10319432217;B
20240510;100008;0.02308;30000;10319432218;S
20240510;100008;0.02308;10000;10319432219;S
20240510;100008;0.02308;10000;10319432220;S
20240510;100008;0.023085;50000;10319432221;B
20240510;100008;0.023085;10000;10319432222;B
20240510;100008;0.023085;10000;10319432263;B
20240510;100008;0.023085;10000;10319432333;B
20240510;100009;0.02308;10000;10319432365;S
20240510;100009;0.02308;40000;10319432415;S
20240510;100009;0.02308;10000;10319432472;S
20240510;100010;0.02308;10000;10319432559;S
20240510;100010;0.023085;90000;10319432677;B
20240510;100010;0.023085;20000;10319432775;B
20240510;100011;0.023085;50000;10319432935;B
20240510;100011;0.023085;530000;10319433015;B
20240510;100011;0.023085;90000;10319433162;B
20240510;100011;0.023085;10000;10319433337;B
20240510;100011;0.023085;10000;10319433338;B
20240510;100011;0.023085;10000;10319433343;B
20240510;100015;0.02308;10000;10319433898;S
20240510;100015;0.02308;390000;10319434035;S
20240510;100015;0.02308;470000;10319434036;S
20240510;100017;0.023085;600000;10319434339;B
20240510;100019;0.02308;10000;10319434746;S
20240510;100021;0.023085;120000;10319435146;B
20240510;100025;0.023085;20000;10319436339;B
20240510;100026;0.023085;10000;10319436408;B
20240510;100029;0.023085;20000;10319436914;B
20240510;100033;0.023085;10000;10319437755;B
20240510;100038;0.023085;10000;10319439110;B
20240510;100041;0.023085;10000;10319439796;B
20240510;100044;0.023085;2000000;10319440258;B
20240510;100046;0.023085;100000;10319440478;B
20240510;100046;0.023085;10000;10319440518;B
20240510;100047;0.02308;50000;10319440740;S
20240510;100054;0.023085;150000;10319441833;B
20240510;100054;0.023085;6000000;10319441834;B
20240510;100054;0.023085;6000000;10319441835;B
20240510;100054;0.023085;6000000;10319441836;B
20240510;100054;0.023085;6000000;10319441837;B
20240510;100054;0.023085;6000000;10319441838;B
20240510;100054;0.023085;210000;10319441839;B
20240510;100054;0.023085;210000;10319441840;B
20240510;100054;0.023085;10000;10319441841;B
20240510;100054;0.023085;20000;10319441842;B
20240510;100054;0.023085;40000;10319441843;B
20240510;100054;0.023085;70000;10319441844;B
20240510;100054;0.023085;10000;10319441845;B
20240510;100054;0.023085;20000;10319441846;B
20240510;100054;0.023085;1690000;10319441847;B
20240510;100054;0.023085;30000;10319441848;B
20240510;100054;0.023085;80000;10319441849;B
20240510;100054;0.023085;40000;10319441850;B
20240510;100054;0.023085;100000;10319441851;B
20240510;100054;0.023085;10000;10319441852;B
20240510;100054;0.023085;30000;10319441853;B
20240510;100054;0.023085;40000;10319441854;B
20240510;100054;0.023085;10000;10319441855;B
20240510;100054;0.023085;30000;10319441856;B
20240510;100054;0.023085;30000;10319441857;B
20240510;100054;0.023085;50000;10319441858;B
20240510;100054;0.023085;30000;10319441859;B
20240510;100054;0.023085;60000;10319441860;B
20240510;100054;0.023085;60000;10319441861;B
20240510;100054;0.023085;20000;10319441862;B
20240510;100054;0.023085;6000000;10319441863;B
20240510;100054;0.023085;10000;10319441864;B
20240510;100054;0.023085;60000;10319441865;B
20240510;100054;0.02309;11970000;10319441866;B
20240510;100054;0.02309;200000;10319441867;B
20240510;100054;0.02309;10000;10319441868;B
20240510;100054;0.02309;10000;10319441869;B
20240510;100054;0.02309;50000;10319441870;B
20240510;100054;0.023085;400000;10319441881;S
20240510;100056;0.02309;10000;10319442215;B
20240510;100059;0.02309;40000;10319442762;B
20240510;100059;0.02309;30000;10319442763;B
20240510;100059;0.02309;10000;10319442764;B
20240510;100059;0.02309;10000;10319442765;B
20240510;100059;0.02309;910000;10319442766;B
20240510;100059;0.02309;5090000;10319442862;B
20240510;100059;0.02309;170000;10319442863;B
20240510;100059;0.02309;10000;10319442910;B
20240510;100100;0.023085;360000;10319442946;S
20240510;100101;0.02309;10000;10319443252;B
20240510;100101;0.02309;230000;10319443278;B
20240510;100103;0.02309;10000;10319443835;B
20240510;100105;0.023085;50000;10319444292;S
20240510;100106;0.023085;400000;10319444444;S
20240510;100106;0.02309;40000;10319444456;B
20240510;100106;0.02309;11220000;10319444483;B
20240510;100106;0.02309;6000000;10319444484;B
20240510;100106;0.02309;2770000;10319444485;B
20240510;100108;0.02309;10000;10319444882;B
20240510;100110;0.02309;10000;10319445289;B
20240510;100111;0.02309;170000;10319445698;B
20240510;100114;0.02309;150000;10319446343;B
20240510;100115;0.02309;20000;10319446459;B
20240510;100122;0.02309;100000;10319447688;B
20240510;100122;0.023085;450000;10319447741;S
20240510;100122;0.023085;520000;10319447804;S
20240510;100124;0.02309;10000;10319448082;B
20240510;100124;0.02309;2760000;10319448090;B
20240510;100124;0.02309;210000;10319448091;B
20240510;100124;0.02309;6000000;10319448092;B
20240510;100124;0.02309;2130000;10319448093;B
20240510;100125;0.02309;40000;10319448286;B
20240510;100126;0.02309;20000;10319448452;B
20240510;100127;0.02309;3810000;10319448465;B
20240510;100128;0.02309;3540000;10319448636;S
20240510;100132;0.02309;10000;10319449487;S
20240510;100133;0.023095;10000;10319449649;B
20240510;100133;0.023095;10000;10319449650;B
20240510;100133;0.023095;10000;10319449651;B
20240510;100133;0.023095;100000;10319449652;B
20240510;100133;0.023095;10000;10319449653;B
20240510;100133;0.023095;10000;10319449654;B
20240510;100133;0.023095;7150000;10319449655;B
20240510;100133;0.023095;6000000;10319449656;B
20240510;100133;0.023095;6000000;10319449657;B
20240510;100133;0.023095;6000000;10319449658;B
20240510;100133;0.023095;2000000;10319449659;B
20240510;100133;0.0231;10000;10319449660;B
20240510;100133;0.0231;10000;10319449661;B
20240510;100133;0.0231;100000;10319449662;B
20240510;100133;0.0231;10000;10319449663;B
20240510;100133;0.0231;30000;10319449664;B
20240510;100133;0.0231;44180000;10319449665;B
20240510;100133;0.0231;10000;10319449666;B
20240510;100133;0.0231;6000000;10319449667;B
20240510;100133;0.0231;10000;10319449668;B
20240510;100133;0.0231;3530000;10319449669;B
20240510;100133;0.0231;4460000;10319449670;B
20240510;100134;0.0231;100000;10319449733;S
20240510;100134;0.023105;10000;10319449818;B
20240510;100134;0.023105;10000;10319449819;B
20240510;100134;0.023105;10000;10319449820;B
20240510;100134;0.023105;70000;10319449821;B
20240510;100134;0.0231;210000;10319449858;S
20240510;100134;0.023105;30000;10319449861;B
20240510;100134;0.023105;10000;10319449862;B
20240510;100134;0.023105;860000;10319449863;B
20240510;100134;0.023105;200000;10319449874;B
20240510;100134;0.0231;210000;10319449904;S
20240510;100135;0.023105;10000;10319449932;B
20240510;100137;0.023105;2640000;10319450337;B
20240510;100138;0.0231;40000;10319450576;S
20240510;100140;0.023105;40430000;10319451083;B
20240510;100140;0.023105;10000;10319451084;B
20240510;100140;0.023105;10000;10319451085;B
20240510;100140;0.023105;210000;10319451086;B
20240510;100140;0.023105;210000;10319451087;B
20240510;100140;0.02311;4330000;10319451088;B
20240510;100140;0.02311;500000;10319451089;B
20240510;100140;0.02311;460000;10319451090;B
20240510;100140;0.02311;10000;10319451091;B
20240510;100140;0.02311;10000;10319451092;B
20240510;100140;0.02311;100000;10319451093;B
20240510;100140;0.02311;10000;10319451094;B
20240510;100140;0.02311;10000;10319451095;B
20240510;100140;0.02311;10000;10319451096;B
20240510;100140;0.02311;6000000;10319451097;B
20240510;100140;0.02311;3530000;10319451098;B
20240510;100140;0.02311;4500000;10319451099;B
20240510;100140;0.023115;10000;10319451100;B
20240510;100140;0.023115;200000;10319451101;B
20240510;100140;0.023115;5550000;10319451102;B
20240510;100140;0.023115;10000;10319451103;B
20240510;100140;0.023115;100000;10319451104;B
20240510;100140;0.023115;10000;10319451105;B
20240510;100140;0.023115;1000000;10319451106;B
20240510;100140;0.023115;10000;10319451107;B
20240510;100140;0.023115;6000000;10319451108;B
20240510;100140;0.023115;6770000;10319451109;B
20240510;100140;0.023115;2300000;10319451118;B
20240510;100140;0.023115;2200000;10319451119;B
20240510;100140;0.023115;420000;10319451120;B
20240510;100140;0.023115;380000;10319451124;S
20240510;100140;0.023115;1300000;10319451125;S
20240510;100140;0.023115;200000;10319451126;S
20240510;100140;0.023115;500000;10319451127;S
20240510;100140;0.023115;400000;10319451128;S
20240510;100140;0.023115;400000;10319451129;S
20240510;100140;0.023115;600000;10319451130;S
20240510;100140;0.023115;100000;10319451131;S
20240510;100140;0.023115;300000;10319451132;S
20240510;100140;0.023115;100000;10319451133;S
20240510;100140;0.023115;700000;10319451134;S
20240510;100140;0.023115;100000;10319451135;S
20240510;100140;0.023115;500000;10319451136;S
20240510;100140;0.023115;100000;10319451137;S
20240510;100140;0.023115;200000;10319451138;S
20240510;100140;0.023115;100000;10319451139;S
20240510;100140;0.023115;100000;10319451140;S
20240510;100140;0.023115;100000;10319451141;S
20240510;100140;0.023115;100000;10319451142;S
20240510;100140;0.023115;1400000;10319451143;S
20240510;100140;0.023115;500000;10319451144;S
20240510;100140;0.023115;600000;10319451145;S
20240510;100140;0.023115;800000;10319451146;S
20240510;100140;0.023115;420000;10319451147;S
20240510;100141;0.02312;10000;10319451343;B
20240510;100141;0.02312;2490000;10319451344;B
20240510;100141;0.023115;1000000;10319451412;S
20240510;100141;0.023115;3530000;10319451413;S
20240510;100141;0.023115;4310000;10319451414;S
20240510;100142;0.02311;210000;10319451431;S
20240510;100142;0.023115;40000;10319451491;B
20240510;100142;0.02311;10000;10319451562;S
20240510;100142;0.02311;580000;10319451567;S
20240510;100142;0.02311;360000;10319451568;S
20240510;100142;0.023105;1000000;10319451569;S
20240510;100142;0.023105;2460000;10319451570;S
20240510;100144;0.02311;6000000;10319451969;B
20240510;100144;0.02311;3530000;10319451970;B
20240510;100144;0.02311;6000000;10319451971;B
20240510;100144;0.02311;4200000;10319451972;B
20240510;100144;0.023115;290000;10319451973;B
20240510;100145;0.023115;40000;10319452194;B
20240510;100148;0.02311;10000;10319452619;B
20240510;100149;0.023105;200000;10319452766;S
20240510;100151;0.023105;80000;10319452994;S
20240510;100156;0.02311;10000;10319453807;B
20240510;100156;0.02311;50000;10319453852;B
20240510;100158;0.023105;10000;10319454156;S
20240510;100158;0.02311;10000;10319454194;B
20240510;100158;0.023105;710000;10319454270;S
20240510;100158;0.023105;20000000;10319454271;S
20240510;100158;0.023105;3530000;10319454272;S
20240510;100158;0.023105;80000;10319454273;S
20240510;100158;0.023105;40000;10319454274;S
20240510;100158;0.023105;20000;10319454275;S
20240510;100158;0.023105;4120000;10319454276;S
20240510;100159;0.0231;13790000;10319454277;S
20240510;100159;0.0231;1000000;10319454278;S
20240510;100159;0.0231;400000;10319454309;B
20240510;100159;0.0231;1000000;10319454310;B
20240510;100159;0.0231;2600000;10319454352;B
20240510;100200;0.0231;1210000;10319454478;B
20240510;100200;0.023105;1500000;10319454479;B
20240510;100200;0.023105;1000000;10319454480;B
20240510;100200;0.023105;3530000;10319454481;B
20240510;100200;0.023105;4040000;10319454482;B
20240510;100200;0.02311;5930000;10319454483;B
20240510;100200;0.02311;1000000;10319454484;B
20240510;100200;0.02311;6000000;10319454485;B
20240510;100200;0.02311;16280000;10319454486;B
20240510;100200;0.023115;39510000;10319454487;B
20240510;100200;0.0231;50000;10319454492;S
20240510;100200;0.023115;1280000;10319454638;B
20240510;100200;0.023115;210000;10319454639;B
20240510;100200;0.023115;1000000;10319454640;B
20240510;100200;0.02312;10520000;10319454641;B
20240510;100200;0.02312;10000;10319454642;B
20240510;100200;0.02312;100000;10319454643;B
20240510;100200;0.02312;10000;10319454644;B
20240510;100200;0.02312;10000;10319454645;B
20240510;100200;0.02312;6000000;10319454646;B
20240510;100200;0.02312;1000000;10319454647;B
20240510;100200;0.02312;210000;10319454648;B
20240510;100200;0.02312;210000;10319454649;B
20240510;100200;0.02312;9440000;10319454650;B
20240510;100203;0.02311;200000;10319455137;S
20240510;100204;0.023125;10000;10319455293;B
20240510;100204;0.023125;4000000;10319455311;B
20240510;100206;0.023125;10000;10319455728;B
20240510;100209;0.02312;10000;10319456732;B
20240510;100210;0.02311;10000;10319456851;S
20240510;100211;0.02312;80000;10319457013;B
20240510;100214;0.02312;100000;10319457520;B
20240510;100214;0.02312;100000;10319457535;B
20240510;100214;0.02312;100000;10319457547;B
20240510;100214;0.02312;100000;10319457563;B
20240510;100214;0.02312;100000;10319457584;B
20240510;100214;0.02312;100000;10319457606;B
20240510;100214;0.02312;100000;10319457622;B
20240510;100214;0.02312;100000;10319457641;B
20240510;100214;0.02312;100000;10319457654;B
20240510;100214;0.02312;100000;10319457673;B
20240510;100215;0.023115;100000;10319457695;B
20240510;100215;0.023115;100000;10319457700;B
20240510;100215;0.023115;100000;10319457747;B
20240510;100215;0.023115;100000;10319457764;B
20240510;100215;0.023115;100000;10319457790;B
20240510;100215;0.023115;100000;10319457820;B
20240510;100215;0.023115;100000;10319457837;B
20240510;100215;0.023115;100000;10319457854;B
20240510;100215;0.023115;100000;10319457872;B
20240510;100215;0.02311;40000;10319457881;S
20240510;100215;0.023115;100000;10319457886;B
20240510;100216;0.023115;100000;10319457903;B
20240510;100216;0.023115;100000;10319457917;B
20240510;100216;0.023115;100000;10319457955;B
20240510;100216;0.023115;10000;10319457956;B
20240510;100216;0.023115;100000;10319457989;B
20240510;100216;0.023115;100000;10319458005;B
20240510;100216;0.023115;100000;10319458026;B
20240510;100216;0.023115;100000;10319458037;B
20240510;100216;0.023115;100000;10319458051;B
20240510;100216;0.023115;100000;10319458076;B
20240510;100217;0.023115;100000;10319458098;B
20240510;100217;0.023115;100000;10319458118;B
20240510;100217;0.023115;100000;10319458131;B
20240510;100217;0.023115;100000;10319458146;B
20240510;100217;0.023115;100000;10319458166;B
20240510;100217;0.023115;100000;10319458178;B
20240510;100217;0.023115;30000;10319458197;B
20240510;100217;0.02311;750000;10319458210;S
20240510;100217;0.02311;3530000;10319458211;S
20240510;100217;0.02311;3000000;10319458212;S
20240510;100217;0.02311;200000;10319458213;S
20240510;100217;0.02311;6440000;10319458214;S
20240510;100217;0.023115;100000;10319458215;B
20240510;100217;0.023115;100000;10319458246;B
20240510;100217;0.023115;100000;10319458297;B
20240510;100217;0.023115;100000;10319458322;B
20240510;100218;0.023115;100000;10319458338;B
20240510;100218;0.023115;100000;10319458354;B
20240510;100218;0.023115;100000;10319458372;B
20240510;100218;0.023115;100000;10319458380;B
20240510;100218;0.023115;100000;10319458412;B
20240510;100218;0.023115;100000;10319458447;B
20240510;100218;0.023115;100000;10319458455;B
20240510;100218;0.023115;10000;10319458474;B
20240510;100218;0.023115;100000;10319458475;B
20240510;100218;0.023115;100000;10319458484;B
20240510;100218;0.023115;100000;10319458505;B
20240510;100218;0.023115;90000;10319458512;B
20240510;100219;0.023115;100000;10319458522;B
20240510;100219;0.023115;100000;10319458542;B
20240510;100219;0.023115;100000;10319458550;B
20240510;100219;0.023115;100000;10319458558;B
20240510;100219;0.023115;100000;10319458575;B
20240510;100219;0.023115;100000;10319458603;B
20240510;100219;0.023115;100000;10319458616;B
20240510;100219;0.023115;100000;10319458638;B
20240510;100219;0.023115;100000;10319458648;B
20240510;100219;0.023115;100000;10319458657;B
20240510;100220;0.023115;100000;10319458678;B
20240510;100220;0.023115;100000;10319458693;B
20240510;100220;0.023115;100000;10319458700;B
20240510;100220;0.023115;100000;10319458719;B
20240510;100220;0.023115;100000;10319458724;B
20240510;100220;0.023115;100000;10319458746;B
20240510;100220;0.023115;100000;10319458773;B
20240510;100220;0.023115;100000;10319458799;B
20240510;100220;0.023115;100000;10319458807;B
20240510;100220;0.023115;60000;10319458814;B
20240510;100220;0.023115;40000;10319458815;B
20240510;100221;0.023115;100000;10319458826;B
20240510;100221;0.023115;100000;10319458865;B
20240510;100221;0.023115;100000;10319458873;B
20240510;100221;0.023115;100000;10319458886;B
20240510;100221;0.023115;100000;10319458904;B
20240510;100221;0.023115;100000;10319458940;B
20240510;100221;0.023115;100000;10319458964;B
20240510;100221;0.023115;100000;10319458972;B
20240510;100221;0.023115;100000;10319458983;B
20240510;100221;0.023115;100000;10319459001;B
20240510;100222;0.023115;100000;10319459032;B
20240510;100222;0.023115;100000;10319459058;B
20240510;100222;0.023115;100000;10319459081;B
20240510;100222;0.023115;100000;10319459102;B
20240510;100222;0.023115;100000;10319459110;B
20240510;100225;0.023115;10000;10319459623;B
20240510;100225;0.02311;20000;10319459652;S
20240510;100225;0.02311;640000;10319459653;S
20240510;100225;0.02311;100000;10319459654;S
20240510;100225;0.023105;1000000;10319459655;S
20240510;100225;0.023105;1240000;10319459656;S
20240510;100227;0.02311;1000000;10319459860;B
20240510;100227;0.023105;10000;10319459869;S
20240510;100228;0.02311;10000;10319460063;B
20240510;100230;0.023105;70000;10319460385;S
20240510;100232;0.023105;40000;10319460688;B
20240510;100232;0.023105;50000;10319460839;B
20240510;100233;0.0231;100000;10319460903;S
20240510;100234;0.0231;4000000;10319461025;S
20240510;100234;0.0231;20000;10319461064;S
20240510;100235;0.0231;300000;10319461268;S
20240510;100235;0.0231;220000;10319461550;S
20240510;100237;0.023105;3000000;10319462169;B
20240510;100237;0.0231;10000;10319462189;S
20240510;100243;0.0231;20000;10319463285;B
20240510;100244;0.0231;4440000;10319463493;B
20240510;100244;0.0231;20000;10319463507;B
20240510;100244;0.0231;20000;10319463577;B
20240510;100245;0.0231;1500000;10319463798;B
20240510;100245;0.0231;910000;10319463799;B
20240510;100246;0.0231;10000;10319463885;B
20240510;100248;0.023105;10000;10319464225;B
20240510;100249;0.0231;50000;10319464398;S
20240510;100252;0.023105;60000;10319464804;B
20240510;100252;0.023105;100000;10319464805;B
20240510;100252;0.023105;40000;10319464806;B
20240510;100252;0.023105;50000;10319464850;B
20240510;100254;0.0231;10000;10319465049;S
20240510;100254;0.023105;5910000;10319465138;B
20240510;100254;0.023105;6000000;10319465139;B
20240510;100254;0.023105;6000000;10319465140;B
20240510;100254;0.023105;6000000;10319465141;B
20240510;100254;0.023105;6000000;10319465142;B
20240510;100254;0.02311;15690000;10319465143;B
20240510;100255;0.023105;6000000;10319465368;B
20240510;100255;0.023105;6000000;10319465369;B
20240510;100255;0.023105;6000000;10319465370;B
20240510;100255;0.023105;6000000;10319465371;B
20240510;100255;0.023105;6000000;10319465372;B
20240510;100255;0.02311;13300000;10319465373;B
20240510;100255;0.02311;1000000;10319465374;B
20240510;100255;0.02311;10000;10319465375;B
20240510;100255;0.02311;400000;10319465376;B
20240510;100255;0.02311;11680000;10319465377;B
20240510;100255;0.02311;3530000;10319465378;B
20240510;100255;0.02311;20080000;10319465379;B
20240510;100256;0.023105;3450000;10319465515;S
20240510;100257;0.0231;10000;10319465555;S
20240510;100257;0.0231;10000;10319465648;S
20240510;100300;0.023105;100000;10319466264;B
20240510;100300;0.023105;100000;10319466430;B
20240510;100304;0.023105;50000;10319467073;B
20240510;100304;0.023105;740000;10319467145;B
20240510;100304;0.023105;10000;10319467146;B
20240510;100304;0.02311;270000;10319467147;B
20240510;100305;0.02311;600000;10319467412;B
20240510;100307;0.02311;230000;10319467667;B
20240510;100310;0.0231;10000;10319468128;S
20240510;100312;0.0231;240000;10319468369;S
20240510;100312;0.02311;20000;10319468433;B
20240510;100312;0.0231;600000;10319468451;S
20240510;100313;0.02311;10000;10319468499;B
20240510;100313;0.02311;10000;10319468526;B
20240510;100313;0.02311;100000;10319468543;B
20240510;100314;0.0231;20000;10319468759;S
20240510;100315;0.02311;80000;10319468867;B
20240510;100320;0.023105;10000;10319469698;B
20240510;100322;0.0231;1100000;10319470015;S
20240510;100322;0.0231;10000;10319470039;S
20240510;100324;0.023105;20000;10319470360;B
20240510;100327;0.023105;2410000;10319470675;B
20240510;100327;0.023105;10000;10319470688;B
20240510;100334;0.023105;100000;10319471812;B
20240510;100342;0.023105;100000;10319472754;B
20240510;100346;0.0231;20000;10319473311;S
20240510;100348;0.023105;270000;10319473605;B
20240510;100350;0.023105;170000;10319473860;B
20240510;100352;0.023105;20000;10319474066;B
20240510;100353;0.023105;10000;10319474157;B
20240510;100355;0.0231;10000;10319474344;S
20240510;100355;0.0231;90000;10319474345;S
20240510;100359;0.0231;350000;10319474919;S
20240510;100401;0.023105;40000;10319475133;B
20240510;100401;0.023105;2840000;10319475177;B
20240510;100401;0.023105;6000000;10319475178;B
20240510;100401;0.023105;4440000;10319475179;B
20240510;100401;0.023105;3000000;10319475180;B
20240510;100401;0.023105;3720000;10319475181;B
20240510;100401;0.023105;2280000;10319475182;B
20240510;100401;0.02311;680000;10319475183;B
20240510;100401;0.02311;1440000;10319475184;B
20240510;100403;0.0231;40000;10319475431;S
20240510;100406;0.023105;300000;10319475729;B
20240510;100407;0.023105;100000;10319475914;B
20240510;100414;0.0231;10000;10319476770;S
20240510;100414;0.023105;10000;10319476861;B
20240510;100415;0.0231;10000;10319476978;S
20240510;100420;0.023105;10000;10319477557;B
20240510;100420;0.023105;60000;10319477562;B
20240510;100420;0.0231;100000;10319477583;S
20240510;100422;0.023105;20000;10319477768;B
20240510;100423;0.023105;70000;10319477877;B
20240510;100425;0.023105;1100000;10319478045;B
20240510;100425;0.0231;60000;10319478106;S
20240510;100429;0.023105;20000;10319478714;B
20240510;100431;0.0231;150000;10319478982;S
20240510;100431;0.0231;20000;10319478993;S
20240510;100433;0.023105;1000000;10319479146;B
20240510;100433;0.023105;1000000;10319479182;B
20240510;100433;0.023105;2310000;10319479183;B
20240510;100433;0.023105;690000;10319479184;B
20240510;100434;0.023105;30000;10319479302;B
20240510;100434;0.023105;40000;10319479333;B
20240510;100435;0.0231;100000;10319479402;S
20240510;100437;0.0231;10000;10319479560;S
20240510;100438;0.0231;500000;10319479635;S
20240510;100438;0.0231;10000;10319479695;S
20240510;100438;0.0231;380000;10319479717;S
20240510;100439;0.023105;190000;10319479724;B
20240510;100439;0.0231;6000000;10319479727;S
20240510;100441;0.0231;10000;10319480011;S
20240510;100444;0.023105;10000;10319480238;B
20240510;100445;0.0231;40000;10319480521;S
20240510;100445;0.0231;40000;10319480612;S
20240510;100447;0.0231;1200000;10319480846;S
20240510;100447;0.023105;100000;10319480885;B
20240510;100450;0.0231;50000;10319481194;S
20240510;100452;0.0231;30000;10319481377;S
20240510;100452;0.0231;10000;10319481444;S
20240510;100455;0.0231;100000;10319481920;S
20240510;100457;0.0231;30000;10319482076;S
20240510;100457;0.0231;10000;10319482105;S
20240510;100458;0.023105;30000;10319482121;B
20240510;100459;0.0231;1690000;10319482226;S
20240510;100502;0.0231;30000;10319482936;S
20240510;100502;0.0231;10000000;10319483023;S
20240510;100503;0.023105;20000;10319483109;B
20240510;100503;0.023105;20000;10319483220;B
20240510;100504;0.0231;20000;10319483258;S
20240510;100505;0.023105;270000;10319483391;B
20240510;100505;0.023105;60000;10319483400;B
20240510;100506;0.0231;1040000;10319483523;S
20240510;100511;0.0231;27870000;10319484111;S
20240510;100511;0.0231;50000000;10319484112;S
20240510;100511;0.0231;110000;10319484113;S
20240510;100511;0.0231;70000;10319484114;S
20240510;100511;0.0231;10000;10319484115;S
20240510;100511;0.0231;30000;10319484116;S
20240510;100511;0.0231;20000;10319484117;S
20240510;100511;0.0231;10000;10319484118;S
20240510;100511;0.023095;10000000;10319484119;S
20240510;100511;0.023095;100000;10319484120;S
20240510;100511;0.023095;14710000;10319484121;S
20240510;100511;0.023095;2480000;10319484122;S
20240510;100511;0.023095;2810000;10319484123;S
20240510;100511;0.02309;10000;10319484124;S
20240510;100511;0.02309;10000;10319484125;S
20240510;100511;0.02309;10000;10319484126;S
20240510;100511;0.02309;5000000;10319484127;S
20240510;100511;0.023085;100000;10319484128;S
20240510;100511;0.023085;2400000;10319484129;S
20240510;100511;0.02308;100000;10319484130;S
20240510;100511;0.02308;100000;10319484207;S
20240510;100513;0.023085;20000;10319484394;B
20240510;100514;0.023085;30000;10319484653;B
20240510;100514;0.023085;40000;10319484656;B
20240510;100515;0.023085;10000;10319484793;B
20240510;100515;0.023085;20000;10319484812;B
20240510;100516;0.02308;60000;10319484881;S
20240510;100516;0.02308;730000;10319484882;S
20240510;100516;0.02308;620000;10319484883;S
20240510;100518;0.02308;10000;10319485161;S
20240510;100519;0.023085;250000;10319485201;B
20240510;100519;0.023085;750000;10319485202;B
20240510;100519;0.023085;50000;10319485355;B
20240510;100520;0.023085;390000;10319485412;B
20240510;100522;0.023085;60000;10319485726;B
20240510;100524;0.02308;920000;10319485923;S
20240510;100527;0.023085;40000;10319486163;B
20240510;100527;0.023085;560000;10319486206;B
20240510;100527;0.023085;1850000;10319486207;B
20240510;100527;0.02308;2660000;10319486213;S
20240510;100527;0.02308;1000000;10319486214;S
20240510;100527;0.02308;10000;10319486215;S
20240510;100527;0.02308;10000;10319486216;S
20240510;100531;0.02308;40000;10319486833;S
20240510;100531;0.02308;240000;10319486834;S
20240510;100536;0.023085;250000;10319487362;B
20240510;100536;0.023085;1750000;10319487363;B
20240510;100536;0.023085;10000;10319487374;B
20240510;100538;0.023085;10000;10319487661;B
20240510;100538;0.023085;1550000;10319487662;B
20240510;100539;0.023085;10000;10319487819;B
20240510;100540;0.02309;10000;10319487993;B
20240510;100542;0.02309;10000;10319488172;B
20240510;100545;0.02309;30000;10319488596;B
20240510;100547;0.02308;10000;10319488913;S
20240510;100548;0.02309;30000;10319488995;B
20240510;100549;0.023085;220000;10319489071;S
20240510;100550;0.02309;10000;10319489126;B
20240510;100550;0.02309;200000;10319489127;B
20240510;100550;0.02309;4790000;10319489165;S
20240510;100550;0.02309;1000000;10319489166;S
20240510;100550;0.02309;1590000;10319489167;S
20240510;100552;0.023085;500000;10319489423;S
20240510;100553;0.02309;140000;10319489489;B
20240510;100553;0.02308;20000;10319489508;S
20240510;100558;0.02309;300000;10319489933;B
20240510;100558;0.02309;1500000;10319489994;B
20240510;100559;0.023085;20000;10319490086;S
20240510;100600;0.02309;10000;10319490195;B
20240510;100600;0.023085;250000;10319490210;S
20240510;100603;0.023085;3260000;10319490467;S
20240510;100603;0.023085;1000000;10319490468;S
20240510;100603;0.023085;3000000;10319490469;S
20240510;100603;0.023085;230000;10319490470;S
20240510;100603;0.023085;1680000;10319490471;S
20240510;100603;0.02309;10000;10319490491;B
20240510;100606;0.02309;20000;10319490694;B
20240510;100610;0.023085;440000;10319491182;S
20240510;100610;0.023085;2560000;10319491258;S
20240510;100610;0.023085;1000000;10319491259;S
20240510;100610;0.023085;3000000;10319491260;S
20240510;100610;0.023085;760000;10319491261;S
20240510;100610;0.02309;2600000;10319491276;B
20240510;100610;0.02309;180000;10319491277;B
20240510;100610;0.023095;2000000;10319491278;B
20240510;100610;0.023095;3220000;10319491279;B
20240510;100610;0.023095;2000000;10319491306;B
20240510;100612;0.023085;60000;10319491505;S
20240510;100621;0.023085;220000;10319492550;S
20240510;100622;0.02309;160000;10319492646;B
20240510;100622;0.02309;90000;10319492647;B
20240510;100622;0.023095;50000;10319492648;B
20240510;100623;0.02309;10000;10319492818;B
20240510;100630;0.023085;10000;10319493621;S
20240510;100631;0.023085;10000;10319493824;B
20240510;100632;0.02309;40000;10319493897;B
20240510;100633;0.02309;50000;10319494040;B
20240510;100633;0.02309;210000;10319494057;B
20240510;100634;0.02309;10000;10319494186;B
20240510;100651;0.023085;3000000;10319496013;S
20240510;100651;0.023085;1000000;10319496014;S
20240510;100651;0.023085;400000;10319496015;S
20240510;100652;0.023085;3000000;10319496106;S
20240510;100652;0.02308;20000;10319496117;S
20240510;100652;0.023085;10000;10319496125;B
20240510;100658;0.02308;1740000;10319496621;S
20240510;100702;0.02308;20000;10319497132;S
20240510;100703;0.023085;200000;10319497184;B
20240510;100703;0.023085;10000;10319497219;B
20240510;100717;0.023085;260000;10319498630;B
20240510;100720;0.023085;100000;10319498992;B
20240510;100721;0.023085;10000;10319499058;B
20240510;100722;0.023085;10000;10319499210;B
20240510;100723;0.023085;10000;10319499243;B
20240510;100724;0.02308;10000;10319499428;S
20240510;100724;0.02308;10000;10319499429;S
20240510;100727;0.023085;390000;10319499730;B
20240510;100727;0.023085;1310000;10319499731;B
20240510;100727;0.023085;720000;10319499732;B
20240510;100729;0.02309;10000;10319499932;B
20240510;100730;0.02309;20000;10319499957;B
20240510;100733;0.023085;10000;10319500311;S
20240510;100735;0.02309;300000;10319500485;B
20240510;100743;0.02309;20000;10319501383;B
20240510;100747;0.023085;150000;10319501725;S
20240510;100751;0.02309;30000;10319502326;B
20240510;100756;0.023085;10000;10319502832;S
20240510;100756;0.02309;10000;10319502837;B
20240510;100758;0.02309;20000;10319503022;B
20240510;100801;0.023085;3000000;10319503257;S
20240510;100801;0.023085;2610000;10319503258;S
20240510;100801;0.023085;10000;10319503259;S
20240510;100801;0.02308;7970000;10319503260;S
20240510;100801;0.023085;10000;10319503330;B
20240510;100806;0.023085;30000;10319503671;B
20240510;100807;0.023085;10000;10319503797;B
20240510;100807;0.02308;50000;10319503820;S
20240510;100808;0.023085;20000;10319503880;B
20240510;100811;0.02308;500000;10319504139;S
20240510;100816;0.02308;20000;10319504732;S
20240510;100819;0.023085;1880000;10319505011;B
20240510;100820;0.023085;50000;10319505133;B
20240510;100824;0.023085;1200000;10319505570;B
20240510;100824;0.023085;10000;10319505628;B
20240510;100826;0.02308;40000;10319505751;S
20240510;100828;0.023085;10000;10319505861;B
20240510;100828;0.02308;10000;10319505870;S
20240510;100829;0.02308;19730000;10319505980;S
20240510;100830;0.02308;10000000;10319506054;S
20240510;100833;0.023085;200000;10319506340;B
20240510;100834;0.023085;20000;10319506450;B
20240510;100834;0.023085;50000;10319506500;B
20240510;100835;0.02308;2500000;10319506605;S
20240510;100844;0.023085;10000;10319507593;B
20240510;100845;0.023085;10000;10319507676;B
20240510;100847;0.023085;10000;10319507912;B
20240510;100847;0.023085;10000;10319507922;B
20240510;100847;0.02308;10000;10319507944;S
20240510;100849;0.02308;100000;10319508057;S
20240510;100853;0.023085;5150000;10319508490;B
20240510;100853;0.023085;3760000;10319508491;B
20240510;100853;0.023085;50000;10319508492;B
20240510;100853;0.023085;10000;10319508493;B
20240510;100853;0.023085;60000;10319508494;B
20240510;100853;0.023085;50000;10319508495;B
20240510;100853;0.023085;60000;10319508496;B
20240510;100853;0.023085;20000;10319508497;B
20240510;100853;0.023085;20000;10319508498;B
20240510;100853;0.023085;10000;10319508499;B
20240510;100853;0.023085;40000;10319508500;B
20240510;100853;0.023085;40000;10319508501;B
20240510;100853;0.023085;10000;10319508502;B
20240510;100853;0.023085;60000;10319508503;B
20240510;100853;0.023085;3530000;10319508504;B
20240510;100853;0.023085;15410000;10319508505;B
20240510;100854;0.023085;10000;10319508604;B
20240510;100857;0.023085;10000;10319508989;B
20240510;100858;0.02308;20000;10319509067;S
20240510;100900;0.02308;90000;10319509294;S
20240510;100902;0.023085;60000;10319509607;B
20240510;100905;0.02308;1000000;10319509970;S
20240510;100905;0.023085;10000;10319509975;B
20240510;100909;0.023085;100000;10319510470;B
20240510;100911;0.023085;3870000;10319510649;B
20240510;100912;0.023085;10000;10319510878;B
20240510;100912;0.023085;10000;10319510894;B
20240510;100912;0.023085;2000000;10319510895;B
20240510;100913;0.023085;300000;10319511038;B
20240510;100913;0.023085;600000;10319511039;B
20240510;100916;0.02309;4030000;10319511574;B
20240510;100916;0.02309;150000;10319511575;B
20240510;100916;0.02309;1890000;10319511576;B
20240510;100918;0.02309;10000;10319511771;B
20240510;100920;0.02309;50000;10319512141;B
20240510;100921;0.023085;10000;10319512314;S
20240510;100923;0.02309;1410000;10319512529;B
20240510;100923;0.02309;1420000;10319512649;B
20240510;100925;0.02309;20000;10319513059;B
20240510;100925;0.02309;30000;10319513076;B
20240510;100927;0.02309;2410000;10319513382;B
20240510;100928;0.02309;10000;10319513442;B
20240510;100929;0.023085;100000;10319513530;S
20240510;100929;0.02309;10000;10319513536;B
20240510;100931;0.023085;10000;10319513690;S
20240510;100931;0.023085;1050000;10319513830;S
20240510;100932;0.02309;10000;10319513871;B
20240510;100934;0.02309;50000;10319514202;B
20240510;100935;0.023085;60000;10319514243;S
20240510;100938;0.02309;3000000;10319514585;B
20240510;100938;0.023085;1410000;10319514646;S
20240510;100941;0.02309;70000;10319514911;B
20240510;100943;0.02309;30000;10319515158;B
20240510;100944;0.02309;30000;10319515452;B
20240510;100945;0.023085;300000;10319515585;S
20240510;100945;0.02309;30000;10319515614;B
20240510;100946;0.02309;210000;10319515766;B
20240510;100949;0.02309;10000;10319516054;B
20240510;100949;0.023085;30000;10319516169;S
20240510;100952;0.02309;9300000;10319516579;B
20240510;100952;0.02309;250000;10319516580;B
20240510;100952;0.02309;120000;10319516581;B
20240510;100952;0.02309;10000;10319516582;B
20240510;100952;0.023095;1000000;10319516583;B
20240510;100952;0.023095;9240000;10319516584;B
20240510;100954;0.02309;10000;10319516798;S
20240510;100957;0.023095;20000;10319517051;B
20240510;101000;0.023095;740000;10319517250;B
20240510;101000;0.023095;10000;10319517251;B
20240510;101000;0.023095;110000;10319517252;B
20240510;101000;0.023095;1000000;10319517256;S
20240510;101004;0.023095;60000;10319517892;S
20240510;101004;0.0231;400000;10319517955;B
20240510;101009;0.023095;200000;10319518677;S
20240510;101013;0.023095;3150000;10319519103;S
20240510;101013;0.023095;230000;10319519104;S
20240510;101013;0.023095;170000;10319519105;S
20240510;101013;0.023095;40000;10319519106;S
20240510;101013;0.023095;110000;10319519107;S
20240510;101013;0.023095;440000;10319519108;S
20240510;101013;0.023095;530000;10319519109;S
20240510;101013;0.023095;330000;10319519110;S
20240510;101016;0.023095;60000;10319519481;S
20240510;101017;0.023095;50000;10319519674;S
20240510;101017;0.023095;570000;10319519675;S
20240510;101017;0.023095;370000;10319519676;S
20240510;101017;0.023095;440000;10319519677;S
20240510;101017;0.023095;8570000;10319519678;S
20240510;101019;0.0231;40000;10319519850;B
20240510;101019;0.0231;110000;10319519851;B
20240510;101019;0.0231;100000;10319519852;B
20240510;101019;0.0231;5000000;10319519853;B
20240510;101019;0.0231;50000;10319519854;B
20240510;101019;0.0231;9700000;10319519855;B
20240510;101021;0.0231;250000;10319520070;B
20240510;101024;0.0231;100000;10319520430;B
20240510;101025;0.023095;480000;10319520626;S
20240510;101027;0.0231;10000;10319520774;B
20240510;101029;0.023095;20000;10319521025;S
20240510;101030;0.0231;160000;10319521098;B
20240510;101031;0.023095;30000;10319521293;S
20240510;101033;0.0231;210000;10319521432;B
20240510;101033;0.0231;10000;10319521559;B
20240510;101034;0.0231;100000;10319521620;B
20240510;101035;0.0231;20000;10319521749;B
20240510;101036;0.0231;10000;10319521908;B
20240510;101037;0.0231;30000;10319522056;B
20240510;101038;0.0231;10000;10319522104;B
20240510;101040;0.0231;140000;10319522410;B
20240510;101042;0.0231;70000;10319522561;B
20240510;101042;0.0231;40000;10319522579;B
20240510;101042;0.023095;60000;10319522607;S
20240510;101044;0.0231;240000;10319522794;B
20240510;101044;0.023095;590000;10319522800;S
20240510;101045;0.023095;240000;10319522880;S
20240510;101046;0.0231;670000;10319523131;B
20240510;101047;0.0231;130000;10319523352;B
20240510;101047;0.023095;200000;10319523382;S
20240510;101048;0.023095;20000;10319523545;S
20240510;101055;0.0231;800000;10319524464;B
20240510;101056;0.0231;20000;10319524481;B
20240510;101059;0.0231;10000;10319524759;B
20240510;101100;0.023095;1570000;10319524907;S
20240510;101100;0.023095;220000;10319525242;S
20240510;101100;0.023095;4570000;10319525243;S
20240510;101100;0.023095;480000;10319525511;S
20240510;101101;0.023095;10000;10319525732;S
20240510;101108;0.023095;10000000;10319526609;S
20240510;101109;0.0231;7270000;10319526813;B
20240510;101109;0.0231;10000;10319526814;B
20240510;101109;0.0231;3530000;10319526815;B
20240510;101109;0.0231;10000;10319526816;B
20240510;101109;0.0231;10000;10319526817;B
20240510;101109;0.0231;10000;10319526818;B
20240510;101109;0.0231;10000;10319526819;B
20240510;101109;0.0231;10000;10319526820;B
20240510;101109;0.0231;10000;10319526821;B
20240510;101109;0.0231;10000;10319526822;B
20240510;101109;0.0231;9120000;10319526823;B
20240510;101110;0.0231;20000;10319526963;B
20240510;101111;0.0231;80000;10319527024;B
20240510;101111;0.0231;50000;10319527027;B
20240510;101111;0.023095;980000;10319527061;S
20240510;101111;0.0231;10000;10319527072;B
20240510;101114;0.023095;170000;10319527482;S
20240510;101115;0.023095;50000;10319527619;S
20240510;101117;0.0231;70000;10319527905;B
20240510;101117;0.0231;30000;10319527906;B
20240510;101119;0.0231;1000000;10319528105;B
20240510;101122;0.023095;350000;10319528432;S
20240510;101125;0.0231;120000;10319528954;B
20240510;101126;0.0231;10000;10319528973;B
20240510;101127;0.0231;10000;10319529132;B
20240510;101127;0.0231;10000;10319529180;B
20240510;101127;0.0231;2400000;10319529181;B
20240510;101133;0.0231;10000;10319529854;B
20240510;101134;0.023095;1560000;10319529901;S
20240510;101134;0.023095;1500000;10319529902;S
20240510;101134;0.023095;330000;10319529903;S
20240510;101134;0.023095;100000;10319529904;S
20240510;101134;0.023095;10000;10319529905;S
20240510;101134;0.023095;1060000;10319529906;S
20240510;101134;0.023095;20000;10319529907;S
20240510;101134;0.023095;30000;10319529908;S
20240510;101134;0.023095;250000;10319529909;S
20240510;101134;0.023095;300000;10319529910;S
20240510;101134;0.023095;100000;10319529911;S
20240510;101138;0.0231;10000;10319530776;B
20240510;101138;0.023095;50000;10319530786;S
20240510;101139;0.023095;130000;10319530879;S
20240510;101140;0.0231;250000;10319531087;B
20240510;101144;0.023095;10000;10319531680;S
20240510;101148;0.0231;100000;10319532306;B
20240510;101148;0.023095;30000;10319532313;S
20240510;101149;0.023095;80000;10319532477;S
20240510;101150;0.023095;40000;10319532603;S
20240510;101151;0.0231;30000;10319532672;B
20240510;101152;0.023095;30000;10319532811;S
20240510;101154;0.0231;70000;10319533097;B
20240510;101156;0.0231;5130000;10319533343;B
20240510;101156;0.0231;30000000;10319533344;B
20240510;101156;0.0231;4440000;10319533345;B
20240510;101156;0.0231;3530000;10319533346;B
20240510;101200;0.023105;70000;10319533855;B
20240510;101203;0.0231;30000;10319534488;S
20240510;101208;0.023105;580000;10319535208;B
20240510;101212;0.0231;10000000;10319535941;S
20240510;101214;0.0231;100000;10319536270;S
20240510;101215;0.0231;44400000;10319536317;S
20240510;101216;0.0231;70000;10319536388;S
20240510;101218;0.0231;1000000;10319536696;S
20240510;101220;0.023105;30000;10319536959;B
20240510;101221;0.0231;40000;10319537076;S
20240510;101228;0.0231;20000;10319537801;S
20240510;101228;0.023105;10000;10319537882;B
20240510;101229;0.023105;20000;10319537945;B
20240510;101230;0.023105;10000;10319538126;B
20240510;101234;0.0231;18210000;10319539073;S
20240510;101238;0.023105;4280000;10319539518;B
20240510;101238;0.023105;25000000;10319539519;B
20240510;101238;0.023105;10000000;10319539520;B
20240510;101238;0.023105;10000;10319539521;B
20240510;101238;0.023105;710000;10319539522;B
20240510;101239;0.023105;20000;10319539581;B
20240510;101240;0.023105;140000;10319539764;B
20240510;101242;0.023105;10000;10319539962;B
20240510;101244;0.023105;40000;10319540158;B
20240510;101246;0.0231;30000;10319540610;S
20240510;101247;0.023105;10000;10319540795;B
20240510;101247;0.023105;210000;10319540862;B
20240510;101250;0.023105;20000;10319541241;B
20240510;101252;0.023105;10000;10319541503;B
20240510;101253;0.023105;40000;10319541570;B
20240510;101254;0.023105;10000;10319541698;B
20240510;101255;0.0231;480000;10319541895;S
20240510;101257;0.023105;40000;10319542052;B
20240510;101300;0.023105;50000;10319542461;B
20240510;101301;0.0231;10000;10319542588;S
20240510;101304;0.023105;10000;10319542984;B
20240510;101305;0.023105;10000;10319543063;B
20240510;101308;0.023105;10000;10319543333;B
20240510;101308;0.023105;10000;10319543367;B
20240510;101311;0.023105;20000;10319543705;B
20240510;101313;0.023105;70000;10319544075;B
20240510;101314;0.023105;80000;10319544295;B
20240510;101315;0.0231;20000;10319544457;S
20240510;101315;0.023105;2190000;10319544465;B
20240510;101315;0.023105;3530000;10319544466;B
20240510;101315;0.023105;1960000;10319544467;B
20240510;101315;0.023105;2000000;10319544468;B
20240510;101315;0.023105;320000;10319544469;B
20240510;101316;0.0231;220000;10319544585;S
20240510;101316;0.0231;10000;10319544586;S
20240510;101318;0.023105;40000;10319544772;B
20240510;101319;0.0231;20000;10319544912;S
20240510;101319;0.0231;400000;10319544966;S
20240510;101320;0.0231;220000;10319545013;S
20240510;101321;0.0231;40000;10319545172;S
20240510;101322;0.023105;10000;10319545252;B
20240510;101323;0.023105;10000;10319545350;B
20240510;101325;0.023105;50000;10319545493;B
20240510;101327;0.023105;2420000;10319545900;B
20240510;101331;0.023105;10000;10319546607;B
20240510;101331;0.0231;20000;10319546683;S
20240510;101340;0.023105;20000;10319547613;B
20240510;101341;0.023105;10000;10319547708;B
20240510;101342;0.0231;500000;10319547850;S
20240510;101343;0.0231;100000;10319547970;S
20240510;101344;0.023105;10000;10319548116;B
20240510;101345;0.0231;50000;10319548167;S
20240510;101350;0.023105;10000;10319548761;B
20240510;101355;0.023105;10000;10319549537;B
20240510;101406;0.0231;40000;10319550657;S
20240510;101412;0.023105;500000;10319551272;B
20240510;101428;0.0231;2110000;10319553386;S
20240510;101428;0.0231;1490000;10319553387;S
20240510;101428;0.0231;730000;10319553388;S
20240510;101428;0.0231;100000;10319553389;S
20240510;101428;0.0231;1000000;10319553390;S
20240510;101428;0.0231;10000;10319553391;S
20240510;101428;0.0231;70000;10319553392;S
20240510;101428;0.0231;20000;10319553393;S
20240510;101428;0.0231;2380000;10319553394;S
20240510;101428;0.023095;16210000;10319553395;S
20240510;101428;0.023095;10000;10319553444;S
20240510;101428;0.023095;970000;10319553445;S
20240510;101428;0.023095;10000;10319553446;S
20240510;101428;0.02309;1000000;10319553447;S
20240510;101428;0.02309;2000000;10319553448;S
20240510;101428;0.02309;10000;10319553449;S
20240510;101428;0.02309;30000;10319553450;S
20240510;101428;0.02309;3530000;10319553451;S
20240510;101428;0.02309;2060000;10319553452;S
20240510;101428;0.02309;100000;10319553453;S
20240510;101428;0.02309;4340000;10319553454;S
20240510;101428;0.023085;100000;10319553455;S
20240510;101428;0.023085;30000;10319553456;S
20240510;101428;0.023085;200000;10319553457;S
20240510;101428;0.023085;1000000;10319553458;S
20240510;101428;0.023085;1290000;10319553459;S
20240510;101428;0.02309;3000000;10319553493;S
20240510;101428;0.02309;4340000;10319553494;S
20240510;101428;0.02309;3750000;10319553495;S
20240510;101428;0.02309;2300000;10319553506;S
20240510;101428;0.02309;490000;10319553513;S
20240510;101428;0.02309;510000;10319553514;S
20240510;101428;0.02309;310000;10319553515;S
20240510;101428;0.02309;1000000;10319553522;S
20240510;101428;0.023085;660000;10319553523;S
20240510;101428;0.023085;100000;10319553604;S
20240510;101428;0.023085;4290000;10319553606;S
20240510;101428;0.023085;680000;10319553607;S
20240510;101428;0.023085;2860000;10319553667;S
20240510;101428;0.023085;2460000;10319553708;S
20240510;101428;0.023085;10000;10319553709;S
20240510;101428;0.023085;7780000;10319553710;S
20240510;101429;0.023095;1000000;10319553861;B
20240510;101429;0.023095;270000;10319553862;B
20240510;101431;0.023095;70000;10319554059;B
20240510;101431;0.0231;300000;10319554065;B
20240510;101431;0.0231;450000;10319554095;B
20240510;101434;0.02309;10000;10319554331;S
20240510;101434;0.0231;1150000;10319554365;B
20240510;101438;0.02309;10000;10319555073;S
20240510;101439;0.023095;70000;10319555149;B
20240510;101443;0.02309;160000;10319555690;S
20240510;101444;0.023095;240000;10319555947;B
20240510;101444;0.0231;260000;10319555948;B
20240510;101448;0.02309;10000;10319556304;S
20240510;101452;0.023095;10000;10319556744;B
20240510;101452;0.0231;10000;10319556745;B
20240510;101455;0.023095;230000;10319557040;B
20240510;101457;0.023095;20000;10319557395;S
20240510;101457;0.02309;40000;10319557396;S
20240510;101457;0.023095;210000;10319557397;S
20240510;101458;0.023095;20000;10319557473;S
20240510;101459;0.023095;50000;10319557623;S
20240510;101459;0.0231;40000;10319557639;B
20240510;101505;0.0231;100000;10319559151;B
20240510;101506;0.0231;30000;10319559208;B
20240510;101506;0.0231;750000;10319559445;B
20240510;101506;0.0231;3680000;10319559446;B
20240510;101506;0.0231;190000;10319559447;B
20240510;101506;0.0231;4340000;10319559448;B
20240510;101506;0.0231;3330000;10319559449;B
20240510;101506;0.023105;720000;10319559450;B
20240510;101506;0.023095;10000;10319559452;S
20240510;101508;0.023095;30000;10319559805;S
20240510;101508;0.023095;10000;10319559868;S
20240510;101509;0.0231;10000;10319560054;B
20240510;101509;0.0231;10000;10319560287;B
20240510;101509;0.023095;40000;10319560318;S
20240510;101510;0.0231;40000;10319560453;B
20240510;101510;0.023095;140000;10319560514;S
20240510;101510;0.0231;10000;10319560542;B
20240510;101512;0.023095;500000;10319560847;S
20240510;101512;0.023095;10000;10319560946;S
20240510;101514;0.0231;10000;10319561580;B
20240510;101515;0.023095;110000;10319561707;S
20240510;101515;0.0231;940000;10319561817;B
20240510;101516;0.023095;5000000;10319561969;S
20240510;101516;0.023095;10000;10319562055;S
20240510;101518;0.0231;10000;10319562642;B
20240510;101518;0.023095;370000;10319562669;S
20240510;101518;0.0231;10000;10319562702;B
20240510;101519;0.023095;10000;10319562787;S
20240510;101520;0.0231;20000;10319562940;B
20240510;101520;0.023095;10000;10319563082;S
20240510;101521;0.023095;190000;10319563382;S
20240510;101522;0.023095;10000;10319563728;S
20240510;101523;0.0231;10000;10319563922;B
20240510;101523;0.023095;80000;10319564035;S
20240510;101524;0.0231;280000;10319564227;B
20240510;101527;0.0231;1660000;10319565243;B
20240510;101527;0.0231;180000;10319565244;B
20240510;101527;0.0231;570000;10319565245;B
20240510;101528;0.023095;10000;10319565560;S
20240510;101530;0.0231;10000;10319565992;B
20240510;101530;0.023095;20000;10319566039;S
20240510;101531;0.023095;30000;10319566302;S
20240510;101532;0.023095;10000;10319566530;S
20240510;101533;0.0231;10000;10319566706;B
20240510;101533;0.0231;10000;10319566734;B
20240510;101534;0.023095;10000;10319567002;S
20240510;101534;0.023095;30000;10319567046;S
20240510;101535;0.0231;10000;10319567303;B
20240510;101536;0.0231;10000;10319567695;B
20240510;101536;0.023095;10000;10319567705;S
20240510;101537;0.0231;100000;10319567932;B
20240510;101539;0.0231;10000;10319568409;B
20240510;101541;0.0231;1500000;10319568854;B
20240510;101541;0.0231;10000;10319568886;B
20240510;101541;0.0231;10000;10319568902;B
20240510;101543;0.0231;10000;10319569300;B
20240510;101543;0.0231;10000;10319569417;B
20240510;101545;0.023095;80000;10319569798;S
20240510;101546;0.0231;30000;10319570096;B
20240510;101547;0.023095;50000;10319570337;S
20240510;101548;0.023095;10000;10319570543;S
20240510;101550;0.0231;130000;10319571174;B
20240510;101551;0.023095;10000;10319571540;S
20240510;101552;0.0231;10000;10319571733;B
20240510;101552;0.023095;10000;10319571767;S
20240510;101552;0.0231;740000;10319571775;B
20240510;101552;0.0231;170000;10319571776;B
20240510;101552;0.0231;90000;10319571777;B
20240510;101553;0.0231;10000;10319571872;B
20240510;101553;0.0231;10000;10319571902;B
20240510;101555;0.023095;10000;10319573035;S
20240510;101557;0.023095;10000;10319573265;S
20240510;101558;0.023095;10000;10319573460;S
20240510;101558;0.0231;10000;10319573559;B
20240510;101600;0.023095;2150000;10319573997;S
20240510;101604;0.023095;70000;10319574987;S
20240510;101605;0.0231;10000;10319575076;B
20240510;101606;0.0231;50000;10319575239;B
20240510;101608;0.023095;10000;10319575752;S
20240510;101608;0.0231;300000;10319575781;B
20240510;101611;0.023095;10000;10319576388;S
20240510;101612;0.0231;3000000;10319576631;B
20240510;101613;0.0231;160000;10319576738;B
20240510;101613;0.023095;450000;10319576837;S
20240510;101615;0.023095;10000;10319577127;S
20240510;101617;0.023095;10000;10319577696;S
20240510;101618;0.023095;10000;10319577975;S
20240510;101623;0.023095;200000;10319579226;S
20240510;101623;0.0231;10000;10319579311;B
20240510;101624;0.0231;300000;10319579533;B
20240510;101626;0.0231;10000;10319580059;B
20240510;101627;0.023095;20000;10319580200;S
20240510;101630;0.023095;100000;10319581319;S
20240510;101633;0.0231;10000;10319582076;B
20240510;101634;0.023095;380000;10319582173;S
20240510;101636;0.023095;20000;10319582705;S
20240510;101637;0.0231;20000;10319583013;B
20240510;101641;0.023095;50000;10319584025;S
20240510;101642;0.023095;10000;10319584262;S
20240510;101642;0.0231;10000;10319584275;B
20240510;101643;0.023095;520000;10319584461;S
20240510;101644;0.0231;20000;10319584799;B
20240510;101647;0.0231;10000;10319585510;B
20240510;101648;0.023095;20000;10319585727;S
20240510;101650;0.0231;20000;10319586082;B
20240510;101650;0.0231;10000;10319586179;B
20240510;101653;0.0231;10000;10319587001;B
20240510;101654;0.023095;10000;10319587197;S
20240510;101656;0.0231;10000;10319587630;B
20240510;101658;0.023095;10000;10319588345;S
20240510;101658;0.0231;10000;10319588539;B
20240510;101700;0.023095;40000;10319588982;S
20240510;101701;0.0231;10000;10319589365;B
20240510;101701;0.0231;10000;10319589373;B
20240510;101702;0.023095;10000;10319589569;S
20240510;101702;0.0231;20000;10319589571;B
20240510;101703;0.0231;260000;10319589627;B
20240510;101703;0.023095;20000;10319589661;S
20240510;101703;0.023095;10000;10319589757;S
20240510;101704;0.023095;10000;10319589868;S
20240510;101709;0.0231;10000;10319590812;B
20240510;101709;0.0231;500000;10319590851;B
20240510;101710;0.023095;10000;10319591011;S
20240510;101711;0.0231;10000;10319591325;B
20240510;101712;0.023095;10000;10319591487;S
20240510;101715;0.0231;100000;10319591985;B
20240510;101716;0.0231;10000;10319592160;B
20240510;101717;0.023095;10000;10319592501;S
20240510;101719;0.0231;4170000;10319592845;B
20240510;101721;0.0231;10000;10319593268;B
20240510;101724;0.0231;10000;10319593778;B
20240510;101725;0.0231;10000;10319593839;B
20240510;101725;0.023095;20000;10319593885;S
20240510;101727;0.0231;2420000;10319594288;B
20240510;101728;0.023095;20000;10319594361;S
20240510;101730;0.023095;10000;10319594811;S
20240510;101730;0.0231;10000;10319594982;B
20240510;101731;0.0231;380000;10319595065;B
20240510;101732;0.0231;10000;10319595261;B
20240510;101737;0.0231;70000;10319595996;B
20240510;101739;0.0231;10000;10319596315;B
20240510;101740;0.023095;20000;10319596461;S
20240510;101741;0.0231;40000;10319596665;B
20240510;101742;0.023095;10000;10319596878;S
20240510;101743;0.023095;10000;10319596941;S
20240510;101745;0.0231;20000;10319597288;B
20240510;101745;0.023095;30000;10319597309;S
20240510;101745;0.0231;20000;10319597316;B
20240510;101748;0.0231;10000;10319597865;B
20240510;101750;0.0231;20000;10319598094;B
20240510;101752;0.0231;10000;10319598383;B
20240510;101753;0.0231;30000;10319598479;B
20240510;101754;0.0231;10000;10319598621;B
20240510;101756;0.023095;10000;10319599047;S
20240510;101758;0.023095;30000;10319599550;S
20240510;101759;0.0231;2510000;10319599765;B
20240510;101801;0.023095;10000;10319600337;S
20240510;101802;0.023095;10000;10319600363;S
20240510;101802;0.0231;10000;10319600483;B
20240510;101803;0.0231;2100000;10319600518;B
20240510;101805;0.0231;10000;10319601020;B
20240510;101806;0.0231;10000;10319601108;B
20240510;101807;0.0231;10000;10319601335;B
20240510;101807;0.0231;420000;10319601345;B
20240510;101808;0.0231;10000;10319601507;B
20240510;101811;0.0231;40000;10319601963;B
20240510;101812;0.0231;10000;10319601981;B
20240510;101812;0.0231;10000;10319602019;B
20240510;101812;0.0231;10000;10319602052;B
20240510;101819;0.0231;200000;10319603553;B
20240510;101820;0.0231;10000;10319603723;B
20240510;101822;0.023095;20000;10319604037;S
20240510;101822;0.0231;20000;10319604060;B
20240510;101822;0.0231;40000;10319604094;B
20240510;101823;0.023095;110000;10319604272;S
20240510;101824;0.0231;10000;10319604390;B
20240510;101826;0.0231;10000;10319604723;B
20240510;101830;0.0231;180000;10319605294;B
20240510;101832;0.0231;10000;10319605729;B
20240510;101834;0.0231;10000;10319606041;B
20240510;101835;0.0231;20000;10319606072;B
20240510;101835;0.0231;1900000;10319606166;B
20240510;101838;0.0231;10000;10319606460;B
20240510;101838;0.0231;10000;10319606542;B
20240510;101839;0.023095;10000;10319606578;S
20240510;101840;0.0231;10000;10319606760;B
20240510;101841;0.0231;10000;10319606906;B
20240510;101841;0.0231;50000;10319606971;B
20240510;101842;0.0231;750000;10319607177;B
20240510;101844;0.023095;30000;10319607392;S
20240510;101845;0.0231;100000;10319607606;B
20240510;101845;0.0231;60000;10319607633;B
20240510;101847;0.0231;10000;10319607922;B
20240510;101848;0.023095;100000;10319608136;S
20240510;101848;0.0231;10000;10319608173;B
20240510;101848;0.0231;10000;10319608239;B
20240510;101848;0.0231;100000;10319608240;B
20240510;101849;0.023095;70000;10319608349;S
20240510;101850;0.0231;10000;10319608472;B
20240510;101850;0.0231;10000;10319608563;B
20240510;101850;0.0231;10000;10319608581;B
20240510;101851;0.0231;20000;10319608677;B
20240510;101851;0.0231;10000;10319608766;B
20240510;101852;0.023095;120000;10319608794;S
20240510;101852;0.023095;200000;10319608808;S
20240510;101853;0.0231;10000;10319608968;B
20240510;101853;0.0231;10000;10319609002;B
20240510;101854;0.023095;3420000;10319609101;S
20240510;101854;0.023095;10000;10319609102;S
20240510;101854;0.023095;50000;10319609103;S
20240510;101854;0.023095;1990000;10319609104;S
20240510;101854;0.023095;90000;10319609105;S
20240510;101854;0.023095;200000;10319609106;S
20240510;101854;0.023095;200000;10319609107;S
20240510;101854;0.023095;1450000;10319609108;S
20240510;101854;0.023095;2280000;10319609109;S
20240510;101854;0.0231;10000;10319609114;B
20240510;101854;0.0231;10000;10319609185;B
20240510;101855;0.0231;10000;10319609340;B
20240510;101855;0.0231;900000;10319609389;B
20240510;101856;0.0231;10000;10319609556;B
20240510;101858;0.0231;20000;10319609802;B
20240510;101858;0.0231;10000;10319609805;B
20240510;101901;0.023095;10000;10319610294;S
20240510;101901;0.023095;130000;10319610344;S
20240510;101902;0.0231;50000;10319610425;B
20240510;101904;0.023095;20000;10319610816;S
20240510;101905;0.0231;10000;10319610961;B
20240510;101907;0.023095;10000;10319611280;S
20240510;101907;0.0231;800000;10319611282;B
20240510;101909;0.0231;10000;10319611706;B
20240510;101909;0.0231;10000;10319611748;B
20240510;101913;0.0231;10000;10319612327;B
20240510;101913;0.0231;100000;10319612402;B
20240510;101914;0.0231;10000;10319612504;B
20240510;101914;0.0231;100000;10319612516;B
20240510;101914;0.0231;100000;10319612561;B
20240510;101914;0.023095;20000;10319612562;S
20240510;101914;0.0231;10000;10319612584;B
20240510;101914;0.0231;100000;10319612621;B
20240510;101914;0.0231;100000;10319612660;B
20240510;101915;0.0231;10000;10319612748;B
20240510;101915;0.0231;100000;10319612775;B
20240510;101915;0.0231;100000;10319612810;B
20240510;101916;0.0231;100000;10319612838;B
20240510;101916;0.023095;50000;10319612882;S
20240510;101918;0.023095;40000;10319613191;S
20240510;101918;0.0231;100000;10319613259;B
20240510;101918;0.0231;20000;10319613269;B
20240510;101918;0.0231;100000;10319613305;B
20240510;101918;0.0231;100000;10319613330;B
20240510;101918;0.0231;10000;10319613361;B
20240510;101919;0.0231;10000;10319613482;B
20240510;101921;0.023095;20000;10319613700;S
20240510;101921;0.0231;10000;10319613747;B
20240510;101928;0.0231;2410000;10319614759;B
20240510;101929;0.023095;10000;10319614978;S
20240510;101930;0.0231;20000;10319615154;B
20240510;101930;0.0231;170000;10319615198;B
20240510;101931;0.0231;10000;10319615303;B
20240510;101931;0.0231;100000;10319615388;B
20240510;101933;0.0231;1000000;10319615626;B
20240510;101934;0.0231;10000;10319615796;B
20240510;101934;0.0231;10000;10319615801;B
20240510;101935;0.023095;20000;10319615997;S
20240510;101935;0.0231;7600000;10319616064;B
20240510;101936;0.0231;10000;10319616141;B
20240510;101936;0.0231;10000;10319616177;B
20240510;101937;0.0231;10000;10319616309;B
20240510;101940;0.0231;10000;10319616731;B
20240510;101940;0.0231;10000;10319616743;B
20240510;101940;0.0231;10000;10319616853;B
20240510;101941;0.0231;10000;10319616912;B
20240510;101942;0.0231;10000;10319617134;B
20240510;101942;0.0231;10000;10319617207;B
20240510;101943;0.023095;10000;10319617225;S
20240510;101943;0.0231;10000;10319617299;B
20240510;101946;0.0231;10000;10319617939;B
20240510;101948;0.0231;10000;10319618213;B
20240510;101948;0.0231;10000;10319618289;B
20240510;101948;0.0231;10000;10319618292;B
20240510;101951;0.0231;20000;10319618746;B
20240510;101952;0.0231;10000;10319618804;B
20240510;101954;0.023095;10000;10319618997;S
20240510;101954;0.0231;40000;10319619030;B
20240510;101957;0.0231;3000000;10319619467;B
20240510;101958;0.0231;20000;10319619582;B
20240510;102000;0.0231;10000;10319620026;B
20240510;102004;0.0231;2700000;10319620740;B
20240510;102005;0.0231;40000;10319620906;B
20240510;102006;0.023095;410000;10319620923;S
20240510;102008;0.023095;3580000;10319621352;S
20240510;102008;0.023095;50000;10319621353;S
20240510;102008;0.023095;3530000;10319621354;S
20240510;102008;0.023095;2410000;10319621355;S
20240510;102008;0.0231;2190000;10319621492;B
20240510;102008;0.0231;150000;10319621493;B
20240510;102008;0.0231;150000;10319621494;B
20240510;102008;0.0231;5000000;10319621495;B
20240510;102008;0.0231;250000;10319621496;B
20240510;102008;0.0231;10000;10319621497;B
20240510;102008;0.0231;20000;10319621498;B
20240510;102008;0.0231;20000;10319621499;B
20240510;102008;0.0231;20000;10319621500;B
20240510;102008;0.0231;60000;10319621501;B
20240510;102008;0.0231;50000;10319621502;B
20240510;102008;0.0231;50000;10319621503;B
20240510;102008;0.0231;70000;10319621504;B
20240510;102008;0.0231;40000;10319621505;B
20240510;102008;0.0231;40000;10319621506;B
20240510;102008;0.0231;20000;10319621507;B
20240510;102008;0.0231;50000;10319621508;B
20240510;102008;0.0231;10000;10319621509;B
20240510;102008;0.0231;70000;10319621510;B
20240510;102008;0.0231;50000;10319621511;B
20240510;102008;0.0231;37680000;10319621512;B
20240510;102010;0.0231;10000;10319621784;B
20240510;102010;0.0231;10000;10319621910;B
20240510;102011;0.0231;700000;10319622031;B
20240510;102013;0.023095;40000;10319622462;S
20240510;102015;0.0231;10000;10319622661;B
20240510;102017;0.0231;10000;10319624688;B
20240510;102018;0.0231;1100000;10319626048;B
20240510;102020;0.0231;10000;10319626275;B
20240510;102022;0.023095;20000;10319626600;S
20240510;102024;0.023095;280000;10319626929;S
20240510;102025;0.0231;10000;10319626992;B
20240510;102025;0.023095;20000;10319626996;S
20240510;102027;0.023095;20000;10319627259;S
20240510;102030;0.023095;30000;10319627685;S
20240510;102031;0.023095;20000;10319628835;S
20240510;102031;0.0231;80000;10319628845;B
20240510;102031;0.0231;100000;10319629094;B
20240510;102032;0.0231;10000;10319631500;B
20240510;102039;0.0231;10000000;10319635489;B
20240510;102040;0.023095;10000;10319635666;S
20240510;102040;0.0231;30000;10319635722;B
20240510;102041;0.0231;20000;10319635788;B
20240510;102041;0.023095;10000;10319635858;S
20240510;102042;0.023095;4760000;10319635947;S
20240510;102042;0.023095;40000;10319635948;S
20240510;102042;0.023095;1150000;10319635949;S
20240510;102042;0.023095;4050000;10319635950;S
20240510;102042;0.023095;10000;10319635997;S
20240510;102043;0.023095;200000;10319636125;S
20240510;102044;0.0231;10000;10319636229;B
20240510;102044;0.023095;480000;10319636360;S
20240510;102044;0.023095;130000;10319636399;S
20240510;102044;0.023095;110000;10319636400;S
20240510;102044;0.023095;30000;10319636401;S
20240510;102044;0.023095;70000;10319636402;S
20240510;102044;0.023095;270000;10319636403;S
20240510;102044;0.023095;320000;10319636404;S
20240510;102044;0.023095;270000;10319636405;S
20240510;102044;0.023095;350000;10319636406;S
20240510;102044;0.023095;230000;10319636407;S
20240510;102044;0.023095;270000;10319636408;S
20240510;102044;0.023095;7200000;10319636409;S
20240510;102044;0.023095;490000;10319636410;S
20240510;102044;0.023095;4340000;10319636411;S
20240510;102044;0.023095;6000000;10319636412;S
20240510;102044;0.023095;6000000;10319636413;S
20240510;102044;0.023095;80000;10319636414;S
20240510;102044;0.023095;6000000;10319636415;S
20240510;102044;0.023095;10000;10319636416;S
20240510;102044;0.023095;2880000;10319636417;S
20240510;102044;0.023095;5210000;10319636418;S
20240510;102044;0.023095;8680000;10319636419;S
20240510;102044;0.02309;7960000;10319636420;S
20240510;102044;0.02309;1000000;10319636421;S
20240510;102044;0.02309;12980000;10319636422;S
20240510;102044;0.02309;10000;10319636423;S
20240510;102044;0.02309;3300000;10319636424;S
20240510;102044;0.02309;5000000;10319636425;S
20240510;102044;0.02309;11680000;10319636426;S
20240510;102044;0.02309;450000;10319636427;S
20240510;102044;0.023095;80000;10319636709;B
20240510;102044;0.02309;11680000;10319636769;S
20240510;102044;0.02309;5210000;10319636770;S
20240510;102044;0.023085;12980000;10319636771;S
20240510;102044;0.023085;6000000;10319636772;S
20240510;102044;0.023085;3530000;10319636773;S
20240510;102044;0.023085;1000000;10319636774;S
20240510;102044;0.023085;6000000;10319636775;S
20240510;102044;0.023085;3720000;10319636776;S
20240510;102044;0.02308;10000;10319636777;S
20240510;102044;0.02308;10000;10319636778;S
20240510;102044;0.02308;20000;10319636779;S
20240510;102044;0.02308;10000;10319636780;S
20240510;102044;0.02308;10000;10319636781;S
20240510;102044;0.02308;10000;10319636782;S
20240510;102044;0.02308;10000;10319636783;S
20240510;102044;0.02308;10000;10319636784;S
20240510;102044;0.02308;10000;10319636785;S
20240510;102044;0.02308;10000;10319636786;S
20240510;102044;0.02308;20000;10319636787;S
20240510;102044;0.02308;10000;10319636788;S
20240510;102044;0.02308;40000;10319636789;S
20240510;102044;0.02308;10000;10319636790;S
20240510;102044;0.02308;20000000;10319636791;S
20240510;102044;0.02308;50000;10319636792;S
20240510;102044;0.02308;10000;10319636793;S
20240510;102044;0.02308;500000;10319636794;S
20240510;102044;0.02308;1000000;10319636795;S
20240510;102044;0.02308;6340000;10319636796;S
20240510;102044;0.02308;6000000;10319636797;S
20240510;102044;0.02308;1000000;10319636798;S
20240510;102044;0.02308;3000000;10319636799;S
20240510;102044;0.02308;12980000;10319636800;S
20240510;102044;0.02308;10000;10319636801;S
20240510;102044;0.02308;10220000;10319636802;S
20240510;102044;0.02308;220000;10319636803;S
20240510;102044;0.02308;100000;10319636804;S
20240510;102044;0.023075;6340000;10319636805;S
20240510;102044;0.023075;1000000;10319636806;S
20240510;102044;0.023075;6000000;10319636807;S
20240510;102044;0.023075;10000;10319636808;S
20240510;102044;0.023075;10420000;10319636809;S
20240510;102044;0.02308;100000;10319636827;S
20240510;102044;0.023085;80000;10319636875;B
20240510;102045;0.02308;20000;10319636897;S
20240510;102045;0.023085;80000;10319636908;B
20240510;102045;0.023085;80000;10319636971;B
20240510;102045;0.02309;80000;10319636981;B
20240510;102045;0.02309;80000;10319636989;B
20240510;102045;0.02309;80000;10319636993;B
20240510;102045;0.02309;80000;10319636996;B
20240510;102045;0.02309;80000;10319637001;B
20240510;102045;0.02309;20000;10319637006;B
20240510;102046;0.023085;20000;10319637064;S
20240510;102046;0.02309;10000;10319637200;B
20240510;102047;0.02309;20000;10319639161;B
20240510;102047;0.023085;190000;10319639212;S
20240510;102049;0.023085;250000;10319639496;S
20240510;102050;0.02309;10000;10319639700;B
20240510;102051;0.023085;100000;10319639777;S
20240510;102052;0.02309;20000;10319639862;B
20240510;102054;0.02309;10000;10319640191;B
20240510;102054;0.023085;2970000;10319640195;S
20240510;102054;0.023085;3920000;10319640196;S
20240510;102055;0.023085;10000;10319640224;B
20240510;102055;0.023085;10000;10319640996;B
20240510;102058;0.02308;10000;10319642758;S
20240510;102102;0.023085;70000;10319643720;B
20240510;102103;0.023085;10000;10319644710;B
20240510;102106;0.023085;20000;10319646100;B
20240510;102108;0.023085;10000;10319646747;B
20240510;102110;0.023085;2980000;10319647714;B
20240510;102110;0.023085;140000;10319647715;B
20240510;102110;0.023085;1000000;10319647716;B
20240510;102110;0.02309;510000;10319647717;B
20240510;102110;0.02309;1370000;10319647718;B
20240510;102113;0.023085;10000;10319648401;B
20240510;102113;0.02309;40000;10319648421;B
20240510;102114;0.02309;20000;10319648533;B
20240510;102114;0.02309;940000;10319649882;B
20240510;102114;0.02309;2400000;10319649883;B
20240510;102115;0.02309;10000;10319650150;B
20240510;102116;0.02309;90000;10319650401;B
20240510;102116;0.02309;20000;10319650509;B
20240510;102117;0.023085;10000;10319650678;S
20240510;102118;0.02309;2890000;10319650750;B
20240510;102118;0.02309;130000;10319650751;B
20240510;102118;0.02309;1000000;10319650752;B
20240510;102118;0.023095;980000;10319650753;B
20240510;102119;0.023085;20000;10319651011;S
20240510;102119;0.02309;120000;10319651035;B
20240510;102120;0.02309;10000;10319651336;B
20240510;102121;0.023085;170000;10319651496;S
20240510;102121;0.023085;630000;10319651497;S
20240510;102126;0.02309;10000;10319653325;B
20240510;102126;0.02309;30000;10319653372;B
20240510;102128;0.02309;120000;10319653617;B
20240510;102128;0.02309;10000;10319653618;B
20240510;102128;0.02309;2280000;10319653619;B
20240510;102129;0.02309;30000;10319654846;B
20240510;102132;0.02309;30000;10319655912;B
20240510;102132;0.02309;10000;10319655947;B
20240510;102132;0.02309;20000;10319655962;B
20240510;102132;0.02309;20000;10319655975;B
20240510;102133;0.02309;60000;10319656102;B
20240510;102133;0.02309;20000;10319656109;B
20240510;102139;0.02309;10000;10319657317;B
20240510;102140;0.023085;630000;10319658550;S
20240510;102140;0.023085;370000;10319658551;S
20240510;102141;0.02308;440000;10319658726;S
20240510;102142;0.02308;2000000;10319658815;S
20240510;102142;0.02308;80000;10319658934;S
20240510;102143;0.02308;10000;10319658988;S
20240510;102143;0.02309;20000;10319659070;B
20240510;102143;0.02308;20000;10319659180;S
20240510;102144;0.02308;80000;10319659218;S
20240510;102145;0.023085;20000;10319659380;S
20240510;102145;0.023085;10000;10319659429;B
20240510;102147;0.02309;10000;10319662088;B
20240510;102148;0.02309;10000;10319662280;B
20240510;102149;0.023085;10000;10319662480;S
20240510;102151;0.02309;10000;10319663075;B
20240510;102151;0.023085;20000;10319663150;S
20240510;102152;0.023085;40000;10319663193;S
20240510;102153;0.023085;10000;10319663304;S
20240510;102154;0.02309;10000;10319663865;B
20240510;102203;0.02309;10000;10319667101;B
20240510;102210;0.02309;200000;10319668623;B
20240510;102215;0.02309;150000;10319670011;B
20240510;102219;0.02309;2520000;10319671521;B
20240510;102225;0.02309;10000;10319673932;B
20240510;102226;0.023085;150000;10319674069;S
20240510;102226;0.023085;40000;10319674105;S
20240510;102226;0.023085;40000;10319674112;S
20240510;102226;0.023085;40000;10319674117;S
20240510;102226;0.023085;40000;10319674126;S
20240510;102226;0.023085;40000;10319674135;S
20240510;102226;0.023085;40000;10319674158;S
20240510;102226;0.023085;49610000;10319674160;S
20240510;102226;0.023085;390000;10319674161;S
20240510;102226;0.023085;40000;10319674170;S
20240510;102227;0.023085;40000;10319674181;S
20240510;102227;0.023085;20000;10319674210;S
20240510;102227;0.023085;20000;10319674211;S
20240510;102227;0.023085;30000;10319674218;S
20240510;102227;0.02309;900000;10319674222;B
20240510;102227;0.023085;40000;10319674230;S
20240510;102227;0.023085;40000;10319674245;S
20240510;102227;0.023085;40000;10319674279;S
20240510;102227;0.023085;40000;10319674281;S
20240510;102227;0.023085;40000;10319674299;S
20240510;102227;0.023085;40000;10319674317;S
20240510;102227;0.023085;40000;10319674324;S
20240510;102227;0.023085;40000;10319674329;S
20240510;102227;0.023085;40000;10319674332;S
20240510;102227;0.023085;40000;10319674337;S
20240510;102227;0.023085;30000;10319674346;S
20240510;102227;0.02309;10000;10319674353;B
20240510;102228;0.023085;20000;10319674449;S
20240510;102229;0.023085;150000;10319674628;S
20240510;102230;0.02309;100000;10319676439;B
20240510;102234;0.02309;10000;10319677410;B
20240510;102235;0.02309;30000;10319677615;B
20240510;102235;0.02309;10000;10319677655;B
20240510;102235;0.02309;160000;10319677656;B
20240510;102235;0.02309;50000;10319677687;B
20240510;102236;0.02309;10000;10319677826;B
20240510;102237;0.02309;10000;10319678079;B
20240510;102237;0.02309;60000;10319678337;B
20240510;102238;0.023085;20000;10319678422;S
20240510;102238;0.02309;10000;10319678434;B
20240510;102238;0.02309;20000;10319679541;B
20240510;102238;0.02309;40000;10319679696;B
20240510;102239;0.02309;30000;10319679750;B
20240510;102239;0.02309;60000;10319680052;B
20240510;102240;0.02309;30000;10319680355;B
20240510;102240;0.02309;1000000;10319680492;B
20240510;102241;0.02309;20000;10319680664;B
20240510;102241;0.02309;10000;10319680715;B
20240510;102242;0.02309;30000;10319681121;B
20240510;102244;0.02309;70000;10319681453;B
20240510;102245;0.02309;20000;10319681716;B
20240510;102246;0.02309;20000;10319681880;B
20240510;102246;0.02309;20000;10319681891;B
20240510;102246;0.02309;50000;10319681970;B
20240510;102246;0.02309;10000;10319682003;B
20240510;102248;0.02309;50000;10319682673;B
20240510;102248;0.02309;1000000;10319682744;B
20240510;102249;0.02309;30000;10319682795;B
20240510;102250;0.02309;20000;10319682957;B
20240510;102250;0.02309;10000;10319683031;B
20240510;102251;0.023085;30000;10319683152;S
20240510;102252;0.02309;40000;10319683317;B
20240510;102255;0.02309;20000;10319684710;B
20240510;102259;0.023085;10000;10319686247;S
20240510;102259;0.02309;10000;10319686267;B
20240510;102302;0.02309;20000;10319686694;B
20240510;102302;0.02309;20000;10319686757;B
20240510;102304;0.02309;110000;10319688740;B
20240510;102305;0.02309;10000;10319689010;B
20240510;102310;0.023085;160000;10319690014;S
20240510;102310;0.023085;400000;10319690015;S
20240510;102311;0.02309;30000;10319690097;B
20240510;102312;0.023085;560000;10319691222;S
20240510;102314;0.02309;10000;10319691542;B
20240510;102317;0.02309;10000;10319691805;B
20240510;102321;0.02308;10000;10319694111;S
20240510;102321;0.02308;180000;10319694112;S
20240510;102327;0.02309;2420000;10319696306;B
20240510;102330;0.02308;500000;10319696568;S
20240510;102330;0.023085;1000000;10319696570;B
20240510;102331;0.02308;20000;10319696652;S
20240510;102333;0.023085;10000;10319698536;B
20240510;102335;0.023085;40000;10319698960;B
20240510;102335;0.023085;50000;10319698985;B
20240510;102335;0.023085;10000;10319699003;B
20240510;102337;0.02309;30000;10319699503;B
20240510;102343;0.02309;130000;10319702387;B
20240510;102345;0.023085;10000;10319703689;S
20240510;102346;0.02309;30000;10319704047;B
20240510;102347;0.02309;50000;10319704102;B
20240510;102347;0.02309;10000;10319704126;B
20240510;102348;0.02309;2000000;10319704469;B
20240510;102349;0.02309;20000;10319704742;B
20240510;102350;0.023085;40000;10319704821;S
20240510;102350;0.02309;10000;10319704890;B
20240510;102351;0.02309;40000;10319705765;B
20240510;102351;0.023085;10000;10319705772;S
20240510;102353;0.02309;20000;10319707482;B
20240510;102353;0.02309;10000;10319707586;B
20240510;102355;0.02309;10000;10319707917;B
20240510;102357;0.023085;50000;10319708490;S
20240510;102357;0.02309;40000;10319708496;B
20240510;102404;0.023085;10000;10319710627;S
20240510;102406;0.02309;60000;10319711081;B
20240510;102411;0.02309;10000;10319712695;B
20240510;102413;0.023085;10000;10319713278;S
20240510;102416;0.023085;1000000;10319714517;S
20240510;102416;0.02309;30000;10319714528;B
20240510;102416;0.02309;10000;10319714561;B
20240510;102419;0.02309;3410000;10319715543;B
20240510;102419;0.02309;3120000;10319715544;B
20240510;102419;0.02309;200000;10319715545;B
20240510;102419;0.02309;10000;10319715546;B
20240510;102419;0.02309;10000;10319715547;B
20240510;102419;0.02309;1000000;10319715548;B
20240510;102419;0.023095;20000;10319715549;B
20240510;102419;0.023095;3000000;10319715550;B
20240510;102419;0.023095;1130000;10319715551;B
20240510;102419;0.023095;10000;10319715552;B
20240510;102419;0.023095;10000000;10319715553;B
20240510;102419;0.023095;3370000;10319715554;B
20240510;102419;0.023095;110000;10319715555;B
20240510;102419;0.023095;3640000;10319715556;B
20240510;102419;0.023095;1000000;10319715558;S
20240510;102419;0.0231;10000;10319715565;B
20240510;102421;0.0231;40000;10319716943;B
20240510;102428;0.0231;10000;10319718343;B
20240510;102429;0.0231;1900000;10319718471;B
20240510;102430;0.0231;10000;10319718617;B
20240510;102431;0.0231;10000;10319718765;B
20240510;102432;0.0231;30000;10319718869;B
20240510;102432;0.0231;20000;10319718879;B
20240510;102433;0.0231;10000;10319721393;B
20240510;102437;0.0231;660000;10319721936;B
20240510;102437;0.0231;10000;10319721980;B
20240510;102437;0.0231;60000;10319721981;B
20240510;102438;0.0231;30000;10319722223;B
20240510;102440;0.023095;2970000;10319722689;S
20240510;102440;0.023095;430000;10319722690;S
20240510;102440;0.023095;3000000;10319722691;S
20240510;102442;0.023095;250000;10319722966;B
20240510;102443;0.02309;100000;10319724129;S
20240510;102443;0.02309;200000;10319724130;S
20240510;102443;0.02309;100000;10319724131;S
20240510;102443;0.02309;3130000;10319724132;S
20240510;102443;0.02309;4070000;10319724133;S
20240510;102443;0.02309;1930000;10319724134;S
20240510;102443;0.02309;2880000;10319724135;S
20240510;102443;0.02309;5090000;10319724136;S
20240510;102444;0.023095;30000;10319724185;B
20240510;102445;0.023095;20000;10319724428;B
20240510;102446;0.023095;540000;10319724633;B
20240510;102447;0.023095;200000;10319724773;B
20240510;102449;0.023095;1560000;10319726170;B
20240510;102449;0.023095;4440000;10319726171;B
20240510;102449;0.0231;4250000;10319726172;B
20240510;102452;0.0231;10000;10319727539;B
20240510;102455;0.0231;10000;10319728057;B
20240510;102456;0.0231;70000;10319728707;B
20240510;102458;0.0231;300000;10319729569;B
20240510;102459;0.0231;30000;10319730029;B
20240510;102500;0.0231;20000;10319730196;B
20240510;102505;0.0231;17800000;10319732060;B
20240510;102505;0.0231;5000000;10319732143;B
20240510;102507;0.023095;10000;10319732491;S
20240510;102507;0.0231;400000;10319732497;B
20240510;102509;0.0231;10000;10319732740;B
20240510;102510;0.0231;18900000;10319732841;B
20240510;102512;0.0231;20000000;10319733353;B
20240510;102514;0.0231;20000000;10319734603;B
20240510;102514;0.0231;900000;10319734604;B
20240510;102515;0.0231;660000;10319734721;B
20240510;102515;0.023095;2990000;10319734770;S
20240510;102515;0.023095;2810000;10319734771;S
20240510;102516;0.0231;20000000;10319734786;B
20240510;102516;0.023095;590000;10319734899;S
20240510;102518;0.0231;6200000;10319735063;B
20240510;102518;0.0231;10000;10319735064;B
20240510;102518;0.0231;10000;10319735065;B
20240510;102518;0.0231;13780000;10319735066;B
20240510;102521;0.0231;10000;10319737316;B
20240510;102521;0.0231;5000000;10319737325;B
20240510;102522;0.0231;30000;10319737399;B
20240510;102523;0.0231;10000;10319737555;B
20240510;102526;0.023095;10000;10319738117;S
20240510;102526;0.0231;670000;10319738186;B
20240510;102527;0.0231;40000;10319738236;B
20240510;102528;0.0231;2410000;10319738432;B
20240510;102528;0.0231;100000;10319738433;B
20240510;102529;0.0231;120000;10319739539;B
20240510;102539;0.023095;20000;10319742272;S
20240510;102543;0.023095;60000;10319743679;S
20240510;102544;0.023095;10000;10319743749;S
20240510;102545;0.0231;10000;10319744194;B
20240510;102547;0.023095;10000;10319745459;S
20240510;102552;0.0231;10000;10319746383;B
20240510;102558;0.0231;20000;10319748372;B
20240510;102600;0.0231;11790000;10319748900;B
20240510;102600;0.0231;10000;10319748901;B
20240510;102600;0.0231;50000;10319748902;B
20240510;102600;0.0231;10000;10319748903;B
20240510;102604;0.0231;30000;10319750286;S
20240510;102611;0.023105;10000;10319752488;B
20240510;102612;0.0231;70000;10319752618;S
20240510;102612;0.023105;10000;10319752625;B
20240510;102612;0.023105;10000;10319752626;B
20240510;102612;0.023105;480000;10319752627;B
20240510;102614;0.023105;140000;10319752832;B
20240510;102614;0.023105;10000;10319752833;B
20240510;102614;0.023105;50000;10319752834;B
20240510;102614;0.023105;4440000;10319752835;B
20240510;102614;0.02311;10000;10319752836;B
20240510;102614;0.02311;10000;10319752837;B
20240510;102614;0.02311;340000;10319752838;B
20240510;102615;0.02311;20000;10319752862;B
20240510;102615;0.02311;10000;10319752863;B
20240510;102617;0.02311;10000;10319754640;B
20240510;102621;0.02311;110000;10319755815;B
20240510;102621;0.023105;1700000;10319755844;S
20240510;102623;0.023105;20000;10319756194;S
20240510;102623;0.02311;100000;10319756210;B
20240510;102625;0.02311;20000;10319756375;B
20240510;102627;0.02311;100000;10319756656;B
20240510;102630;0.02311;2620000;10319757707;B
20240510;102630;0.02311;340000;10319757708;B
20240510;102630;0.02311;15000000;10319757709;B
20240510;102630;0.02311;5000000;10319757710;B
20240510;102630;0.02311;3530000;10319757711;B
20240510;102630;0.02311;4440000;10319757712;B
20240510;102630;0.023115;1000000;10319757713;B
20240510;102630;0.023115;10000;10319757714;B
20240510;102630;0.023115;10000;10319757715;B
20240510;102630;0.023115;4440000;10319757716;B
20240510;102630;0.023115;6000000;10319757717;B
20240510;102630;0.023115;10000;10319757718;B
20240510;102630;0.023115;5000000;10319757719;B
20240510;102630;0.023115;50000;10319757720;B
20240510;102630;0.023115;3000000;10319757721;B
20240510;102630;0.023115;3930000;10319757722;B
20240510;102630;0.023115;100000;10319757723;B
20240510;102630;0.023115;790000;10319757724;B
20240510;102630;0.02312;6000000;10319757725;B
20240510;102630;0.02312;1000000;10319757726;B
20240510;102630;0.02312;10000;10319757727;B
20240510;102630;0.02312;10000;10319757728;B
20240510;102630;0.02312;5000000;10319757729;B
20240510;102630;0.02312;6340000;10319757730;B
20240510;102630;0.02312;400000;10319757731;B
20240510;102630;0.02312;30000;10319757732;B
20240510;102630;0.02312;250000;10319757733;B
20240510;102630;0.02312;22000000;10319757734;B
20240510;102630;0.02312;8690000;10319757735;B
20240510;102632;0.02311;50000;10319758780;S
20240510;102632;0.02312;1000000;10319758785;S
20240510;102632;0.02312;1000000;10319758786;S
20240510;102632;0.02312;1000000;10319758787;S
20240510;102632;0.02312;1000000;10319758788;S
20240510;102632;0.02312;300000;10319758789;S
20240510;102632;0.023115;40000;10319758810;S
20240510;102635;0.023125;10000;10319759086;B
20240510;102639;0.023125;10000;10319761181;B
20240510;102639;0.023125;10000;10319761182;B
20240510;102639;0.023125;80000;10319761183;B
20240510;102641;0.02312;20000;10319761471;S
20240510;102646;0.023125;20000;10319761977;B
20240510;102646;0.023125;30000;10319761978;B
20240510;102650;0.02312;10000;10319763228;S
20240510;102652;0.02312;1970000;10319763396;S
20240510;102652;0.02312;10000;10319763397;S
20240510;102652;0.02312;40000;10319763398;S
20240510;102657;0.02312;2800000;10319763821;B
20240510;102657;0.02312;3000000;10319763822;B
20240510;102657;0.02312;3530000;10319763823;B
20240510;102657;0.02312;5210000;10319763824;B
20240510;102657;0.02312;1000000;10319763825;B
20240510;102657;0.02312;3890000;10319763826;B
20240510;102657;0.023125;210000;10319763827;B
20240510;102657;0.023125;30000000;10319763828;B
20240510;102657;0.023125;410000;10319763829;B
20240510;102657;0.023125;30000;10319763830;B
20240510;102657;0.023125;2080000;10319763831;B
20240510;102657;0.023125;2300000;10319763832;B
20240510;102657;0.023125;90000;10319763833;B
20240510;102657;0.023125;10000;10319763834;B
20240510;102657;0.023125;20000;10319763835;B
20240510;102657;0.023125;120000;10319763836;B
20240510;102657;0.023125;1000000;10319763837;B
20240510;102657;0.023125;50000;10319763838;B
20240510;102657;0.023125;10000;10319763839;B
20240510;102657;0.023125;10000000;10319763840;B
20240510;102657;0.023125;10000;10319763841;B
20240510;102657;0.023125;1000000;10319763842;B
20240510;102657;0.023125;90000;10319763843;B
20240510;102657;0.023125;3000000;10319763844;B
20240510;102657;0.023125;140000;10319763845;B
20240510;102658;0.023125;40000;10319763909;B
20240510;102658;0.023115;10000;10319763910;S
20240510;102659;0.023125;380000;10319764330;B
20240510;102700;0.02312;800000;10319764408;S
20240510;102701;0.02312;10000;10319764411;S
20240510;102704;0.023125;100000;10319764756;B
20240510;102706;0.02312;10000;10319764892;S
