<DATE>;<TIME>;<LAST>;<VOL>;<ID>;<OPER>
20240401;095959;0.0231;10000;9991429324;S
20240401;095959;0.0231;40000;9991429325;S
20240401;095959;0.0231;100000;9991429326;B
20240401;095959;0.0231;60000;9991429327;B
20240401;095959;0.0231;20000;9991429328;B
20240401;095959;0.0231;420000;9991429329;B
20240401;095959;0.0231;200000;9991429330;B
20240401;095959;0.0231;4380000;9991429331;B
20240401;095959;0.0231;10000;9991429332;S
20240401;095959;0.0231;10000;9991429333;S
20240401;095959;0.0231;30000;9991429334;S
20240401;095959;0.0231;20000;9991429335;B
20240401;095959;0.0231;170000;9991429336;B
20240401;095959;0.0231;10000;9991429337;B
20240401;095959;0.0231;90000;9991429338;B
20240401;095959;0.0231;20000;9991429339;B
20240401;095959;0.0231;140000;9991429340;B
20240401;095959;0.0231;20000;9991429341;B
20240401;095959;0.0231;250000;9991429342;B
20240401;095959;0.0231;40000;9991429343;B
20240401;095959;0.0231;40000;9991429344;B
20240401;095959;0.0231;150000;9991429345;B
20240401;095959;0.0231;20000;9991429346;B
20240401;095959;0.0231;10000;9991429347;B
20240401;095959;0.0231;30000;9991429348;B
20240401;095959;0.0231;100000;9991429349;B
20240401;095959;0.0231;300000;9991429350;S
20240401;095959;0.0231;250000;9991429351;B
20240401;095959;0.0231;400000;9991429352;S
20240401;095959;0.0231;20000;9991429353;B
20240401;095959;0.0231;20000;9991429354;S
20240401;095959;0.0231;400000;9991429355;S
20240401;095959;0.0231;400000;9991429356;B
20240401;095959;0.0231;250000;9991429357;B
20240401;095959;0.0231;400000;9991429358;S
20240401;095959;0.0231;50000;9991429359;S
20240401;095959;0.0231;90000;9991429360;B
20240401;095959;0.0231;20000;9991429361;S
20240401;095959;0.0231;500000;9991429362;S
20240401;095959;0.0231;50000;9991429363;B
20240401;095959;0.0231;10000;9991429364;B
20240401;095959;0.0231;10000;9991429365;B
20240401;095959;0.0231;10000;9991429366;B
20240401;095959;0.0231;10000;9991429367;B
20240401;095959;0.0231;10000;9991429368;B
20240401;095959;0.0231;140000;9991429369;B
20240401;095959;0.0231;10000;9991429370;B
20240401;095959;0.0231;1110000;9991429371;S
20240401;095959;0.0231;5000000;9991429372;B
20240401;095959;0.0231;170000;9991429373;B
20240401;095959;0.0231;10000;9991429374;B
20240401;095959;0.0231;800000;9991429375;B
20240401;095959;0.0231;2190000;9991429376;B
20240401;095959;0.0231;10000;9991429377;B
20240401;095959;0.0231;4160000;9991429378;B
20240401;095959;0.0231;4790000;9991429379;B
20240401;095959;0.0231;10000;9991429380;B
20240401;095959;0.0231;10000;9991429381;B
20240401;095959;0.0231;10000;9991429382;B
20240401;095959;0.0231;400000;9991429383;B
20240401;095959;0.0231;1990000;9991429384;B
20240401;095959;0.0231;20000;9991429385;B
20240401;095959;0.0231;10000;9991429386;B
20240401;095959;0.0231;10000;9991429387;B
20240401;095959;0.0231;60000;9991429388;B
20240401;095959;0.0231;10000;9991429389;B
20240401;095959;0.0231;50000;9991429390;B
20240401;095959;0.0231;50000;9991429391;B
20240401;095959;0.0231;20000;9991429392;B
20240401;095959;0.0231;40000;9991429393;B
20240401;095959;0.0231;10000;9991429394;B
20240401;095959;0.0231;10000;9991429395;B
20240401;095959;0.0231;20000;9991429396;B
20240401;095959;0.0231;10000;9991429397;B
20240401;095959;0.0231;10000;9991429398;B
20240401;095959;0.0231;10000;9991429399;B
20240401;095959;0.0231;10000;9991429400;B
20240401;095959;0.0231;50000;9991429401;B
20240401;095959;0.0231;20000;9991429402;B
20240401;095959;0.0231;40000;9991429403;B
20240401;095959;0.0231;10000;9991429404;B
20240401;095959;0.0231;20000;9991429405;B
20240401;095959;0.0231;10000;9991429406;B
20240401;095959;0.0231;50000;9991429407;B
20240401;095959;0.0231;10000;9991429408;B
20240401;095959;0.0231;10000;9991429409;B
20240401;095959;0.0231;10000;9991429410;B
20240401;095959;0.0231;10000;9991429411;B
20240401;095959;0.0231;10000;9991429412;B
20240401;095959;0.0231;10000;9991429413;B
20240401;095959;0.0231;10000;9991429414;B
20240401;095959;0.0231;20000;9991429415;B
20240401;095959;0.0231;10000;9991429416;B
20240401;095959;0.0231;10000;9991429417;B
20240401;095959;0.0231;20000;9991429418;B
20240401;095959;0.0231;10000;9991429419;B
20240401;095959;0.0231;10000;9991429420;B
20240401;095959;0.0231;40000;9991429421;B
20240401;095959;0.0231;10000;9991429422;B
20240401;095959;0.0231;10000;9991429423;B
20240401;095959;0.0231;10000;9991429424;B
20240401;095959;0.0231;40000;9991429425;B
20240401;095959;0.0231;10000;9991429426;B
20240401;095959;0.0231;10000;9991429427;B
20240401;095959;0.0231;10000;9991429428;B
20240401;095959;0.0231;10000;9991429429;B
20240401;095959;0.0231;10000;9991429430;B
20240401;095959;0.0231;10000;9991429431;B
20240401;095959;0.0231;10000;9991429432;B
20240401;095959;0.0231;10000;9991429433;B
20240401;095959;0.0231;50000;9991429434;B
20240401;095959;0.0231;10000;9991429435;B
20240401;095959;0.0231;10000;9991429436;B
20240401;095959;0.0231;10000;9991429437;B
20240401;095959;0.0231;10000;9991429438;B
20240401;095959;0.0231;10000;9991429439;B
20240401;095959;0.0231;10000;9991429440;B
20240401;095959;0.0231;10000;9991429441;B
20240401;095959;0.0231;20000;9991429442;B
20240401;095959;0.0231;10000;9991429443;B
20240401;095959;0.0231;50000;9991429444;B
20240401;095959;0.0231;50000;9991429445;B
20240401;095959;0.0231;30000;9991429446;B
20240401;095959;0.0231;10000;9991429447;B
20240401;095959;0.0231;10000;9991429448;B
20240401;095959;0.0231;10000;9991429449;B
20240401;095959;0.0231;10000;9991429450;B
20240401;095959;0.0231;1000000;9991429451;B
20240401;095959;0.0231;50000;9991429452;B
20240401;095959;0.0231;10000;9991429453;B
20240401;095959;0.0231;10000;9991429454;B
20240401;095959;0.0231;10000;9991429455;B
20240401;095959;0.0231;50000;9991429456;B
20240401;095959;0.0231;40000;9991429457;B
20240401;095959;0.0231;10000;9991429458;B
20240401;095959;0.0231;10000;9991429459;B
20240401;095959;0.0231;10000;9991429460;B
20240401;095959;0.0231;10000;9991429461;B
20240401;095959;0.0231;10000;9991429462;B
20240401;095959;0.0231;150000;9991429463;B
20240401;095959;0.0231;30000;9991429464;B
20240401;095959;0.0231;20000;9991429465;B
20240401;095959;0.0231;20000;9991429466;B
20240401;095959;0.0231;40000;9991429467;B
20240401;095959;0.0231;100000;9991429468;B
20240401;095959;0.0231;280000;9991429469;B
20240401;095959;0.0231;180000;9991429470;B
20240401;095959;0.0231;20000;9991429471;B
20240401;095959;0.0231;10000;9991429472;B
20240401;095959;0.0231;10000;9991429473;B
20240401;095959;0.0231;30000;9991429474;B
20240401;095959;0.0231;50000;9991429475;B
20240401;095959;0.0231;20000;9991429476;B
20240401;095959;0.0231;20000;9991429477;B
20240401;095959;0.0231;40000;9991429478;B
20240401;095959;0.0231;10000;9991429479;B
20240401;095959;0.0231;10000;9991429480;B
20240401;095959;0.0231;50000;9991429481;B
20240401;095959;0.0231;10000;9991429482;B
20240401;095959;0.0231;60000;9991429483;B
20240401;095959;0.0231;820000;9991429484;B
20240401;095959;0.0231;20000;9991429485;B
20240401;095959;0.0231;140000;9991429486;B
20240401;095959;0.0231;30000;9991429487;B
20240401;095959;0.0231;10000;9991429488;B
20240401;095959;0.0231;20000;9991429489;B
20240401;095959;0.0231;10000;9991429490;B
20240401;095959;0.0231;40000;9991429491;B
20240401;095959;0.0231;10000;9991429492;B
20240401;095959;0.0231;40000;9991429493;B
20240401;095959;0.0231;1000000;9991429494;B
20240401;095959;0.0231;10000;9991429495;S
20240401;095959;0.0231;50000;9991429496;S
20240401;095959;0.0231;10000;9991429497;S
20240401;095959;0.0231;5000000;9991429498;S
20240401;095959;0.0231;800000;9991429499;S
20240401;095959;0.0231;250000000;9991429500;B
20240401;095959;0.0231;60000;9991429501;B
20240401;095959;0.0231;2000000;9991429502;B
20240401;095959;0.0231;10000;9991429503;B
20240401;095959;0.0231;10000;9991429504;S
20240401;095959;0.0231;1000000;9991429505;B
20240401;095959;0.0231;1000000;9991429506;B
20240401;095959;0.0231;10000;9991429507;B
20240401;095959;0.0231;1000000;9991429508;B
20240401;095959;0.0231;20000000;9991429509;B
20240401;095959;0.0231;10000;9991429510;B
20240401;095959;0.0231;10000;9991429511;B
20240401;095959;0.0231;250000;9991429512;B
20240401;095959;0.0231;10000;9991429513;B
20240401;095959;0.0231;10000;9991429514;S
20240401;095959;0.0231;10000;9991429515;B
20240401;095959;0.0231;870000;9991429516;B
20240401;095959;0.0231;50000;9991429517;B
20240401;095959;0.0231;10000;9991429518;B
20240401;095959;0.0231;10000;9991429519;B
20240401;095959;0.0231;10000;9991429520;S
20240401;095959;0.0231;10000;9991429521;S
20240401;095959;0.0231;10000;9991429522;S
20240401;095959;0.0231;10000;9991429523;S
20240401;095959;0.0231;15000000;9991429524;B
20240401;095959;0.0231;10000;9991429525;S
20240401;095959;0.0231;10000;9991429526;S
20240401;095959;0.0231;10000;9991429527;B
20240401;095959;0.0231;10000;9991429528;S
20240401;095959;0.0231;10000;9991429529;S
20240401;095959;0.0231;10000;9991429530;B
20240401;095959;0.0231;10000;9991429531;B
20240401;095959;0.0231;10000;9991429532;B
20240401;095959;0.0231;10000;9991429533;B
20240401;095959;0.0231;10000;9991429534;B
20240401;095959;0.0231;10000;9991429535;B
20240401;095959;0.0231;10000;9991429536;B
20240401;095959;0.0231;10000;9991429537;B
20240401;095959;0.0231;10000;9991429538;B
20240401;095959;0.0231;10000;9991429539;B
20240401;095959;0.0231;10000;9991429540;B
20240401;095959;0.0231;10000;9991429541;B
20240401;095959;0.0231;10000;9991429542;B
20240401;095959;0.0231;20000;9991429543;B
20240401;095959;0.0231;20000;9991429544;B
20240401;095959;0.0231;20000;9991429545;B
20240401;095959;0.0231;20000;9991429546;B
20240401;095959;0.0231;20000;9991429547;B
20240401;095959;0.0231;20000;9991429548;B
20240401;095959;0.0231;30000;9991429549;B
20240401;095959;0.0231;30000;9991429550;B
20240401;095959;0.0231;30000;9991429551;B
20240401;095959;0.0231;30000;9991429552;B
20240401;095959;0.0231;30000;9991429553;B
20240401;095959;0.0231;40000;9991429554;B
20240401;095959;0.0231;40000;9991429555;B
20240401;095959;0.0231;40000;9991429556;B
20240401;095959;0.0231;10000;9991429557;B
20240401;095959;0.0231;40000;9991429558;B
20240401;095959;0.0231;40000;9991429559;B
20240401;095959;0.0231;40000;9991429560;B
20240401;095959;0.0231;40000;9991429561;B
20240401;095959;0.0231;40000;9991429562;B
20240401;095959;0.0231;40000;9991429563;B
20240401;095959;0.0231;50000;9991429564;B
20240401;095959;0.0231;50000;9991429565;B
20240401;095959;0.0231;50000;9991429566;B
20240401;095959;0.0231;50000;9991429567;B
20240401;095959;0.0231;60000;9991429568;B
20240401;095959;0.0231;70000;9991429569;B
20240401;095959;0.0231;70000;9991429570;B
20240401;095959;0.0231;70000;9991429571;B
20240401;095959;0.0231;80000;9991429572;B
20240401;095959;0.0231;90000;9991429573;B
20240401;095959;0.0231;90000;9991429574;B
20240401;095959;0.0231;90000;9991429575;B
20240401;095959;0.0231;90000;9991429576;B
20240401;095959;0.0231;100000;9991429577;B
20240401;095959;0.0231;120000;9991429578;B
20240401;095959;0.0231;120000;9991429579;B
20240401;095959;0.0231;130000;9991429580;B
20240401;095959;0.0231;130000;9991429581;B
20240401;095959;0.0231;140000;9991429582;B
20240401;095959;0.0231;140000;9991429583;B
20240401;095959;0.0231;160000;9991429584;B
20240401;095959;0.0231;170000;9991429585;B
20240401;095959;0.0231;200000;9991429586;B
20240401;095959;0.0231;210000;9991429587;B
20240401;095959;0.0231;230000;9991429588;B
20240401;095959;0.0231;380000;9991429589;B
20240401;095959;0.0231;470000;9991429590;B
20240401;095959;0.0231;100000;9991429591;B
20240401;095959;0.0231;10000;9991429592;B
20240401;095959;0.0231;10000;9991429593;S
20240401;095959;0.0231;440000;9991429594;B
20240401;095959;0.0231;870000;9991429595;B
20240401;095959;0.0231;10000;9991429596;B
20240401;095959;0.0231;400000;9991429597;B
20240401;095959;0.0231;10000;9991429598;B
20240401;095959;0.0231;10000;9991429599;S
20240401;095959;0.0231;10000;9991429600;B
20240401;095959;0.0231;10000;9991429601;S
20240401;095959;0.0231;10000;9991429602;S
20240401;095959;0.0231;50000;9991429603;S
20240401;095959;0.0231;100000;9991429604;B
20240401;095959;0.0231;10000000;9991429605;B
20240401;095959;0.0231;10000;9991429606;B
20240401;095959;0.0231;10000;9991429607;B
20240401;095959;0.0231;10000;9991429608;B
20240401;095959;0.0231;20000;9991429609;B
20240401;095959;0.0231;400000;9991429610;S
20240401;095959;0.0231;1000000;9991429611;S
20240401;095959;0.0231;10000;9991429612;S
20240401;095959;0.0231;10000;9991429613;S
20240401;095959;0.0231;200000;9991429614;B
20240401;095959;0.0231;10000;9991429615;B
20240401;095959;0.0231;190000;9991429616;B
20240401;095959;0.0231;10000;9991429617;B
20240401;095959;0.0231;10000;9991429618;B
20240401;095959;0.0231;10000;9991429619;B
20240401;095959;0.0231;50000;9991429620;B
20240401;095959;0.0231;300000;9991429621;B
20240401;095959;0.0231;10000;9991429622;B
20240401;095959;0.0231;20000;9991429623;B
20240401;095959;0.0231;20000;9991429624;B
20240401;095959;0.0231;1200000;9991429625;B
20240401;095959;0.0231;300000;9991429626;B
20240401;095959;0.0231;20000;9991429627;B
20240401;095959;0.0231;10000;9991429628;B
20240401;095959;0.0231;10000;9991429629;B
20240401;095959;0.0231;10000;9991429630;B
20240401;095959;0.0231;1000000;9991429631;S
20240401;095959;0.0231;13540000;9991429632;S
20240401;095959;0.0231;10000;9991429633;S
20240401;095959;0.0231;8000000;9991429634;S
20240401;095959;0.0231;10000;9991429635;B
20240401;095959;0.0231;50000;9991429636;B
20240401;095959;0.0231;20000;9991429637;B
20240401;095959;0.0231;10000;9991429638;B
20240401;095959;0.0231;10000;9991429639;S
20240401;095959;0.0231;20000;9991429640;B
20240401;095959;0.0231;30000;9991429641;B
20240401;095959;0.0231;10000;9991429642;B
20240401;095959;0.0231;10000;9991429643;B
20240401;095959;0.0231;10000;9991429644;S
20240401;095959;0.0231;10000;9991429645;S
20240401;095959;0.0231;50000;9991429646;S
20240401;095959;0.0231;1000000;9991429647;B
20240401;095959;0.0231;10000;9991429648;B
20240401;095959;0.0231;10000;9991429649;B
20240401;095959;0.0231;10000;9991429650;S
20240401;095959;0.0231;10000;9991429651;B
20240401;095959;0.0231;10000;9991429652;B
20240401;095959;0.0231;20000;9991429653;B
20240401;095959;0.0231;10000;9991429654;B
20240401;095959;0.0231;10000;9991429655;S
20240401;095959;0.0231;200000;9991429656;B
20240401;095959;0.0231;10000;9991429657;B
20240401;095959;0.0231;10000;9991429658;B
20240401;095959;0.0231;10000;9991429659;B
20240401;095959;0.0231;10000;9991429660;S
20240401;095959;0.0231;10000;9991429661;B
20240401;095959;0.0231;1000000;9991429662;B
20240401;095959;0.0231;250000;9991429663;B
20240401;095959;0.0231;10000;9991429664;B
20240401;095959;0.0231;10000;9991429665;B
20240401;095959;0.0231;10000;9991429666;B
20240401;095959;0.0231;10000;9991429667;S
20240401;095959;0.0231;10000;9991429668;S
20240401;095959;0.0231;50000;9991429669;S
20240401;095959;0.0231;10000;9991429670;B
20240401;095959;0.0231;10000;9991429671;S
20240401;095959;0.0231;10000;9991429672;B
20240401;095959;0.0231;50000;9991429673;B
20240401;095959;0.0231;10000;9991429674;B
20240401;095959;0.0231;10000;9991429675;B
20240401;095959;0.0231;10000;9991429676;S
20240401;095959;0.0231;10000;9991429677;S
20240401;095959;0.0231;100000;9991429678;S
20240401;095959;0.0231;1500000;9991429679;S
20240401;095959;0.0231;10000;9991429680;B
20240401;095959;0.0231;10000;9991429681;B
20240401;095959;0.0231;1000000;9991429682;B
20240401;095959;0.0231;10000;9991429683;B
20240401;095959;0.0231;40000;9991429684;S
20240401;095959;0.0231;100000;9991429685;S
20240401;095959;0.0231;21690000;9991429686;S
20240401;095959;0.0231;10000;9991429687;S
20240401;095959;0.0231;5000000;9991429688;B
20240401;095959;0.0231;2000000;9991429689;B
20240401;095959;0.0231;1000000;9991429690;B
20240401;095959;0.0231;1000000;9991429691;B
20240401;095959;0.0231;100000;9991429692;B
20240401;095959;0.0231;20000;9991429693;B
20240401;095959;0.0231;30000;9991429694;B
20240401;095959;0.0231;50000;9991429695;B
20240401;095959;0.0231;20000;9991429696;B
20240401;095959;0.0231;33300000;9991429697;B
20240401;095959;0.0231;1600000;9991429698;B
20240401;095959;0.0231;1000000;9991429699;B
20240401;095959;0.0231;10000;9991429700;B
20240401;095959;0.0231;10000;9991429701;B
20240401;095959;0.0231;10000;9991429702;S
20240401;095959;0.0231;50000;9991429703;S
20240401;095959;0.0231;10000;9991429704;B
20240401;095959;0.0231;1000000;9991429705;B
20240401;095959;0.0231;10000;9991429706;B
20240401;095959;0.0231;10000;9991429707;S
20240401;095959;0.0231;10000;9991429708;B
20240401;095959;0.0231;10000;9991429709;B
20240401;095959;0.0231;20000;9991429710;B
20240401;095959;0.0231;10000;9991429711;B
20240401;095959;0.0231;10000;9991429712;B
20240401;095959;0.0231;10000;9991429713;B
20240401;095959;0.0231;10000;9991429714;B
20240401;095959;0.0231;20000;9991429715;B
20240401;095959;0.0231;10000;9991429716;B
20240401;095959;0.0231;10000;9991429717;B
20240401;095959;0.0231;10000;9991429718;B
20240401;095959;0.0231;10000;9991429719;B
20240401;095959;0.0231;10000;9991429720;B
20240401;095959;0.0231;5000000;9991429721;B
20240401;095959;0.0231;60000;9991429722;B
20240401;095959;0.0231;20000;9991429723;B
20240401;095959;0.0231;20000;9991429724;B
20240401;095959;0.0231;300000;9991429725;B
20240401;095959;0.0231;20000000;9991429726;B
20240401;095959;0.0231;2000000;9991429727;B
20240401;095959;0.0231;10000;9991429728;B
20240401;095959;0.0231;10000;9991429729;B
20240401;095959;0.0231;10000;9991429730;S
20240401;095959;0.0231;2000000;9991429731;S
20240401;095959;0.0231;10000;9991429732;B
20240401;095959;0.0231;10000;9991429733;B
20240401;095959;0.0231;1000000;9991429734;B
20240401;095959;0.0231;1510000;9991429735;B
20240401;095959;0.0231;10000;9991429736;B
20240401;095959;0.0231;10000;9991429737;S
20240401;095959;0.0231;50000;9991429738;B
20240401;095959;0.0231;250000;9991429739;B
20240401;095959;0.0231;120000;9991429740;B
20240401;095959;0.0231;1000000;9991429741;B
20240401;095959;0.0231;10000;9991429742;B
20240401;095959;0.0231;10000;9991429743;B
20240401;095959;0.0231;200000;9991429744;S
20240401;095959;0.0231;10000;9991429745;S
20240401;095959;0.0231;50000;9991429746;S
20240401;095959;0.0231;20000000;9991429747;B
20240401;095959;0.0231;20000;9991429748;B
20240401;095959;0.0231;100000;9991429749;B
20240401;095959;0.0231;10000;9991429750;B
20240401;095959;0.0231;10000;9991429751;S
20240401;095959;0.0231;86700000;9991429752;S
20240401;095959;0.0231;60000;9991429753;B
20240401;095959;0.0231;10000;9991429754;B
20240401;095959;0.0231;10000;9991429755;B
20240401;095959;0.0231;180000;9991429756;B
20240401;095959;0.0231;20000000;9991429757;B
20240401;095959;0.0231;60000000;9991429758;B
20240401;095959;0.0231;10000;9991429759;B
20240401;095959;0.0231;2000000;9991429760;B
20240401;095959;0.0231;10000;9991429761;B
20240401;095959;0.0231;10000;9991429762;S
20240401;095959;0.0231;10000;9991429763;B
20240401;095959;0.0231;230000;9991429764;B
20240401;095959;0.0231;130000;9991429765;B
20240401;095959;0.0231;750000;9991429766;B
20240401;095959;0.0231;400000;9991429767;B
20240401;095959;0.0231;20000000;9991429768;B
20240401;095959;0.0231;500000;9991429769;S
20240401;095959;0.0231;10000;9991429770;S
20240401;095959;0.0231;10000;9991429771;S
20240401;095959;0.0231;10000;9991429772;B
20240401;095959;0.0231;2070000;9991429773;B
20240401;095959;0.0231;100000;9991429774;B
20240401;095959;0.0231;2200000;9991429775;B
20240401;095959;0.0231;240000;9991429776;B
20240401;095959;0.0231;1000000;9991429777;B
20240401;095959;0.0231;10000;9991429778;B
20240401;095959;0.0231;10000;9991429779;B
20240401;095959;0.0231;50000;9991429780;S
20240401;095959;0.0231;10000;9991429781;B
20240401;095959;0.0231;100000;9991429782;B
20240401;095959;0.0231;10000;9991429783;B
20240401;095959;0.0231;30000;9991429784;B
20240401;095959;0.0231;10000;9991429785;B
20240401;095959;0.0231;10000;9991429786;B
20240401;095959;0.0231;10000;9991429787;S
20240401;095959;0.0231;10000;9991429788;B
20240401;095959;0.0231;10000;9991429789;B
20240401;095959;0.0231;70000;9991429790;B
20240401;095959;0.0231;100000;9991429791;B
20240401;095959;0.0231;1000000;9991429792;B
20240401;095959;0.0231;10000;9991429793;B
20240401;095959;0.0231;10000;9991429794;B
20240401;095959;0.0231;10000;9991429795;B
20240401;095959;0.0231;10000;9991429796;B
20240401;095959;0.0231;300000;9991429797;B
20240401;095959;0.0231;20000;9991429798;B
20240401;095959;0.0231;450000;9991429799;B
20240401;095959;0.0231;250000;9991429800;B
20240401;095959;0.0231;1280000;9991429801;B
20240401;095959;0.0231;90000;9991429802;B
20240401;095959;0.0231;900000;9991429803;B
20240401;095959;0.0231;200000;9991429804;S
20240401;095959;0.0231;100000;9991429805;B
20240401;095959;0.0231;2000000;9991429806;B
20240401;095959;0.0231;60000;9991429807;B
20240401;095959;0.0231;10000;9991429808;B
20240401;095959;0.0231;10000;9991429809;B
20240401;095959;0.0231;350000;9991429810;B
20240401;095959;0.0231;650000;9991429811;B
20240401;095959;0.0231;350000;9991429812;B
20240401;095959;0.0231;50000;9991429813;B
20240401;095959;0.0231;50000;9991429814;S
20240401;095959;0.0231;1290000;9991429815;B
20240401;095959;0.0231;3710000;9991429816;B
20240401;100000;0.02307;440000;9991429930;S
20240401;100000;0.02309;6180000;9991430259;B
20240401;100000;0.02309;1000000;9991430260;B
20240401;100000;0.02309;810000;9991430261;B
20240401;100000;0.023095;5000000;9991430262;B
20240401;100000;0.023095;6180000;9991430263;B
20240401;100000;0.023095;1000000;9991430264;B
20240401;100000;0.0231;6290000;9991430265;B
20240401;100000;0.0231;5000000;9991430266;B
20240401;100000;0.0231;10000;9991430267;B
20240401;100000;0.0231;100000;9991430268;B
20240401;100000;0.0231;1340000;9991430269;B
20240401;100000;0.0231;10000;9991430270;B
20240401;100000;0.0231;10000;9991430271;B
20240401;100000;0.0231;500000;9991430272;B
20240401;100000;0.0231;500000;9991430273;B
20240401;100000;0.0231;10000;9991430274;B
20240401;100000;0.0231;10000;9991430275;B
20240401;100000;0.0231;200000;9991430276;B
20240401;100000;0.0231;6180000;9991430277;B
20240401;100000;0.0231;1000000;9991430278;B
20240401;100000;0.0231;2940000;9991430279;B
20240401;100000;0.023105;10000;9991430280;B
20240401;100000;0.023105;2000000;9991430281;B
20240401;100000;0.023105;50000;9991430282;B
20240401;100000;0.023105;1510000;9991430283;B
20240401;100000;0.023105;10000;9991430284;B
20240401;100000;0.023105;10000000;9991430285;B
20240401;100000;0.023105;6180000;9991430286;B
20240401;100000;0.023105;1000000;9991430287;B
20240401;100000;0.02311;250000;9991430288;B
20240401;100000;0.02311;10000;9991430289;B
20240401;100000;0.02311;10000;9991430290;B
20240401;100000;0.02311;50000;9991430291;B
20240401;100000;0.02311;6180000;9991430292;B
20240401;100000;0.02311;1000000;9991430293;B
20240401;100000;0.023115;10000;9991430294;B
20240401;100000;0.023115;10000;9991430295;B
20240401;100000;0.023115;360000;9991430296;B
20240401;100000;0.023115;10000;9991430297;B
20240401;100000;0.023115;10000000;9991430298;B
20240401;100000;0.023115;6180000;9991430299;B
20240401;100000;0.023115;1000000;9991430300;B
20240401;100000;0.02312;500000;9991430301;B
20240401;100000;0.02312;10000;9991430302;B
20240401;100000;0.02312;10000;9991430303;B
20240401;100000;0.02312;1510000;9991430304;B
20240401;100000;0.02312;2500000;9991430305;B
20240401;100000;0.02312;10000;9991430306;B
20240401;100000;0.02312;10000;9991430307;B
20240401;100000;0.02312;6180000;9991430308;B
20240401;100000;0.02312;1000000;9991430309;B
20240401;100000;0.023125;100000;9991430310;B
20240401;100000;0.023125;400000;9991430311;B
20240401;100000;0.023125;500000;9991430312;B
20240401;100000;0.023125;10000;9991430313;B
20240401;100000;0.023125;6180000;9991430314;B
20240401;100000;0.023125;1000000;9991430315;B
20240401;100000;0.023125;11690000;9991430316;B
20240401;100000;0.02313;10000;9991430317;B
20240401;100000;0.02313;20000;9991430318;B
20240401;100000;0.02313;10000;9991430319;B
20240401;100000;0.02313;420000;9991430320;B
20240401;100000;0.02313;10000;9991430321;B
20240401;100000;0.02313;10000;9991430322;B
20240401;100000;0.02313;10000;9991430323;B
20240401;100000;0.02313;50000;9991430324;B
20240401;100000;0.02313;6180000;9991430325;B
20240401;100000;0.02313;1000000;9991430326;B
20240401;100000;0.023135;10000;9991430327;B
20240401;100000;0.023135;160000;9991430328;B
20240401;100000;0.023135;10000;9991430329;B
20240401;100000;0.023135;6180000;9991430330;B
20240401;100000;0.023135;1000000;9991430331;B
20240401;100000;0.02314;10000;9991430332;B
20240401;100000;0.02314;10000;9991430333;B
20240401;100000;0.02314;8280000;9991430334;B
20240401;100000;0.02307;100000;9991430377;S
20240401;100000;0.023135;700000;9991430484;B
20240401;100000;0.02308;10000;9991430510;S
20240401;100000;0.02307;400000;9991430527;S
20240401;100000;0.023125;990000;9991430583;B
20240401;100000;0.02309;10000;9991430665;B
20240401;100000;0.02309;10000;9991430666;B
20240401;100000;0.02309;10000;9991430709;B
20240401;100000;0.02309;10000;9991430716;B
20240401;100000;0.02309;10000;9991430717;B
20240401;100000;0.02309;10000;9991430718;B
20240401;100000;0.02309;10000;9991430719;B
20240401;100000;0.02307;1060000;9991430774;S
20240401;100000;0.023065;810000;9991430775;S
20240401;100000;0.023065;1000000;9991430776;B
20240401;100000;0.023065;1000000;9991430814;B
20240401;100000;0.023065;14130000;9991430816;B
20240401;100000;0.02306;10000;9991430868;S
20240401;100000;0.0231;10000;9991430869;B
20240401;100000;0.02306;10000;9991430874;S
20240401;100000;0.02306;4980000;9991430954;S
20240401;100000;0.02306;400000;9991430955;S
20240401;100000;0.02306;10000000;9991430956;S
20240401;100000;0.02306;4620000;9991430957;S
20240401;100000;0.02309;200000;9991430987;B
20240401;100000;0.02306;10000;9991431069;S
20240401;100000;0.02309;500000;9991431077;B
20240401;100000;0.02306;230000;9991431113;S
20240401;100000;0.02306;590000;9991431211;S
20240401;100000;0.02306;10000;9991431222;S
20240401;100000;0.02306;6230000;9991431239;S
20240401;100000;0.02306;1000000;9991431240;S
20240401;100000;0.02306;6180000;9991431241;S
20240401;100000;0.023055;1000000;9991431242;S
20240401;100000;0.023055;5590000;9991431243;S
20240401;100000;0.023065;1000000;9991431267;B
20240401;100000;0.02305;90000;9991431285;S
20240401;100001;0.023055;1000000;9991431327;S
20240401;100001;0.023055;1000000;9991431328;S
20240401;100001;0.023055;40000;9991431363;S
20240401;100001;0.02305;30000;9991431392;S
20240401;100001;0.02305;40000;9991431416;S
20240401;100001;0.023055;40000;9991431500;S
20240401;100001;0.02307;3700000;9991431583;S
20240401;100001;0.02307;50000;9991431817;S
20240401;100001;0.02307;2000000;9991432012;S
20240401;100001;0.02307;10000;9991432163;S
20240401;100001;0.02307;5000000;9991432171;S
20240401;100001;0.02307;2240000;9991432176;S
20240401;100001;0.02307;1000000;9991432177;S
20240401;100001;0.023065;1000000;9991432178;S
20240401;100001;0.02306;760000;9991432179;S
20240401;100001;0.02306;240000;9991432185;S
20240401;100001;0.023055;960000;9991432186;S
20240401;100001;0.023055;3800000;9991432187;S
20240401;100001;0.023055;2100000;9991432190;S
20240401;100001;0.023055;280000;9991432202;S
20240401;100001;0.023055;2620000;9991432203;S
20240401;100001;0.023055;2000000;9991432230;S
20240401;100001;0.023055;10000;9991432341;S
20240401;100001;0.023055;230000;9991432690;S
20240401;100001;0.023055;110000;9991432713;S
20240401;100001;0.023055;50000;9991432727;S
20240401;100001;0.023055;150000;9991432729;S
20240401;100001;0.023075;1000000;9991432850;B
20240401;100001;0.023075;2000000;9991432851;B
20240401;100001;0.02308;2000000;9991432852;B
20240401;100001;0.023055;100000;9991432897;S
20240401;100001;0.02307;300000;9991432954;B
20240401;100001;0.02307;200000;9991432955;B
20240401;100001;0.023075;1000000;9991432956;B
20240401;100001;0.02308;500000;9991432957;B
20240401;100001;0.023055;200000;9991432967;S
20240401;100001;0.023075;10000;9991432972;B
20240401;100001;0.023055;20000;9991432983;S
20240401;100001;0.023055;10000;9991432988;S
20240401;100001;0.023055;10000;9991433001;S
20240401;100001;0.023055;10000;9991433005;S
20240401;100001;0.023055;2640000;9991433052;S
20240401;100001;0.023065;50000;9991433118;B
20240401;100002;0.02306;10000;9991433213;B
20240401;100002;0.02306;1000000;9991433214;B
20240401;100002;0.023065;950000;9991433215;B
20240401;100002;0.023065;1680000;9991433216;B
20240401;100002;0.02305;50000;9991433251;S
20240401;100002;0.02305;10000;9991433294;S
20240401;100002;0.02305;20000;9991433307;S
20240401;100002;0.02306;490000;9991433353;B
20240401;100002;0.02306;510000;9991433358;B
20240401;100002;0.023065;2690000;9991433359;B
20240401;100002;0.023065;800000;9991433360;B
20240401;100002;0.023065;200000;9991433361;B
20240401;100002;0.02307;10000;9991433362;B
20240401;100002;0.02307;1000000;9991433363;B
20240401;100002;0.02307;4560000;9991433364;B
20240401;100002;0.023065;260000;9991433372;B
20240401;100002;0.023065;120000;9991433380;B
20240401;100002;0.023065;170000;9991433387;B
20240401;100002;0.02305;20000;9991433396;S
20240401;100002;0.023065;150000;9991433409;B
20240401;100002;0.023065;230000;9991433415;B
20240401;100002;0.023065;170000;9991433432;B
20240401;100002;0.023065;150000;9991433440;B
20240401;100002;0.023065;310000;9991433443;B
20240401;100002;0.023065;170000;9991433453;B
20240401;100002;0.023065;160000;9991433465;B
20240401;100002;0.023065;240000;9991433474;B
20240401;100002;0.02305;10000;9991433476;S
20240401;100002;0.023065;10000;9991433480;B
20240401;100002;0.023065;290000;9991433488;B
20240401;100002;0.023065;860000;9991433498;B
20240401;100002;0.023065;470000;9991433514;B
20240401;100002;0.023065;470000;9991433528;B
20240401;100002;0.023065;300000;9991433540;B
20240401;100002;0.023065;190000;9991433561;B
20240401;100002;0.023065;10000;9991433638;B
20240401;100002;0.02305;110000;9991433655;S
20240401;100002;0.02305;400000;9991433689;S
20240401;100002;0.023065;200000;9991433748;B
20240401;100002;0.023065;890000;9991433765;B
20240401;100002;0.02305;10000;9991433779;S
20240401;100002;0.02305;100000;9991433828;S
20240401;100002;0.023055;80000;9991433854;S
20240401;100002;0.023065;10000;9991433921;B
20240401;100002;0.023055;10000;9991434030;S
20240401;100002;0.023055;910000;9991434129;S
20240401;100002;0.02305;110000;9991434130;S
20240401;100002;0.02305;150000;9991434131;S
20240401;100002;0.02305;1000000;9991434132;S
20240401;100002;0.02305;60000;9991434133;S
20240401;100002;0.023055;250000;9991434201;B
20240401;100002;0.023065;10000;9991434202;B
20240401;100002;0.023065;4190000;9991434210;B
20240401;100002;0.023055;10000;9991434212;S
20240401;100002;0.023065;160000;9991434215;B
20240401;100002;0.023065;1000000;9991434216;B
20240401;100002;0.02307;1840000;9991434217;B
20240401;100002;0.023065;320000;9991434258;B
20240401;100002;0.023065;530000;9991434277;B
20240401;100002;0.023065;160000;9991434292;B
20240401;100002;0.023055;1000000;9991434295;S
20240401;100002;0.02305;1500000;9991434296;S
20240401;100002;0.023065;360000;9991434297;B
20240401;100002;0.023055;1000000;9991434320;S
20240401;100002;0.02305;1100000;9991434321;S
20240401;100002;0.02306;170000;9991434354;B
20240401;100002;0.02306;230000;9991434360;B
20240401;100002;0.02306;570000;9991434361;B
20240401;100002;0.02306;190000;9991434373;B
20240401;100002;0.023055;10000;9991434413;S
20240401;100002;0.02306;2000000;9991434476;B
20240401;100002;0.023065;500000;9991434477;B
20240401;100002;0.023055;500000;9991434519;S
20240401;100002;0.023055;500000;9991434520;S
20240401;100002;0.02305;13700000;9991434521;S
20240401;100002;0.02305;1000000;9991434522;S
20240401;100002;0.023045;3000000;9991434523;S
20240401;100002;0.023045;1800000;9991434524;S
20240401;100002;0.023045;50000;9991434576;S
20240401;100002;0.023045;100000;9991434590;S
20240401;100002;0.02306;1000000;9991434719;B
20240401;100002;0.023065;2000000;9991434720;B
20240401;100002;0.02306;1000000;9991434774;B
20240401;100002;0.023065;1000000;9991434775;B
20240401;100002;0.023065;10000;9991434776;B
20240401;100002;0.023065;400000;9991434777;B
20240401;100002;0.023065;20590000;9991434778;B
20240401;100002;0.023065;3580000;9991434822;B
20240401;100002;0.023055;20000;9991434838;S
20240401;100002;0.023055;10000;9991434911;S
20240401;100002;0.023065;3000000;9991434983;B
20240401;100002;0.023065;40000;9991434996;B
20240401;100002;0.023055;300000;9991435200;S
20240401;100002;0.023055;10000;9991435218;S
20240401;100002;0.023055;50000;9991435223;S
20240401;100002;0.023055;50000;9991435266;S
20240401;100002;0.023055;10000;9991435267;S
20240401;100002;0.023055;10000;9991435268;S
20240401;100002;0.023055;20000;9991435311;S
20240401;100002;0.023065;960000;9991435361;B
20240401;100002;0.023065;4040000;9991435362;B
20240401;100003;0.023055;10000;9991435399;S
20240401;100003;0.023055;290000;9991435418;S
20240401;100003;0.02305;20000;9991435590;S
20240401;100003;0.02305;10000;9991435818;S
20240401;100003;0.02305;20000;9991435862;S
20240401;100003;0.02305;10000;9991435867;S
20240401;100003;0.02305;30000;9991435889;S
20240401;100003;0.02305;30000;9991435895;S
20240401;100003;0.023065;10000;9991436242;B
20240401;100003;0.02305;880000;9991436248;S
20240401;100003;0.02305;4120000;9991436249;S
20240401;100003;0.023045;10000;9991436380;S
20240401;100003;0.023045;10000;9991436548;S
20240401;100004;0.02306;2000000;9991437102;B
20240401;100004;0.02306;1000000;9991437103;B
20240401;100004;0.02306;7000000;9991437104;B
20240401;100004;0.02306;10000000;9991437632;B
20240401;100004;0.023045;10000;9991437834;S
20240401;100005;0.023045;10000;9991438225;S
20240401;100005;0.023045;10000;9991438272;S
20240401;100005;0.023045;60000;9991438348;S
20240401;100005;0.023045;500000;9991438567;S
20240401;100005;0.023045;20000;9991438812;S
20240401;100005;0.023045;10000;9991438815;S
20240401;100005;0.023045;10000;9991438817;S
20240401;100005;0.023045;10000;9991438921;S
20240401;100006;0.023045;10000;9991439387;S
20240401;100006;0.02305;10000;9991439391;B
20240401;100006;0.023055;10000;9991439400;B
20240401;100006;0.023055;10000;9991439407;B
20240401;100006;0.023055;10000;9991439408;B
20240401;100006;0.023045;10000;9991439411;S
20240401;100006;0.023055;10000;9991439412;B
20240401;100006;0.023045;10000;9991439415;S
20240401;100006;0.023045;20000;9991439423;S
20240401;100006;0.023045;10000;9991439424;S
20240401;100006;0.023055;10000;9991439429;B
20240401;100006;0.023055;10000;9991439433;B
20240401;100006;0.023055;210000;9991439440;B
20240401;100006;0.023045;10000;9991439441;S
20240401;100006;0.023055;10000;9991439446;B
20240401;100006;0.023055;10000;9991439453;B
20240401;100006;0.023055;50000;9991439463;B
20240401;100006;0.023045;40000;9991439466;S
20240401;100006;0.023055;10000;9991439468;B
20240401;100006;0.023045;20000;9991439471;S
20240401;100006;0.023045;20000;9991439473;S
20240401;100006;0.023045;10000;9991439483;S
20240401;100006;0.023055;10000;9991439484;B
20240401;100006;0.023055;10000;9991439489;B
20240401;100006;0.023055;10000;9991439491;B
20240401;100006;0.023055;10000;9991439492;B
20240401;100006;0.023055;10000;9991439495;B
20240401;100006;0.023055;10000;9991439497;B
20240401;100006;0.023055;40000;9991439502;B
20240401;100006;0.023045;20000;9991439507;S
20240401;100006;0.023045;40000;9991439517;S
20240401;100006;0.023045;10000;9991439519;S
20240401;100006;0.023045;10000;9991439523;S
20240401;100006;0.02305;10000;9991439528;B
20240401;100006;0.023055;10000;9991439535;B
20240401;100006;0.023045;40000;9991439540;S
20240401;100006;0.023045;10000;9991439542;S
20240401;100006;0.023055;10000;9991439564;B
20240401;100006;0.023045;10000;9991439568;S
20240401;100006;0.023045;10000;9991439575;S
20240401;100006;0.023055;10000;9991439581;B
20240401;100006;0.023055;10000;9991439583;B
20240401;100006;0.023055;10000;9991439584;B
20240401;100006;0.023055;10000;9991439586;B
20240401;100006;0.023045;10000;9991439592;S
20240401;100006;0.023045;20000;9991439599;S
20240401;100006;0.023055;10000;9991439696;B
20240401;100006;0.023055;10000;9991439703;B
20240401;100006;0.023055;10000;9991439707;B
20240401;100006;0.023055;10000;9991439714;B
20240401;100006;0.023055;10000;9991439717;B
20240401;100006;0.023045;20000;9991439719;S
20240401;100006;0.023045;10000;9991439722;S
20240401;100006;0.023045;10000;9991439727;S
20240401;100006;0.023055;10000;9991439729;B
20240401;100006;0.023055;10000;9991439731;B
20240401;100006;0.023055;20000;9991439732;B
20240401;100006;0.023055;10000;9991439736;B
20240401;100006;0.023055;10000;9991439737;B
20240401;100006;0.023055;10000;9991439743;B
20240401;100006;0.023045;10000;9991439746;S
20240401;100006;0.023055;10000;9991439748;B
20240401;100006;0.023055;10000;9991439751;B
20240401;100006;0.023055;10000;9991439759;B
20240401;100006;0.023055;20000;9991439761;B
20240401;100006;0.023055;10000;9991439766;B
20240401;100006;0.023045;20000;9991439767;S
20240401;100006;0.023045;20000;9991439768;S
20240401;100006;0.023055;10000;9991439775;B
20240401;100006;0.023045;40000;9991439779;S
20240401;100006;0.023045;10000;9991439784;S
20240401;100006;0.023045;50000;9991439791;S
20240401;100006;0.023055;10000;9991439798;B
20240401;100006;0.023055;10000;9991439801;B
20240401;100006;0.023055;1000000;9991439806;B
20240401;100006;0.023045;10000;9991439807;S
20240401;100006;0.023045;30000;9991439808;S
20240401;100006;0.023045;50000;9991439975;S
20240401;100006;0.023055;10000;9991439984;B
20240401;100006;0.023045;40000;9991440154;S
20240401;100006;0.023045;40000;9991440259;S
20240401;100006;0.023045;40000;9991440353;S
20240401;100006;0.023045;20000;9991440531;S
20240401;100006;0.023045;10000;9991440858;S
20240401;100006;0.023045;20000;9991440863;S
20240401;100006;0.023045;10000;9991440869;S
20240401;100006;0.023055;170000;9991440922;B
20240401;100006;0.023045;600000;9991440948;S
20240401;100007;0.023045;50000;9991441554;S
20240401;100007;0.023045;10000;9991441558;S
20240401;100007;0.023055;10000;9991441768;B
20240401;100007;0.023055;10000;9991441778;B
20240401;100007;0.023055;10000;9991441780;B
20240401;100007;0.023055;70000;9991441788;B
20240401;100007;0.023055;360000;9991441789;B
20240401;100007;0.023045;10000;9991441794;S
20240401;100007;0.023055;10000;9991441802;B
20240401;100007;0.023045;10000;9991441810;S
20240401;100007;0.02305;60000;9991441814;B
20240401;100007;0.023045;40000;9991441824;S
20240401;100007;0.02305;10000;9991441837;B
20240401;100007;0.023045;10000;9991441841;S
20240401;100007;0.02305;40000;9991441852;B
20240401;100007;0.02305;10000;9991441854;B
20240401;100007;0.02305;10000;9991441866;B
20240401;100007;0.02305;10000;9991441871;B
20240401;100007;0.023045;10000;9991441872;S
20240401;100007;0.023045;10000;9991441876;S
20240401;100007;0.023045;40000;9991441878;S
20240401;100007;0.02305;10000;9991441883;B
20240401;100007;0.02305;20000;9991441887;B
20240401;100007;0.02305;40000;9991441888;B
20240401;100007;0.02305;10000;9991441892;B
20240401;100007;0.02305;10000;9991441893;B
20240401;100007;0.02305;850000;9991441894;B
20240401;100007;0.023045;60000;9991441897;S
20240401;100007;0.02305;10000;9991441899;B
20240401;100007;0.02305;20000;9991441901;B
20240401;100007;0.02305;60000;9991441906;B
20240401;100007;0.02305;10000;9991441907;B
20240401;100007;0.02305;10000;9991441911;B
20240401;100007;0.02305;10000;9991441912;B
20240401;100007;0.02305;10000;9991441915;B
20240401;100007;0.02305;10000;9991441918;B
20240401;100007;0.02305;50000;9991441923;B
20240401;100007;0.023045;30000;9991441924;S
20240401;100007;0.02305;10000;9991441925;B
20240401;100007;0.02305;10000;9991441930;B
20240401;100007;0.02305;10000;9991441931;B
20240401;100007;0.02305;10000;9991441934;B
20240401;100007;0.023045;10000;9991441937;S
20240401;100007;0.02305;10000;9991441938;B
20240401;100007;0.02305;10000;9991441944;B
20240401;100007;0.02305;10000;9991441945;B
20240401;100007;0.02305;10000;9991441957;B
20240401;100007;0.02305;10000;9991441960;B
20240401;100007;0.02305;10000;9991441961;B
20240401;100007;0.02305;10000;9991441965;B
20240401;100007;0.02305;10000;9991441967;B
20240401;100007;0.023045;10000;9991441981;S
20240401;100007;0.023045;10000;9991441987;S
20240401;100007;0.02305;10000;9991441988;B
20240401;100007;0.023045;40000;9991441992;S
20240401;100007;0.023045;10000;9991441994;S
20240401;100007;0.023045;20000;9991442001;S
20240401;100007;0.02305;20000;9991442005;B
20240401;100007;0.023045;10000;9991442008;S
20240401;100007;0.02305;10000;9991442011;B
20240401;100007;0.023045;20000;9991442014;S
20240401;100007;0.02305;10000;9991442015;B
20240401;100007;0.02305;10000;9991442016;B
20240401;100007;0.02305;10000;9991442020;B
20240401;100007;0.02305;10000;9991442024;B
20240401;100007;0.02305;10000;9991442029;B
20240401;100007;0.02305;60000;9991442030;B
20240401;100007;0.02305;10000;9991442036;B
20240401;100007;0.023045;10000;9991442038;S
20240401;100007;0.02305;10000;9991442042;B
20240401;100007;0.02305;10000;9991442045;B
20240401;100007;0.02305;10000;9991442048;B
20240401;100007;0.02305;10000;9991442054;B
20240401;100007;0.02305;10000;9991442055;B
20240401;100007;0.023045;90000;9991442058;S
20240401;100007;0.023045;10000;9991442064;S
20240401;100007;0.02305;10000;9991442065;B
20240401;100007;0.02305;10000;9991442068;B
20240401;100007;0.02305;10000;9991442078;B
20240401;100007;0.02305;90000;9991442079;B
20240401;100007;0.023045;10000;9991442083;S
20240401;100007;0.02305;10000;9991442091;B
20240401;100007;0.023045;10000;9991442092;S
20240401;100007;0.02305;10000;9991442101;B
20240401;100007;0.023045;20000;9991442105;S
20240401;100007;0.02305;10000;9991442112;B
20240401;100007;0.02305;250000;9991442116;B
20240401;100007;0.023045;10000;9991442117;S
20240401;100007;0.023055;10000;9991442126;B
20240401;100007;0.02305;40000;9991442137;B
20240401;100007;0.02305;10000;9991442144;B
20240401;100007;0.023045;50000;9991442149;S
20240401;100007;0.02305;10000;9991442164;B
20240401;100007;0.02305;10000;9991442175;B
20240401;100007;0.023045;10000;9991442187;S
20240401;100007;0.02305;40000;9991442193;B
20240401;100007;0.02305;10000;9991442196;B
20240401;100007;0.023045;10000;9991442197;S
20240401;100007;0.02305;10000;9991442200;B
20240401;100007;0.02305;40000;9991442206;B
20240401;100007;0.02305;10000;9991442208;B
20240401;100007;0.023045;50000;9991442210;S
20240401;100007;0.02305;10000;9991442216;B
20240401;100007;0.02305;20000;9991442217;B
20240401;100007;0.02305;10000;9991442218;B
20240401;100007;0.02305;20000;9991442220;B
20240401;100007;0.02305;10000;9991442225;B
20240401;100007;0.023045;10000;9991442228;S
20240401;100007;0.02305;10000;9991442229;B
20240401;100007;0.02305;10000;9991442233;B
20240401;100007;0.02305;10000;9991442236;B
20240401;100007;0.02305;10000;9991442237;B
20240401;100007;0.023045;10000;9991442238;S
20240401;100007;0.02305;40000;9991442243;B
20240401;100007;0.02305;10000;9991442244;B
20240401;100007;0.02305;10000;9991442245;B
20240401;100007;0.02305;10000;9991442249;B
20240401;100007;0.023045;50000;9991442252;S
20240401;100007;0.02305;10000;9991442259;B
20240401;100007;0.02305;10000;9991442262;B
20240401;100007;0.023045;10000;9991442269;S
20240401;100007;0.02305;20000;9991442272;B
20240401;100007;0.023045;10000;9991442279;S
20240401;100007;0.023045;50000;9991442283;S
20240401;100007;0.02305;10000;9991442289;B
20240401;100007;0.02305;10000;9991442293;B
20240401;100007;0.02305;10000;9991442296;B
20240401;100007;0.023045;20000;9991442298;S
20240401;100007;0.02305;30000;9991442307;B
20240401;100007;0.02305;10000;9991442310;B
20240401;100007;0.02305;20000;9991442316;B
20240401;100007;0.02305;10000;9991442321;B
20240401;100007;0.02305;10000;9991442324;B
20240401;100007;0.023045;400000;9991442429;S
20240401;100007;0.023045;15000000;9991442479;S
20240401;100007;0.02305;10000;9991442517;B
20240401;100007;0.02305;1480000;9991442519;B
20240401;100007;0.023055;11170000;9991442520;B
20240401;100007;0.02306;1000000;9991442521;B
20240401;100007;0.02306;11350000;9991442522;B
20240401;100007;0.02306;50000;9991442523;B
20240401;100007;0.02306;1690000;9991442524;B
20240401;100007;0.02306;10000;9991442525;B
20240401;100007;0.023065;990000;9991442526;B
20240401;100007;0.023065;310000;9991442527;B
20240401;100007;0.023065;10000;9991442529;B
20240401;100007;0.023065;100000;9991442530;B
20240401;100007;0.023045;10000;9991442531;S
20240401;100007;0.023045;10000;9991442532;S
20240401;100007;0.023065;10000;9991442533;B
20240401;100007;0.023065;10000;9991442535;B
20240401;100007;0.023065;10000;9991442537;B
20240401;100007;0.023055;30000;9991442542;B
20240401;100007;0.023055;10000;9991442543;B
20240401;100007;0.023055;10000;9991442545;B
20240401;100007;0.023055;70000;9991442546;B
20240401;100007;0.023055;80000;9991442548;B
20240401;100007;0.02306;10000;9991442549;B
20240401;100007;0.02306;10000;9991442550;B
20240401;100007;0.02306;10000;9991442553;B
20240401;100007;0.02306;100000;9991442554;B
20240401;100007;0.02306;20000;9991442555;B
20240401;100007;0.02306;10000;9991442556;B
20240401;100007;0.02306;40000;9991442557;B
20240401;100007;0.023055;10000;9991442566;S
20240401;100007;0.023045;50000;9991442570;S
20240401;100007;0.023045;50000;9991442572;S
20240401;100007;0.02305;10000;9991442573;B
20240401;100007;0.023045;50000;9991442575;S
20240401;100007;0.02305;10000;9991442576;B
20240401;100007;0.02305;180000;9991442581;B
20240401;100007;0.023045;10000;9991442583;S
20240401;100007;0.02306;10000;9991442584;B
20240401;100007;0.02306;10000;9991442585;B
20240401;100007;0.02306;10000;9991442587;B
20240401;100007;0.023045;40000;9991442589;S
20240401;100007;0.02306;10000;9991442590;B
20240401;100007;0.02306;1150000;9991442591;B
20240401;100007;0.023045;30000;9991442600;S
20240401;100007;0.02306;20000;9991442697;B
20240401;100007;0.023045;34230000;9991443188;S
20240401;100007;0.023045;10000;9991443396;S
20240401;100007;0.023045;10000;9991443398;S
20240401;100007;0.023045;30000;9991443399;S
20240401;100007;0.023045;60000;9991443400;S
20240401;100007;0.023055;50000;9991443401;B
20240401;100007;0.023045;20000;9991443402;S
20240401;100007;0.023055;10000;9991443404;B
20240401;100007;0.023045;100000;9991443406;S
20240401;100007;0.023055;10000;9991443408;B
20240401;100007;0.023055;10000;9991443410;B
20240401;100007;0.023055;10000;9991443411;B
20240401;100007;0.023055;20000;9991443412;B
20240401;100007;0.023055;40000;9991443413;B
20240401;100007;0.023055;10000;9991443414;B
20240401;100007;0.023045;50000;9991443420;S
20240401;100007;0.023045;10000;9991443423;S
20240401;100007;0.023055;10000;9991443424;B
20240401;100007;0.023055;10000;9991443426;B
20240401;100007;0.023045;50000;9991443430;S
20240401;100007;0.023045;60000;9991443438;S
20240401;100007;0.023045;10000;9991443439;S
20240401;100007;0.023055;10000;9991443448;B
20240401;100007;0.023055;60000;9991443450;B
20240401;100007;0.023055;10000;9991443451;B
20240401;100007;0.023045;50000;9991443452;S
20240401;100007;0.023045;50000;9991443456;S
20240401;100007;0.023055;50000;9991443457;B
20240401;100007;0.023055;40000;9991443458;B
20240401;100007;0.023045;40000;9991443465;S
20240401;100007;0.023055;10000;9991443467;B
20240401;100007;0.023045;10000;9991443468;S
20240401;100007;0.023055;10000;9991443469;B
20240401;100007;0.023045;20000;9991443472;S
20240401;100007;0.023055;300000;9991443475;B
20240401;100007;0.023045;10000;9991443476;S
20240401;100007;0.023045;50000;9991443479;S
20240401;100007;0.023045;90000;9991443481;S
20240401;100007;0.023055;10000;9991443482;B
20240401;100007;0.023055;40000;9991443483;B
20240401;100007;0.023045;10000;9991443487;S
20240401;100007;0.023045;1300000;9991443718;S
20240401;100008;0.023055;10000;9991444228;B
20240401;100008;0.023045;40000;9991444229;S
20240401;100008;0.023045;10000;9991444284;S
20240401;100008;0.023045;10000;9991445826;S
20240401;100008;0.023055;10000;9991445835;B
20240401;100008;0.023045;20000;9991445843;S
20240401;100008;0.023055;90000;9991445861;B
20240401;100008;0.023045;10000;9991445863;S
20240401;100008;0.023045;10000;9991445876;S
20240401;100008;0.023045;10000;9991445880;S
20240401;100008;0.023045;20000;9991445889;S
20240401;100008;0.023045;40000;9991445896;S
20240401;100008;0.023055;10000;9991445913;B
20240401;100008;0.023045;10000;9991445925;S
20240401;100008;0.023055;10000;9991445931;B
20240401;100008;0.023045;10000;9991445942;S
20240401;100008;0.023055;10000;9991445950;B
20240401;100008;0.023055;10000;9991446059;B
20240401;100008;0.023055;10000;9991446076;B
20240401;100008;0.023055;10000;9991446088;B
20240401;100008;0.023045;300000;9991446095;S
20240401;100008;0.023055;10000;9991446099;B
20240401;100008;0.023055;40000;9991446112;B
20240401;100008;0.023045;10000;9991446121;S
20240401;100008;0.023045;40000;9991446126;S
20240401;100008;0.023045;10000;9991446130;S
20240401;100008;0.023045;120000;9991446134;S
20240401;100008;0.023045;10000;9991446147;S
20240401;100008;0.023055;10000;9991446148;B
20240401;100008;0.023055;50000;9991446156;B
20240401;100008;0.023055;10000;9991446163;B
20240401;100008;0.023045;20000;9991446164;S
20240401;100008;0.023055;10000;9991446199;B
20240401;100008;0.023045;10000;9991446200;S
20240401;100008;0.023055;10000;9991446209;B
20240401;100008;0.023055;10000;9991446211;B
20240401;100008;0.023055;10000;9991446212;B
20240401;100008;0.023055;10000;9991446214;B
20240401;100008;0.023055;1000000;9991446216;B
20240401;100008;0.023055;10000;9991446217;B
20240401;100008;0.023055;10000;9991446222;B
20240401;100008;0.023045;20000;9991446224;S
20240401;100008;0.023055;10000;9991446225;B
20240401;100008;0.023055;50000;9991446228;B
20240401;100008;0.023055;10000;9991446229;B
20240401;100008;0.023055;10000;9991446234;B
20240401;100008;0.023055;10000;9991446235;B
20240401;100008;0.023055;10000;9991446238;B
20240401;100008;0.023055;10000;9991446239;B
20240401;100008;0.023055;10000;9991446242;B
20240401;100008;0.023045;50000;9991446246;S
20240401;100008;0.023055;10000;9991446247;B
20240401;100008;0.023045;40000;9991446248;S
20240401;100008;0.023055;20000;9991446250;B
20240401;100008;0.023045;10000;9991446253;S
20240401;100008;0.023045;10000;9991446254;S
20240401;100008;0.023055;10000;9991446257;B
20240401;100008;0.023055;10000;9991446261;B
20240401;100008;0.023055;10000;9991446262;B
20240401;100008;0.023055;10000;9991446264;B
20240401;100008;0.023045;10000;9991446265;S
20240401;100008;0.023055;10000;9991446266;B
20240401;100008;0.023045;10000;9991446274;S
20240401;100008;0.023055;50000;9991446278;B
20240401;100008;0.023055;10000;9991446279;B
20240401;100008;0.023055;10000;9991446280;B
20240401;100008;0.023055;10000;9991446281;B
20240401;100008;0.023055;10000;9991446286;B
20240401;100008;0.023045;50000;9991446288;S
20240401;100008;0.023045;10000;9991446289;S
20240401;100008;0.023055;10000;9991446290;B
20240401;100008;0.023055;10000;9991446295;B
20240401;100008;0.023055;10000;9991446297;B
20240401;100008;0.023045;10000;9991446302;S
20240401;100008;0.023055;10000;9991446303;B
20240401;100008;0.023045;10000;9991446305;S
20240401;100008;0.023055;10000;9991446306;B
20240401;100008;0.023045;10000;9991446309;S
20240401;100008;0.023055;10000;9991446310;B
20240401;100008;0.023055;10000;9991446313;B
20240401;100008;0.023045;10000;9991446315;S
20240401;100008;0.023055;10000;9991446316;B
20240401;100008;0.023055;10000;9991446318;B
20240401;100008;0.023055;10000;9991446334;B
20240401;100008;0.023055;50000;9991446335;B
20240401;100008;0.023045;10000;9991446336;S
20240401;100008;0.023055;10000;9991446340;B
20240401;100008;0.023055;50000;9991446341;B
20240401;100008;0.023055;10000;9991446346;B
20240401;100008;0.023045;20000;9991446353;S
20240401;100008;0.023055;60000;9991446356;B
20240401;100008;0.023045;10000;9991446361;S
20240401;100008;0.023055;490000;9991446364;B
20240401;100008;0.023055;10000;9991446366;B
20240401;100008;0.023055;10000;9991446371;B
20240401;100008;0.023055;50000;9991446373;B
20240401;100008;0.023055;10000;9991446380;B
20240401;100008;0.023055;10000;9991446381;B
20240401;100008;0.023055;10000;9991446385;B
20240401;100008;0.023055;10000;9991446387;B
20240401;100008;0.023045;50000;9991446389;S
20240401;100008;0.023045;20000;9991446393;S
20240401;100008;0.023045;40000;9991446395;S
20240401;100008;0.023045;10000;9991446398;S
20240401;100008;0.023055;10000;9991446402;B
20240401;100008;0.023045;10000;9991446404;S
20240401;100008;0.023055;10000;9991446411;B
20240401;100008;0.023055;10000;9991446418;B
20240401;100008;0.023045;50000;9991446419;S
20240401;100008;0.023055;10000;9991446433;B
20240401;100008;0.023055;10000;9991446442;B
20240401;100008;0.023055;10000;9991446448;B
20240401;100008;0.023055;10000;9991446449;B
20240401;100008;0.023055;10000;9991446453;B
20240401;100008;0.023055;30000;9991446455;B
20240401;100008;0.023055;80000;9991446459;B
20240401;100008;0.023055;10000;9991446462;B
20240401;100008;0.023055;10000;9991446470;B
20240401;100008;0.023045;70000;9991446471;S
20240401;100008;0.023055;10000;9991446479;B
20240401;100008;0.023045;270000;9991446480;S
20240401;100008;0.023055;10000;9991446484;B
20240401;100008;0.023055;10000;9991446486;B
20240401;100008;0.023045;10000;9991446491;S
20240401;100008;0.023045;50000;9991446501;S
20240401;100008;0.023045;10000;9991446502;S
20240401;100008;0.023055;10000;9991446510;B
20240401;100008;0.023055;10000;9991446511;B
20240401;100008;0.023045;10000;9991446515;S
20240401;100008;0.023045;10000;9991446517;S
20240401;100008;0.023055;40000;9991446523;B
20240401;100008;0.023055;10000;9991446524;B
20240401;100008;0.023055;10000;9991446532;B
20240401;100008;0.023055;10000;9991446533;B
20240401;100008;0.023045;60000;9991446534;S
20240401;100008;0.023045;40000;9991446539;S
20240401;100008;0.023045;10000;9991446543;S
20240401;100008;0.023045;10000;9991446547;S
20240401;100008;0.023045;10000;9991446548;S
20240401;100008;0.023055;10000;9991446610;B
20240401;100008;0.023055;10000;9991446614;B
20240401;100008;0.023045;150000;9991446616;S
20240401;100008;0.023045;20000;9991446621;S
20240401;100008;0.023045;10000;9991446623;S
20240401;100008;0.023055;10000;9991446633;B
20240401;100009;0.023045;20000;9991446639;S
20240401;100009;0.023045;10000;9991446653;S
20240401;100009;0.023055;10000;9991446666;B
20240401;100009;0.023045;20000;9991446675;S
20240401;100009;0.023055;10000;9991446685;B
20240401;100009;0.023055;10000;9991446691;B
20240401;100009;0.023055;10000;9991446697;B
20240401;100009;0.023055;10000;9991446707;B
20240401;100009;0.023055;10000;9991446716;B
20240401;100009;0.023055;10000;9991446724;B
20240401;100009;0.023055;10000;9991446733;B
20240401;100009;0.023055;10000;9991446745;B
20240401;100009;0.023055;10000;9991446754;B
20240401;100009;0.023045;10000;9991446776;S
20240401;100009;0.023055;10000;9991446791;B
20240401;100009;0.023045;20000;9991446800;S
20240401;100009;0.023045;50000;9991446806;S
20240401;100009;0.023055;10000;9991446816;B
20240401;100009;0.023045;10000;9991446825;S
20240401;100009;0.023045;10000;9991446831;S
20240401;100009;0.023055;610000;9991446835;B
20240401;100009;0.023055;10000;9991446836;B
20240401;100009;0.023055;1880000;9991446837;B
20240401;100009;0.023055;10000;9991446850;B
20240401;100009;0.023055;10000;9991446870;B
20240401;100009;0.023045;10000;9991446884;S
20240401;100009;0.023055;10000;9991446891;B
20240401;100009;0.023045;10000;9991446900;S
20240401;100009;0.023045;10000;9991446907;S
20240401;100009;0.023055;10000;9991446914;B
20240401;100009;0.023045;30000;9991447216;S
20240401;100009;0.023055;50000;9991447542;B
20240401;100009;0.023055;10000;9991447548;B
20240401;100009;0.023055;10000;9991447550;B
20240401;100009;0.023055;50000;9991447560;B
20240401;100009;0.023055;10000;9991447561;B
20240401;100009;0.023045;10000;9991447570;S
20240401;100009;0.023045;10000;9991447574;S
20240401;100009;0.023045;10000;9991447584;S
20240401;100009;0.023055;10000;9991447587;B
20240401;100009;0.023045;10000;9991447592;S
20240401;100009;0.023055;10000;9991447595;B
20240401;100009;0.023045;10000;9991447600;S
20240401;100009;0.023055;10000;9991447603;B
20240401;100009;0.023055;10000;9991447609;B
20240401;100009;0.023055;10000;9991447611;B
20240401;100009;0.023055;10000;9991447618;B
20240401;100009;0.023055;10000;9991447627;B
20240401;100009;0.023055;10000;9991447639;B
20240401;100009;0.023055;10000;9991447647;B
20240401;100009;0.023055;10000;9991447649;B
20240401;100009;0.023055;10000;9991447658;B
20240401;100009;0.023045;10000;9991447660;S
20240401;100009;0.023045;10000;9991447666;S
20240401;100009;0.023055;10000;9991447675;B
20240401;100009;0.023055;10000;9991447682;B
20240401;100009;0.023045;10000;9991447684;S
20240401;100009;0.023055;10000;9991447688;B
20240401;100009;0.023055;10000;9991447689;B
20240401;100009;0.023055;30000;9991447690;B
20240401;100009;0.023055;10000;9991447694;B
20240401;100009;0.023055;10000;9991447695;B
20240401;100009;0.023045;50000;9991447702;S
20240401;100009;0.023055;10000;9991447707;B
20240401;100009;0.023055;10000;9991447709;B
20240401;100009;0.023055;10000;9991447710;B
20240401;100009;0.023045;10000;9991447713;S
20240401;100009;0.023045;20000;9991447717;S
20240401;100009;0.023045;30000;9991447718;S
20240401;100009;0.023055;10000;9991447719;B
20240401;100009;0.023055;10000;9991447725;B
20240401;100009;0.023045;20000;9991447726;S
20240401;100009;0.023055;10000;9991447728;B
20240401;100009;0.023045;140000;9991447734;S
20240401;100009;0.023055;10000;9991447735;B
20240401;100009;0.023055;430000;9991447737;B
20240401;100009;0.023045;10000;9991447740;S
20240401;100009;0.023045;10000;9991447746;S
20240401;100009;0.023055;40000;9991447751;B
20240401;100009;0.023055;10000;9991447752;B
20240401;100009;0.023055;10000;9991447770;B
20240401;100009;0.023045;10000;9991447771;S
20240401;100009;0.023055;10000;9991447780;B
20240401;100009;0.023045;10000;9991447781;S
20240401;100009;0.023055;10000;9991447791;B
20240401;100009;0.023045;50000;9991447792;S
20240401;100009;0.023045;30000;9991447799;S
20240401;100009;0.023055;10000;9991447816;B
20240401;100009;0.023055;10000;9991447818;B
20240401;100009;0.023045;10000;9991447820;S
20240401;100009;0.023045;10000;9991447821;S
20240401;100009;0.023055;10000;9991447827;B
20240401;100009;0.023055;10000;9991447831;B
20240401;100009;0.023055;10000;9991447834;B
20240401;100009;0.023055;10000;9991447841;B
20240401;100009;0.023055;10000;9991447843;B
20240401;100009;0.023055;10000;9991447850;B
20240401;100009;0.023045;20000;9991447858;S
20240401;100009;0.023055;10000;9991447860;B
20240401;100009;0.023055;10000;9991447867;B
20240401;100009;0.023045;10000;9991447870;S
20240401;100009;0.023055;10000;9991447876;B
20240401;100009;0.023055;10000;9991447881;B
20240401;100009;0.023045;10000;9991447884;S
20240401;100009;0.023045;40000;9991447892;S
20240401;100009;0.023045;20000;9991447899;S
20240401;100009;0.023045;10000;9991447900;S
20240401;100009;0.023055;10000;9991447909;B
20240401;100009;0.023045;50000;9991447912;S
20240401;100009;0.023055;10000;9991447919;B
20240401;100009;0.023045;30000;9991447921;S
20240401;100009;0.023045;20000;9991447930;S
20240401;100009;0.023045;10000;9991447933;S
20240401;100009;0.023055;10000;9991447935;B
20240401;100009;0.023045;10000;9991447941;S
20240401;100009;0.023055;10000;9991447960;B
20240401;100009;0.023055;10000;9991447963;B
20240401;100009;0.023055;10000;9991447971;B
20240401;100009;0.023045;70000;9991447975;S
20240401;100009;0.023055;30000;9991447980;B
20240401;100009;0.023055;10000;9991447994;B
20240401;100009;0.023055;10000;9991447998;B
20240401;100009;0.023055;10000;9991448000;B
20240401;100009;0.023045;40000;9991448004;S
20240401;100009;0.023055;10000;9991448011;B
20240401;100009;0.023045;50000;9991448012;S
20240401;100009;0.023055;720000;9991448015;B
20240401;100009;0.02306;4280000;9991448016;B
20240401;100009;0.02306;10000;9991448019;B
20240401;100009;0.02306;10000;9991448025;B
20240401;100009;0.023045;10000;9991448030;S
20240401;100009;0.023045;10000;9991448033;S
20240401;100009;0.023045;10000;9991448040;S
20240401;100009;0.02306;10000;9991448072;B
20240401;100009;0.02306;10000;9991448316;B
20240401;100010;0.023055;80000;9991448931;B
20240401;100010;0.023055;40000;9991449094;B
20240401;100010;0.02306;500000;9991449095;B
20240401;100010;0.023045;10000;9991449611;S
20240401;100010;0.02306;10000;9991449612;B
20240401;100010;0.02306;10000;9991449613;B
20240401;100010;0.023045;50000;9991449614;S
20240401;100010;0.02306;10000;9991449616;B
20240401;100010;0.02306;20000;9991449619;B
20240401;100010;0.02306;10000;9991449620;B
20240401;100010;0.02306;10000;9991449621;B
20240401;100010;0.02306;10000;9991449622;B
20240401;100010;0.023045;20000;9991449623;S
20240401;100010;0.02306;10000;9991449626;B
20240401;100010;0.02306;20000;9991449627;B
20240401;100010;0.02306;40000;9991449631;B
20240401;100010;0.02306;10000;9991449633;B
20240401;100010;0.02306;10000;9991449634;B
20240401;100010;0.02306;10000;9991449635;B
20240401;100010;0.02306;300000;9991449636;B
20240401;100010;0.02306;10000;9991449735;B
20240401;100010;0.02306;10000;9991449737;B
20240401;100010;0.02306;20000;9991449738;B
20240401;100010;0.023045;50000;9991449739;S
20240401;100010;0.02306;20000;9991449741;B
20240401;100010;0.023045;50000;9991449742;S
20240401;100010;0.02306;10000;9991449743;B
20240401;100010;0.023045;60000;9991449745;S
20240401;100010;0.02306;10000;9991449747;B
20240401;100010;0.02306;10000;9991449751;B
20240401;100010;0.02306;10000;9991449754;B
20240401;100010;0.02306;10000;9991449756;B
20240401;100010;0.02306;20000;9991449758;B
20240401;100010;0.02306;30000;9991449759;B
20240401;100010;0.02306;50000;9991449762;B
20240401;100010;0.023045;50000;9991449763;S
20240401;100010;0.02306;30000;9991450463;B
20240401;100010;0.02306;10000;9991450554;B
20240401;100010;0.02306;10000;9991450580;B
20240401;100010;0.023045;20000;9991450592;S
20240401;100010;0.023045;10000;9991450600;S
20240401;100010;0.02306;10000;9991450602;B
20240401;100010;0.02306;10000;9991450609;B
20240401;100010;0.02306;10000;9991450618;B
20240401;100010;0.023045;40000;9991450645;S
20240401;100010;0.02306;10000;9991450646;B
20240401;100010;0.023045;10000;9991450650;S
20240401;100010;0.02306;10000;9991450651;B
20240401;100010;0.02306;10000;9991450653;B
20240401;100010;0.023045;200000;9991450656;S
20240401;100010;0.02306;10000;9991450659;B
20240401;100010;0.02306;10000;9991450661;B
20240401;100010;0.023045;30000;9991450676;S
20240401;100010;0.02306;40000;9991450680;B
20240401;100010;0.02306;10000;9991450683;B
20240401;100010;0.02306;10000;9991450684;B
20240401;100010;0.023045;50000;9991450685;S
20240401;100010;0.02306;10000;9991450688;B
20240401;100010;0.023045;10000;9991450690;S
20240401;100010;0.02306;30000;9991450691;B
20240401;100010;0.023045;20000;9991450693;S
20240401;100010;0.02306;10000;9991450694;B
20240401;100010;0.02306;10000;9991450701;B
20240401;100010;0.023045;10000;9991450704;S
20240401;100010;0.02306;10000;9991450705;B
20240401;100010;0.02306;10000;9991450707;B
20240401;100010;0.023045;30000;9991450715;S
20240401;100010;0.02306;10000;9991450717;B
20240401;100010;0.023045;10000;9991450718;S
20240401;100010;0.023045;50000;9991450719;S
20240401;100010;0.02306;10000;9991450720;B
20240401;100010;0.02306;10000;9991450723;B
20240401;100010;0.02306;10000;9991450724;B
20240401;100010;0.02306;10000;9991450725;B
20240401;100010;0.023045;10000;9991450726;S
20240401;100010;0.023045;50000;9991450727;S
20240401;100010;0.023045;50000;9991450737;S
20240401;100010;0.02306;10000;9991450747;B
20240401;100010;0.023045;10000;9991450754;S
20240401;100010;0.02306;10000;9991450757;B
20240401;100010;0.023045;10000;9991450767;S
20240401;100010;0.02306;10000;9991450779;B
20240401;100010;0.02306;10000;9991450786;B
20240401;100010;0.023045;50000;9991450789;S
20240401;100011;0.023045;10000;9991451367;S
20240401;100011;0.02306;10000;9991451655;B
20240401;100011;0.023045;10000;9991451703;S
20240401;100011;0.023045;20000;9991451708;S
20240401;100011;0.023045;10000;9991451722;S
20240401;100011;0.02306;10000;9991452018;B
20240401;100011;0.02306;40000;9991452041;B
20240401;100011;0.023045;10000;9991452047;S
20240401;100011;0.02306;20000;9991452057;B
20240401;100011;0.02306;20000;9991452061;B
20240401;100011;0.02306;10000;9991452069;B
20240401;100011;0.023045;20000;9991452083;S
20240401;100011;0.023055;40000;9991452098;B
20240401;100011;0.023045;20000;9991452105;S
20240401;100011;0.023055;10000;9991452108;B
20240401;100011;0.023045;10000;9991452127;S
20240401;100011;0.023055;20000;9991452129;B
20240401;100011;0.023055;20000;9991452139;B
20240401;100011;0.023055;10000;9991452145;B
20240401;100011;0.023055;10000;9991452156;B
20240401;100011;0.023055;10000;9991452160;B
20240401;100011;0.023055;10000;9991452167;B
20240401;100011;0.023045;50000;9991452170;S
20240401;100011;0.023045;10000;9991452235;S
20240401;100011;0.023055;260000;9991452415;B
20240401;100011;0.023055;100000;9991452458;B
20240401;100011;0.023045;20000;9991452811;S
20240401;100011;0.023055;10000;9991452814;B
20240401;100011;0.023055;80000;9991452816;B
20240401;100011;0.023055;10000;9991452819;B
20240401;100011;0.023045;30000;9991452822;S
20240401;100011;0.023055;10000;9991452824;B
20240401;100011;0.023055;10000;9991452827;B
20240401;100011;0.023055;10000;9991452830;B
20240401;100011;0.023045;120000;9991452832;S
20240401;100011;0.023045;10000;9991452834;S
20240401;100011;0.023055;10000;9991452838;B
20240401;100011;0.023055;20000;9991452841;B
20240401;100011;0.023055;10000;9991452844;B
20240401;100011;0.023045;10000;9991452846;S
20240401;100011;0.023045;30000;9991452850;S
20240401;100011;0.023055;10000;9991452852;B
20240401;100011;0.023045;40000;9991452855;S
20240401;100011;0.023055;60000;9991452857;B
20240401;100011;0.023055;10000;9991452864;B
20240401;100011;0.023055;10000;9991452867;B
20240401;100011;0.023045;30000;9991452868;S
20240401;100011;0.023055;10000;9991452873;B
20240401;100011;0.023055;10000;9991452888;B
20240401;100011;0.023055;10000;9991452889;B
20240401;100011;0.023045;20000;9991452890;S
20240401;100011;0.023055;10000;9991452896;B
20240401;100011;0.023045;10000;9991452902;S
20240401;100011;0.023055;10000;9991452904;B
20240401;100011;0.023045;40000;9991452908;S
20240401;100011;0.023055;180000;9991453081;B
20240401;100011;0.02306;9810000;9991453082;B
20240401;100011;0.02306;10000;9991453209;B
20240401;100011;0.02306;2640000;9991453210;B
20240401;100012;0.023065;10000;9991453951;B
20240401;100012;0.02306;360000;9991454343;S
20240401;100012;0.02306;10000;9991454594;S
20240401;100012;0.02306;10000;9991454753;S
20240401;100012;0.023065;310000;9991454821;B
20240401;100012;0.02306;50000;9991455517;S
20240401;100012;0.023065;10000;9991455544;B
20240401;100012;0.023065;10000;9991455551;B
20240401;100012;0.023065;10000;9991455564;B
20240401;100012;0.023065;20000;9991455582;B
20240401;100012;0.023065;20000;9991455592;B
20240401;100012;0.02306;10000;9991455601;S
20240401;100012;0.023065;10000;9991455610;B
20240401;100012;0.023065;10000;9991455650;B
20240401;100012;0.02306;10000;9991455663;S
20240401;100012;0.02306;10000;9991455674;S
20240401;100012;0.02306;10000;9991455690;S
20240401;100012;0.023065;20000;9991455696;B
20240401;100012;0.02306;50000;9991455714;S
20240401;100012;0.023065;10000;9991455721;B
20240401;100012;0.02306;11190000;9991455722;S
20240401;100012;0.023055;17500000;9991455723;S
20240401;100012;0.023055;1000000;9991455724;S
20240401;100012;0.02305;1000000;9991455725;S
20240401;100012;0.023045;69310000;9991455726;S
20240401;100012;0.02306;20000;9991455731;B
20240401;100012;0.023045;69380000;9991455735;S
20240401;100012;0.023045;1000000;9991455736;S
20240401;100012;0.023045;1000000;9991455737;S
20240401;100012;0.023045;11700000;9991455738;S
20240401;100012;0.02304;1000000;9991455739;S
20240401;100012;0.02304;15920000;9991455740;S
20240401;100012;0.02306;10000;9991455744;B
20240401;100012;0.023045;11700000;9991455758;S
20240401;100012;0.023045;1000000;9991455759;S
20240401;100012;0.02304;4080000;9991455760;S
20240401;100012;0.02304;10000;9991455761;S
20240401;100012;0.02304;1000000;9991455762;S
20240401;100012;0.023035;1000000;9991455763;S
20240401;100012;0.023035;1000000;9991455764;S
20240401;100012;0.023035;6180000;9991455765;S
20240401;100012;0.02303;4420000;9991455766;S
20240401;100012;0.02303;1000000;9991455767;S
20240401;100012;0.02303;1000000;9991455768;S
20240401;100012;0.02303;6180000;9991455769;S
20240401;100012;0.02303;10000;9991455770;S
20240401;100012;0.02303;40000;9991455771;S
20240401;100012;0.02303;2000000;9991455772;S
20240401;100012;0.02303;380000;9991455774;B
20240401;100012;0.02303;380000;9991455775;B
20240401;100012;0.02303;380000;9991455776;B
20240401;100012;0.02303;380000;9991455777;B
20240401;100012;0.02303;380000;9991455778;B
20240401;100012;0.02303;380000;9991455779;B
20240401;100012;0.023025;10000;9991455781;S
20240401;100012;0.02303;1000000;9991455785;B
20240401;100012;0.02303;1000000;9991455786;B
20240401;100012;0.02303;1000000;9991455787;B
20240401;100012;0.02303;620000;9991455788;B
20240401;100012;0.02303;620000;9991455789;B
20240401;100012;0.02303;620000;9991455790;B
20240401;100012;0.02303;240000;9991455791;B
20240401;100012;0.02303;240000;9991455792;B
20240401;100012;0.02303;240000;9991455793;B
20240401;100012;0.02303;240000;9991455794;B
20240401;100012;0.02303;240000;9991455795;B
20240401;100012;0.02303;240000;9991455796;B
20240401;100012;0.02303;240000;9991455797;B
20240401;100012;0.02303;240000;9991455798;B
20240401;100012;0.02303;240000;9991455799;B
20240401;100012;0.02303;240000;9991455800;B
20240401;100012;0.02303;240000;9991455801;B
20240401;100012;0.02303;240000;9991455802;B
20240401;100012;0.02303;860000;9991455803;B
20240401;100012;0.02303;860000;9991455804;B
20240401;100012;0.02303;860000;9991455805;B
20240401;100012;0.02303;480000;9991455806;B
20240401;100012;0.02303;480000;9991455807;B
20240401;100012;0.02303;480000;9991455808;B
20240401;100012;0.02303;100000;9991455809;B
20240401;100012;0.02303;100000;9991455810;B
20240401;100012;0.02303;100000;9991455811;B
20240401;100012;0.02303;100000;9991455812;B
20240401;100012;0.02303;100000;9991455813;B
20240401;100012;0.02303;100000;9991455814;B
20240401;100012;0.02303;100000;9991455815;B
20240401;100012;0.02303;100000;9991455816;B
20240401;100012;0.02303;100000;9991455817;B
20240401;100012;0.02303;10000;9991455819;B
20240401;100012;0.02303;100000;9991455821;B
20240401;100012;0.02303;100000;9991455822;B
20240401;100012;0.02303;100000;9991455823;B
20240401;100012;0.02303;100000;9991455824;B
20240401;100012;0.02303;100000;9991455825;B
20240401;100012;0.02303;100000;9991455826;B
20240401;100012;0.02303;100000;9991455827;B
20240401;100012;0.02303;100000;9991455828;B
20240401;100012;0.02303;100000;9991455829;B
20240401;100012;0.02303;100000;9991455831;B
20240401;100012;0.02303;100000;9991455832;B
20240401;100012;0.02303;100000;9991455833;B
20240401;100012;0.02303;100000;9991455834;B
20240401;100012;0.02303;100000;9991455835;B
20240401;100012;0.02303;100000;9991455836;B
20240401;100012;0.02303;100000;9991455837;B
20240401;100012;0.02303;100000;9991455838;B
20240401;100012;0.02303;100000;9991455839;B
20240401;100012;0.02303;100000;9991455840;B
20240401;100012;0.02303;100000;9991455841;B
20240401;100012;0.02303;100000;9991455842;B
20240401;100012;0.02303;100000;9991455843;B
20240401;100012;0.02303;100000;9991455844;B
20240401;100012;0.02303;100000;9991455845;B
20240401;100012;0.02303;100000;9991455846;B
20240401;100012;0.02303;100000;9991455847;B
20240401;100012;0.02303;100000;9991455848;B
20240401;100012;0.02303;100000;9991455850;B
20240401;100012;0.02303;100000;9991455851;B
20240401;100012;0.023025;20000;9991455852;S
20240401;100012;0.02303;100000;9991455853;B
20240401;100012;0.02303;860000;9991455854;B
20240401;100012;0.02303;240000;9991455855;B
20240401;100012;0.02303;240000;9991455856;B
20240401;100012;0.02303;760000;9991455857;B
20240401;100012;0.02303;520000;9991455858;B
20240401;100012;0.02303;40000;9991455859;B
20240401;100012;0.02303;40000;9991455860;B
20240401;100012;0.02303;560000;9991455861;B
20240401;100012;0.02303;320000;9991455863;B
20240401;100012;0.02303;320000;9991455864;B
20240401;100012;0.02303;80000;9991455865;B
20240401;100012;0.02303;80000;9991455866;B
20240401;100012;0.02303;80000;9991455867;B
20240401;100012;0.02303;600000;9991455868;B
20240401;100012;0.02303;500000;9991455869;B
20240401;100012;0.02303;500000;9991455870;B
20240401;100012;0.02303;780000;9991455871;B
20240401;100012;0.02303;300000;9991455872;B
20240401;100012;0.02303;340000;9991455873;B
20240401;100012;0.02303;340000;9991455874;B
20240401;100012;0.02303;340000;9991455875;B
20240401;100012;0.02303;240000;9991455876;B
20240401;100012;0.02303;240000;9991455877;B
20240401;100012;0.02303;40000;9991455878;B
20240401;100012;0.02303;740000;9991455879;B
20240401;100012;0.02303;640000;9991455880;B
20240401;100012;0.02303;640000;9991455881;B
20240401;100012;0.02303;440000;9991455882;B
20240401;100012;0.02303;440000;9991455883;B
20240401;100012;0.02303;440000;9991455884;B
20240401;100012;0.02303;330000;9991455885;B
20240401;100012;0.02303;30000;9991455886;B
20240401;100012;0.02303;930000;9991455887;B
20240401;100012;0.02303;930000;9991455888;B
20240401;100012;0.02303;930000;9991455889;B
20240401;100012;0.02303;730000;9991455890;B
20240401;100012;0.02303;730000;9991455891;B
20240401;100012;0.02303;530000;9991455892;B
20240401;100012;0.02303;530000;9991455893;B
20240401;100012;0.02303;430000;9991455896;B
20240401;100012;0.02303;230000;9991455897;B
20240401;100012;0.02303;130000;9991455898;B
20240401;100012;0.02303;130000;9991455899;B
20240401;100012;0.02303;930000;9991455900;B
20240401;100012;0.02303;930000;9991455901;B
20240401;100012;0.02303;730000;9991455902;B
20240401;100012;0.02303;730000;9991455903;B
20240401;100012;0.02303;530000;9991455904;B
20240401;100012;0.02303;430000;9991455905;B
20240401;100012;0.02303;230000;9991455906;B
20240401;100012;0.02303;230000;9991455907;B
20240401;100012;0.02303;30000;9991455908;B
20240401;100012;0.02303;930000;9991455909;B
20240401;100012;0.02303;930000;9991455910;B
20240401;100012;0.02303;830000;9991455911;B
20240401;100012;0.02303;830000;9991455912;B
20240401;100012;0.02303;630000;9991455913;B
20240401;100012;0.02303;530000;9991455914;B
20240401;100012;0.02303;430000;9991455915;B
20240401;100012;0.02303;570000;9991455916;B
20240401;100012;0.02303;570000;9991455917;B
20240401;100012;0.02303;90000;9991455918;B
20240401;100012;0.02303;90000;9991455919;B
20240401;100012;0.02303;330000;9991455920;B
20240401;100012;0.02303;770000;9991455921;B
20240401;100012;0.02303;770000;9991455922;B
20240401;100012;0.02303;770000;9991455923;B
20240401;100012;0.02303;850000;9991455925;B
20240401;100012;0.02303;850000;9991455926;B
20240401;100012;0.02303;530000;9991455927;B
20240401;100012;0.023025;100000;9991455928;S
20240401;100012;0.02303;450000;9991455929;B
20240401;100012;0.02303;290000;9991455931;B
20240401;100012;0.02303;690000;9991455932;B
20240401;100012;0.02303;190000;9991455933;B
20240401;100012;0.02303;910000;9991455934;B
20240401;100012;0.02303;910000;9991455935;B
20240401;100012;0.02303;910000;9991455936;B
20240401;100012;0.02303;270000;9991455937;B
20240401;100012;0.02303;270000;9991455938;B
20240401;100012;0.02303;590000;9991455939;B
20240401;100012;0.02303;350000;9991455940;B
20240401;100012;0.02303;350000;9991455941;B
20240401;100012;0.02303;70000;9991455942;B
20240401;100012;0.02303;70000;9991455943;B
20240401;100012;0.02303;330000;9991455944;B
20240401;100012;0.02303;50000;9991455945;B
20240401;100012;0.02303;370000;9991455946;B
20240401;100012;0.023055;10000;9991455952;B
20240401;100012;0.023055;10000;9991455956;B
20240401;100012;0.023055;10000;9991455965;B
20240401;100012;0.023055;30000;9991455968;B
20240401;100012;0.02305;10000;9991455973;B
20240401;100012;0.02305;10000;9991455976;B
20240401;100012;0.02303;10000;9991456152;S
20240401;100012;0.02305;50000;9991456192;B
20240401;100013;0.02303;10000;9991456593;S
20240401;100013;0.02305;10000;9991456600;B
20240401;100013;0.02303;10000;9991456608;S
20240401;100013;0.02305;20000;9991456612;B
20240401;100013;0.02305;10000;9991456623;B
20240401;100013;0.02305;10000;9991456645;B
20240401;100013;0.02303;10000;9991456655;S
20240401;100013;0.02303;10000;9991456660;S
20240401;100013;0.02303;30000;9991456665;S
20240401;100013;0.02305;10000;9991456678;B
20240401;100013;0.02305;10000;9991456687;B
20240401;100013;0.02305;10000;9991456697;B
20240401;100013;0.02303;10000;9991456701;S
20240401;100013;0.02303;10000;9991456704;S
20240401;100013;0.02305;10000;9991456718;B
20240401;100013;0.02305;40000;9991456728;B
20240401;100013;0.02303;50000;9991456744;S
20240401;100013;0.02305;40000;9991456750;B
20240401;100013;0.02305;10000;9991456759;B
20240401;100013;0.02305;10000;9991456760;B
20240401;100013;0.02305;20000;9991456766;B
20240401;100013;0.02303;10000;9991456768;S
20240401;100013;0.02303;20000;9991456774;S
20240401;100013;0.02305;10000;9991456780;B
20240401;100013;0.02305;10000;9991456784;B
20240401;100013;0.02305;10000;9991456790;B
20240401;100013;0.02303;70000;9991456796;S
20240401;100013;0.02305;10000;9991456801;B
20240401;100013;0.02303;10000;9991456804;S
20240401;100013;0.02303;10000;9991456809;S
20240401;100013;0.02303;50000;9991456811;S
20240401;100013;0.02303;10000;9991456827;S
20240401;100013;0.02303;10000;9991456833;S
20240401;100013;0.02305;10000;9991456836;B
20240401;100013;0.02303;30000;9991456840;S
20240401;100013;0.02303;10000;9991456847;S
20240401;100013;0.02305;10000;9991456858;B
20240401;100013;0.02305;10000;9991456871;B
20240401;100013;0.02303;310000;9991457228;S
20240401;100013;0.02303;10000;9991457369;S
20240401;100013;0.02303;50000;9991457387;S
20240401;100014;0.023045;10000;9991457772;B
20240401;100014;0.023045;100000;9991457849;B
20240401;100015;0.02303;10000;9991458018;S
20240401;100015;0.02303;10000;9991458144;S
20240401;100016;0.02305;10000;9991458435;B
20240401;100016;0.023025;10000;9991458629;S
20240401;100016;0.02304;100000;9991458737;B
20240401;100016;0.02305;740000;9991458738;B
20240401;100016;0.023055;30000;9991458739;B
20240401;100018;0.023045;1470000;9991459173;B
20240401;100018;0.023045;340000;9991459174;B
20240401;100018;0.02304;10000;9991459193;S
20240401;100018;0.02304;30000;9991459194;S
20240401;100018;0.023045;160000;9991459266;B
20240401;100018;0.023045;10000;9991459398;S
20240401;100018;0.023055;10000;9991459405;B
20240401;100018;0.02306;10000;9991459406;B
20240401;100018;0.02305;5000000;9991459475;S
20240401;100018;0.02305;1000000;9991459476;S
20240401;100019;0.023045;850000;9991459521;S
20240401;100019;0.02304;4960000;9991459522;S
20240401;100019;0.02304;1000000;9991459523;S
20240401;100019;0.023035;1000000;9991459524;S
20240401;100019;0.023035;2190000;9991459525;S
20240401;100019;0.023035;9520000;9991459598;S
20240401;100019;0.023035;480000;9991459599;S
20240401;100019;0.023035;5700000;9991459602;S
20240401;100019;0.023035;1000000;9991459603;S
20240401;100019;0.023035;11710000;9991459604;S
20240401;100019;0.02303;10000;9991459605;S
20240401;100019;0.02303;1000000;9991459606;S
20240401;100019;0.02303;580000;9991459607;S
20240401;100019;0.02304;10000;9991459720;S
20240401;100019;0.023045;1000000;9991459726;B
20240401;100019;0.02305;1000000;9991459727;B
20240401;100019;0.02304;10000;9991459733;S
20240401;100019;0.023045;440000;9991459905;B
20240401;100020;0.02305;20000;9991460106;B
20240401;100020;0.02304;10000;9991460188;S
20240401;100020;0.02305;150000;9991460211;B
20240401;100020;0.023045;570000;9991460294;B
20240401;100021;0.02305;730000;9991460446;B
20240401;100021;0.02304;20000;9991460613;S
20240401;100021;0.02304;20000;9991460614;S
20240401;100021;0.02304;980000;9991460650;S
20240401;100021;0.023035;1000000;9991460651;S
20240401;100021;0.023035;5520000;9991460652;S
20240401;100022;0.02304;1000000;9991460756;S
20240401;100022;0.02304;50000;9991460757;S
20240401;100022;0.023035;3950000;9991460758;S
20240401;100022;0.023035;10000;9991461117;S
20240401;100023;0.023035;100000;9991461542;S
20240401;100023;0.023045;200000;9991461674;B
20240401;100024;0.023035;2130000;9991461910;S
20240401;100024;0.023035;870000;9991461911;S
20240401;100024;0.023035;170000;9991462151;S
20240401;100025;0.02304;30000000;9991462262;B
20240401;100025;0.02304;1000000;9991462263;B
20240401;100025;0.02303;10000;9991462526;S
20240401;100025;0.02303;10000;9991462527;S
20240401;100025;0.02303;20000;9991462528;S
20240401;100025;0.02303;1000000;9991462917;S
20240401;100026;0.02303;20000;9991463186;S
20240401;100026;0.02303;1500000;9991463187;S
20240401;100027;0.02304;5610000;9991463397;B
20240401;100027;0.02304;1000000;9991463398;B
20240401;100027;0.023045;1000000;9991463399;B
20240401;100027;0.023045;2390000;9991463400;B
20240401;100027;0.02304;500000;9991463473;B
20240401;100027;0.02303;100000;9991463565;S
20240401;100027;0.02303;500000;9991463616;S
20240401;100028;0.02303;10000;9991464053;S
20240401;100028;0.02303;10000;9991464054;S
20240401;100028;0.02303;990000;9991464169;S
20240401;100028;0.02303;5510000;9991464170;S
20240401;100028;0.02303;1800000;9991464187;S
20240401;100028;0.023035;730000;9991464190;B
20240401;100028;0.023035;370000;9991464191;B
20240401;100029;0.02303;1000000;9991464549;S
20240401;100029;0.023035;630000;9991464702;B
20240401;100029;0.023035;540000;9991464703;B
20240401;100029;0.02303;7190000;9991464890;S
20240401;100029;0.023025;610000;9991464891;S
20240401;100029;0.023035;10000;9991464956;B
20240401;100029;0.023035;10000;9991464974;B
20240401;100030;0.023035;3810000;9991465009;B
20240401;100030;0.023035;6190000;9991465010;B
20240401;100030;0.02303;10000;9991465270;B
20240401;100030;0.023035;2990000;9991465271;B
20240401;100030;0.023035;10000;9991465405;B
20240401;100031;0.023035;20000;9991465634;B
20240401;100031;0.023025;10000;9991465922;S
20240401;100031;0.023035;970000;9991465943;B
20240401;100031;0.023035;4370000;9991465944;B
20240401;100031;0.023035;13090000;9991465945;B
20240401;100031;0.023035;200000;9991465946;B
20240401;100031;0.02304;500000;9991465947;B
20240401;100031;0.02304;21700000;9991465948;B
20240401;100032;0.02303;30000;9991466107;S
20240401;100032;0.02304;1630000;9991466109;B
20240401;100032;0.02304;1000000;9991466110;B
20240401;100032;0.023045;120000;9991466111;B
20240401;100032;0.023045;1000000;9991466112;B
20240401;100032;0.023045;630000;9991466113;B
20240401;100032;0.023045;2170000;9991466185;B
20240401;100032;0.023045;130000;9991466230;B
20240401;100032;0.023035;80000;9991466251;S
20240401;100032;0.023035;5000000;9991466459;S
20240401;100033;0.02303;100000;9991466587;S
20240401;100033;0.023025;100000;9991466588;S
20240401;100033;0.023025;20000;9991466673;S
20240401;100033;0.023035;10000;9991466849;B
20240401;100034;0.023035;24990000;9991467085;B
20240401;100034;0.023035;5010000;9991467086;B
20240401;100034;0.023035;700000;9991467211;S
20240401;100035;0.023045;10000;9991467540;B
20240401;100035;0.023035;30000;9991467573;S
20240401;100035;0.023035;10000;9991467652;S
20240401;100037;0.02304;210000;9991468333;B
20240401;100037;0.02304;490000;9991468577;B
20240401;100037;0.02304;9510000;9991468578;B
20240401;100038;0.023035;10000;9991469049;S
20240401;100039;0.023035;200000;9991469286;S
20240401;100039;0.023035;30000;9991469287;S
20240401;100039;0.023035;500000;9991469288;S
20240401;100039;0.023035;340000;9991469426;B
20240401;100039;0.02304;12190000;9991469427;B
20240401;100039;0.02304;10000;9991469428;B
20240401;100039;0.02304;1000000;9991469429;B
20240401;100039;0.023045;5340000;9991469430;B
20240401;100040;0.02304;100000;9991469572;B
20240401;100040;0.02304;310000;9991469678;B
20240401;100040;0.023045;430000;9991469801;B
20240401;100040;0.023035;400000;9991469803;S
20240401;100041;0.02304;530000;9991469982;B
20240401;100041;0.023045;10000;9991470048;B
20240401;100041;0.023045;10000;9991470284;B
20240401;100042;0.023045;3380000;9991470399;B
20240401;100042;0.023035;400000;9991470401;S
20240401;100042;0.023035;50000;9991470502;S
20240401;100042;0.02304;140000;9991470839;B
20240401;100043;0.02304;860000;9991470904;B
20240401;100043;0.023045;1000000;9991470905;B
20240401;100043;0.023045;10000;9991470906;B
20240401;100043;0.023045;3130000;9991470907;B
20240401;100043;0.023035;150000;9991470986;S
20240401;100043;0.023035;50000;9991470987;S
20240401;100043;0.02303;1000000;9991470988;S
20240401;100043;0.02303;3200000;9991470989;S
20240401;100044;0.02304;810000;9991471332;B
20240401;100044;0.023045;4370000;9991471333;B
20240401;100044;0.023045;5610000;9991471334;B
20240401;100044;0.023045;11210000;9991471335;B
20240401;100044;0.023045;400000;9991471470;B
20240401;100045;0.023035;10000;9991471597;S
20240401;100045;0.023035;990000;9991471793;S
20240401;100045;0.023035;2010000;9991471794;S
20240401;100046;0.023035;10000;9991471916;S
20240401;100046;0.02304;110000;9991472252;B
20240401;100046;0.023045;3970000;9991472253;B
20240401;100046;0.023045;5610000;9991472254;B
20240401;100046;0.02305;300000;9991472255;B
20240401;100046;0.023035;990000;9991472304;S
20240401;100046;0.02303;1470000;9991472305;S
20240401;100046;0.02303;6000000;9991472306;S
20240401;100046;0.02303;1000000;9991472307;S
20240401;100046;0.02303;540000;9991472308;S
20240401;100047;0.02303;1450000;9991472344;S
20240401;100047;0.023035;10000;9991472509;B
20240401;100047;0.023035;170000;9991472510;B
20240401;100047;0.02304;820000;9991472511;B
20240401;100047;0.02303;1000000;9991472582;S
20240401;100047;0.023025;30000;9991472583;S
20240401;100048;0.02303;450000;9991472797;S
20240401;100048;0.02303;550000;9991472886;S
20240401;100048;0.023025;30000;9991472887;S
20240401;100048;0.02303;500000;9991472915;S
20240401;100048;0.02303;310000;9991473068;B
20240401;100049;0.02303;10000;9991473399;B
20240401;100049;0.02303;1190000;9991473426;B
20240401;100049;0.023035;610000;9991473427;B
20240401;100049;0.023035;30000;9991473432;B
20240401;100050;0.023035;360000;9991473689;B
20240401;100050;0.023035;2030000;9991473690;B
20240401;100050;0.023035;10000;9991473691;B
20240401;100050;0.02304;4790000;9991473692;B
20240401;100050;0.02304;1000000;9991473693;B
20240401;100050;0.023045;2410000;9991473694;B
20240401;100050;0.023045;210000;9991473695;B
20240401;100050;0.02304;10000;9991473812;B
20240401;100051;0.023035;170000;9991474038;S
20240401;100051;0.02304;20000;9991474173;B
20240401;100053;0.023035;70000;9991474939;S
20240401;100054;0.02304;480000;9991475101;B
20240401;100054;0.023045;790000;9991475102;B
20240401;100054;0.023045;3730000;9991475103;B
20240401;100054;0.02304;10000;9991475287;S
20240401;100055;0.023035;80000;9991475536;S
20240401;100055;0.023045;40000;9991475555;B
20240401;100056;0.023045;3500000;9991475748;B
20240401;100056;0.02304;5000000;9991475841;B
20240401;100056;0.02304;950000;9991476014;B
20240401;100056;0.02304;10000;9991476097;B
20240401;100056;0.023035;920000;9991476113;S
20240401;100057;0.023035;200000;9991476261;S
20240401;100057;0.023035;40000;9991476478;S
20240401;100057;0.023035;840000;9991476526;S
20240401;100057;0.023035;1570000;9991476527;S
20240401;100058;0.02304;5000000;9991476545;B
20240401;100058;0.023035;6320000;9991476598;S
20240401;100058;0.02304;2000000;9991476630;B
20240401;100058;0.023035;10000;9991476677;S
20240401;100058;0.023035;150000;9991476690;S
20240401;100058;0.02304;1300000;9991476900;B
20240401;100059;0.023035;380000;9991477053;S
20240401;100101;0.023035;50000;9991477642;S
20240401;100101;0.023035;10210000;9991478081;S
20240401;100101;0.023035;100000;9991478082;S
20240401;100101;0.023035;4410000;9991478083;S
20240401;100101;0.02303;1000000;9991478084;S
20240401;100101;0.02303;6000000;9991478085;S
20240401;100101;0.02303;1630000;9991478086;S
20240401;100101;0.02303;1470000;9991478087;S
20240401;100101;0.023035;50000;9991478142;B
20240401;100102;0.023035;10000;9991478167;B
20240401;100102;0.023035;10000;9991478268;B
20240401;100102;0.02303;10000;9991478346;S
20240401;100102;0.02303;990000;9991478347;S
20240401;100103;0.02304;10000;9991478487;B
20240401;100103;0.023025;40000;9991478713;S
20240401;100103;0.023035;1680000;9991478902;B
20240401;100104;0.023035;4330000;9991478925;B
20240401;100104;0.023035;5180000;9991478926;B
20240401;100105;0.02304;10000;9991479205;B
20240401;100105;0.02304;2000000;9991479238;B
20240401;100106;0.02304;25000000;9991479565;B
20240401;100106;0.02304;10000;9991479566;B
20240401;100106;0.02304;10000;9991479567;B
20240401;100106;0.02304;8800000;9991479568;B
20240401;100106;0.023045;5000000;9991479569;B
20240401;100106;0.023045;21940000;9991479570;B
20240401;100106;0.023045;12060000;9991479571;B
20240401;100106;0.023045;5000000;9991479572;B
20240401;100106;0.023045;150000;9991479603;S
20240401;100106;0.02304;10000;9991479790;S
20240401;100106;0.02304;500000;9991479824;S
20240401;100107;0.023035;10000;9991479902;S
20240401;100107;0.023045;500000;9991480007;B
20240401;100107;0.023035;280000;9991480036;S
20240401;100107;0.023035;120000;9991480037;S
20240401;100107;0.023035;40000;9991480038;S
20240401;100107;0.023045;100000;9991480203;B
20240401;100107;0.023035;10000;9991480204;S
20240401;100108;0.02304;200000;9991480368;B
20240401;100109;0.02305;10000;9991480675;B
20240401;100110;0.02304;4350000;9991480976;S
20240401;100110;0.02304;5610000;9991480977;S
20240401;100110;0.02304;1000000;9991480978;S
20240401;100110;0.02304;100000;9991481077;B
20240401;100110;0.023035;30000;9991481305;S
20240401;100111;0.02304;90000;9991481355;B
20240401;100111;0.02304;8850000;9991481557;B
20240401;100111;0.02304;2230000;9991481558;B
20240401;100111;0.023045;1000000;9991481559;B
20240401;100111;0.023045;5610000;9991481560;B
20240401;100111;0.023045;4320000;9991481561;B
20240401;100111;0.02305;1790000;9991481562;B
20240401;100111;0.02305;6200000;9991481563;B
20240401;100112;0.02305;10000;9991481946;B
20240401;100115;0.02304;50000;9991482714;S
20240401;100115;0.02304;10000;9991483132;S
20240401;100116;0.023045;10000;9991483730;B
20240401;100116;0.023045;10000;9991483904;B
20240401;100117;0.023045;10000;9991484170;B
20240401;100117;0.023045;30000;9991484175;B
20240401;100117;0.02305;4970000;9991484176;B
20240401;100117;0.023045;50000;9991484282;B
20240401;100118;0.02304;10000;9991484347;S
20240401;100118;0.02304;90000;9991484440;S
20240401;100119;0.02304;840000;9991484784;S
20240401;100119;0.02304;3710000;9991484785;S
20240401;100119;0.02304;10000;9991484811;S
20240401;100120;0.02304;10000;9991485101;S
20240401;100120;0.023045;500000;9991485176;B
20240401;100120;0.023045;100000;9991485223;B
20240401;100120;0.023045;10000;9991485383;B
20240401;100121;0.02304;10000;9991485486;S
20240401;100121;0.023045;830000;9991485597;B
20240401;100121;0.02305;8820000;9991485598;B
20240401;100121;0.02305;400000;9991485599;B
20240401;100121;0.02305;2140000;9991485600;B
20240401;100121;0.02305;200000;9991485640;B
20240401;100122;0.02305;10000;9991486003;B
20240401;100124;0.02305;10000;9991486567;B
20240401;100124;0.02305;100000;9991486719;B
20240401;100125;0.023045;4180000;9991487044;S
20240401;100125;0.023045;5660000;9991487045;S
20240401;100125;0.023045;5610000;9991487046;S
20240401;100125;0.02304;10000;9991487047;S
20240401;100125;0.02304;1000000;9991487048;S
20240401;100125;0.02304;6000000;9991487049;S
20240401;100125;0.02304;9540000;9991487050;S
20240401;100125;0.02304;500000;9991487051;S
20240401;100125;0.023035;4800000;9991487052;S
20240401;100125;0.023035;6000000;9991487053;S
20240401;100125;0.023035;1000000;9991487054;S
20240401;100125;0.023035;250000;9991487055;S
20240401;100125;0.023035;20000;9991487056;S
20240401;100125;0.02303;430000;9991487057;S
20240401;100125;0.023035;10000;9991487117;S
20240401;100125;0.02304;1260000;9991487180;B
20240401;100125;0.023035;30000;9991487194;S
20240401;100126;0.02304;20000;9991487314;S
20240401;100126;0.02305;30000;9991487541;B
20240401;100126;0.02305;10000;9991487553;B
20240401;100126;0.02304;140000;9991487563;S
20240401;100126;0.02305;20000;9991487598;B
20240401;100127;0.02304;7000000;9991487881;S
20240401;100128;0.02305;20000;9991488042;B
20240401;100128;0.02304;50000;9991488188;S
20240401;100128;0.02305;90000;9991488190;B
20240401;100128;0.02304;10000;9991488220;S
20240401;100128;0.02305;110000;9991488301;B
20240401;100129;0.023045;1220000;9991488546;B
20240401;100129;0.02305;5780000;9991488547;B
20240401;100130;0.02304;40000;9991488646;S
20240401;100130;0.02304;10000;9991488967;S
20240401;100130;0.023045;10000;9991488971;B
20240401;100132;0.023045;8260000;9991489323;B
20240401;100132;0.023045;50000;9991489393;B
20240401;100132;0.02304;2420000;9991489444;S
20240401;100132;0.023045;10000000;9991489460;B
20240401;100133;0.02304;10000;9991489614;S
20240401;100134;0.023045;1680000;9991490004;B
20240401;100134;0.023045;1000000;9991490005;B
20240401;100134;0.023045;180000;9991490006;B
20240401;100134;0.02305;3620000;9991490007;B
20240401;100134;0.02305;1000000;9991490008;B
20240401;100134;0.02305;10000;9991490009;B
20240401;100134;0.02305;1000000;9991490010;B
20240401;100134;0.02305;5610000;9991490011;B
20240401;100134;0.02305;3000000;9991490012;B
20240401;100134;0.02305;4080000;9991490013;B
20240401;100134;0.023055;1000000;9991490014;B
20240401;100134;0.023055;10000;9991490015;B
20240401;100134;0.023055;10000;9991490016;B
20240401;100134;0.023055;3100000;9991490017;B
20240401;100134;0.02306;960000;9991490018;B
20240401;100134;0.02306;5000000;9991490019;B
20240401;100134;0.02306;10000;9991490020;B
20240401;100134;0.02306;12670000;9991490021;B
20240401;100134;0.023065;60000;9991490022;B
20240401;100134;0.023065;6000000;9991490023;B
20240401;100134;0.02305;5610000;9991490105;S
20240401;100134;0.02305;1000000;9991490106;S
20240401;100134;0.02305;4060000;9991490107;S
20240401;100134;0.023045;1000000;9991490108;S
20240401;100134;0.023045;6000000;9991490109;S
20240401;100134;0.02304;3560000;9991490110;S
20240401;100134;0.02304;210000;9991490111;S
20240401;100134;0.02304;200000;9991490112;S
20240401;100134;0.02304;1000000;9991490113;S
20240401;100134;0.02304;32720000;9991490114;S
20240401;100134;0.023035;5960000;9991490115;S
20240401;100134;0.023035;1000000;9991490116;S
20240401;100134;0.023035;6180000;9991490117;S
20240401;100134;0.023035;500000;9991490118;S
20240401;100134;0.023035;10000;9991490119;S
20240401;100134;0.023035;30000000;9991490120;S
20240401;100134;0.023035;100000;9991490121;S
20240401;100134;0.02303;570000;9991490122;S
20240401;100134;0.02303;6000000;9991490123;S
20240401;100134;0.02303;10000;9991490124;S
20240401;100134;0.02303;3100000;9991490125;S
20240401;100134;0.02303;6180000;9991490126;S
20240401;100134;0.02303;4370000;9991490127;S
20240401;100134;0.02303;2000000;9991490128;S
20240401;100134;0.023025;4020000;9991490129;S
20240401;100134;0.023025;1000000;9991490130;S
20240401;100134;0.023025;6000000;9991490131;S
20240401;100134;0.023025;1000000;9991490132;S
20240401;100134;0.023025;1100000;9991490133;S
20240401;100134;0.023025;7370000;9991490134;S
20240401;100134;0.023025;6180000;9991490135;S
20240401;100134;0.023025;10000000;9991490136;S
20240401;100134;0.02302;6180000;9991490137;S
20240401;100134;0.02302;1000000;9991490138;S
20240401;100134;0.02302;86700000;9991490139;S
20240401;100134;0.02302;1000000;9991490140;S
20240401;100134;0.02302;6000000;9991490141;S
20240401;100134;0.02302;2000000;9991490142;S
20240401;100134;0.02302;11710000;9991490143;S
20240401;100134;0.023015;6180000;9991490144;S
20240401;100134;0.023015;1000000;9991490145;S
20240401;100134;0.023015;10000;9991490146;S
20240401;100134;0.023015;1000000;9991490147;S
20240401;100134;0.023015;10000;9991490148;S
20240401;100134;0.023015;6000000;9991490149;S
20240401;100134;0.023015;9320000;9991490150;S
20240401;100134;0.023015;10000000;9991490151;S
20240401;100134;0.023015;10000;9991490152;S
20240401;100134;0.023015;210000;9991490153;S
20240401;100134;0.023015;30000;9991490154;S
20240401;100134;0.023015;20000000;9991490155;S
20240401;100134;0.023015;10000;9991490156;S
20240401;100134;0.02301;2000000;9991490157;S
20240401;100134;0.02301;4510000;9991490158;S
20240401;100134;0.02301;400000;9991490159;S
20240401;100134;0.02301;1000000;9991490160;S
20240401;100134;0.02301;6180000;9991490161;S
20240401;100134;0.02301;147230000;9991490162;S
20240401;100134;0.02301;232880000;9991490163;S
20240401;100134;0.02301;1000000;9991490164;S
20240401;100134;0.02301;10000;9991490165;S
20240401;100134;0.02301;10000;9991490166;S
20240401;100134;0.02301;6000000;9991490167;S
20240401;100134;0.02301;1000000;9991490168;S
20240401;100134;0.02301;3000000;9991490169;S
20240401;100134;0.02301;30000;9991490170;S
20240401;100134;0.02301;10000;9991490171;S
20240401;100134;0.02301;1500000;9991490172;S
20240401;100134;0.02301;10000;9991490173;S
20240401;100134;0.02301;146850000;9991490180;B
20240401;100134;0.02301;100000;9991490189;S
20240401;100134;0.02301;900000;9991490190;B
20240401;100134;0.023015;1000000;9991490191;B
20240401;100134;0.023025;10000;9991490222;B
20240401;100134;0.023025;990000;9991490271;B
20240401;100134;0.02303;570000;9991490272;B
20240401;100134;0.023025;1000000;9991490306;B
20240401;100134;0.02303;430000;9991490307;B
20240401;100134;0.02303;6000000;9991490308;B
20240401;100134;0.02303;11730000;9991490309;B
20240401;100134;0.02303;5610000;9991490310;B
20240401;100134;0.023035;1000000;9991490311;B
20240401;100134;0.023035;6000000;9991490312;B
20240401;100134;0.023035;6180000;9991490313;B
20240401;100134;0.02304;2050000;9991490314;B
20240401;100135;0.02302;20000;9991490682;S
20240401;100135;0.02302;730000;9991490714;S
20240401;100135;0.023015;10000;9991490758;S
20240401;100136;0.023025;920000;9991491059;B
20240401;100136;0.023025;1000000;9991491060;B
20240401;100136;0.02303;90000;9991491117;B
20240401;100136;0.023025;30000;9991491300;S
20240401;100137;0.023025;10000;9991491414;S
20240401;100138;0.02303;10000;9991491875;B
20240401;100138;0.023035;1000000;9991491929;B
20240401;100138;0.023035;1380000;9991491930;B
20240401;100138;0.023035;200000;9991491934;B
20240401;100138;0.02303;20000;9991492029;B
20240401;100139;0.023035;870000;9991492217;B
20240401;100139;0.023025;170000;9991492321;S
20240401;100139;0.023035;9270000;9991492401;B
20240401;100139;0.023035;730000;9991492402;B
20240401;100139;0.023035;10000;9991492411;B
20240401;100140;0.023035;120000;9991492539;B
20240401;100141;0.023035;100000;9991492875;B
20240401;100141;0.023025;4280000;9991492974;S
20240401;100141;0.023025;720000;9991492975;S
20240401;100142;0.023025;4890000;9991493187;S
20240401;100142;0.023025;1000000;9991493188;S
20240401;100142;0.02302;1000000;9991493189;S
20240401;100142;0.02302;500000;9991493190;S
