<DATE>;<TIME>;<LAST>;<VOL>;<ID>;<OPER>
20240502;095954;0.02341;10000;10255678814;S
20240502;095954;0.02341;10000;10255678815;S
20240502;095954;0.02341;10000;10255678816;S
20240502;095954;0.02341;10000;10255678817;S
20240502;095954;0.02341;10000;10255678818;S
20240502;095954;0.02341;30000;10255678819;S
20240502;095954;0.02341;10000;10255678820;S
20240502;095954;0.02341;10000;10255678821;B
20240502;095954;0.02341;230000;10255678822;B
20240502;095954;0.02341;20000;10255678823;B
20240502;095954;0.02341;20000;10255678824;B
20240502;095954;0.02341;40000;10255678825;B
20240502;095954;0.02341;20000;10255678826;B
20240502;095954;0.02341;30000;10255678827;B
20240502;095954;0.02341;10000;10255678828;B
20240502;095954;0.02341;100000;10255678829;B
20240502;095954;0.02341;440000;10255678830;B
20240502;095954;0.02341;20000;10255678831;B
20240502;095954;0.02341;10000;10255678832;B
20240502;095954;0.02341;10000;10255678833;B
20240502;095954;0.02341;80000;10255678834;B
20240502;095954;0.02341;20000;10255678835;B
20240502;095954;0.02341;20000;10255678836;B
20240502;095954;0.02341;100000;10255678837;S
20240502;095954;0.02341;10000;10255678838;B
20240502;095954;0.02341;20000;10255678839;B
20240502;095954;0.02341;10000;10255678840;B
20240502;095954;0.02341;10000;10255678841;B
20240502;095954;0.02341;10000;10255678842;B
20240502;095954;0.02341;140000;10255678843;S
20240502;095954;0.02341;40000;10255678844;S
20240502;095954;0.02341;130000;10255678845;S
20240502;095954;0.02341;20000;10255678846;S
20240502;095954;0.02341;10000;10255678847;S
20240502;095954;0.02341;200000;10255678848;S
20240502;095954;0.02341;20000;10255678849;S
20240502;095954;0.02341;10000;10255678850;B
20240502;095954;0.02341;60000;10255678851;B
20240502;095954;0.02341;20000;10255678852;B
20240502;095954;0.02341;10000;10255678853;B
20240502;095954;0.02341;40000;10255678854;B
20240502;095954;0.02341;10000;10255678855;B
20240502;095954;0.02341;40000;10255678856;B
20240502;095954;0.02341;40000;10255678857;B
20240502;095954;0.02341;30000;10255678858;B
20240502;095954;0.02341;10000;10255678859;B
20240502;095954;0.02341;50000;10255678860;B
20240502;095954;0.02341;10000;10255678861;B
20240502;095954;0.02341;10000;10255678862;B
20240502;095954;0.02341;10000;10255678863;B
20240502;095954;0.02341;10000;10255678864;B
20240502;095954;0.02341;10000;10255678865;B
20240502;095954;0.02341;10000;10255678866;B
20240502;095954;0.02341;50000;10255678867;B
20240502;095954;0.02341;10000;10255678868;B
20240502;095954;0.02341;30000;10255678869;B
20240502;095954;0.02341;10000;10255678870;B
20240502;095954;0.02341;400000;10255678871;B
20240502;095954;0.02341;50000;10255678872;B
20240502;095954;0.02341;400000;10255678873;B
20240502;095954;0.02341;10000;10255678874;B
20240502;095954;0.02341;10000;10255678875;B
20240502;095954;0.02341;70000;10255678876;B
20240502;095954;0.02341;10000;10255678877;B
20240502;095954;0.02341;10000;10255678878;B
20240502;095954;0.02341;10000;10255678879;B
20240502;095954;0.02341;10000;10255678880;B
20240502;095954;0.02341;10000;10255678881;B
20240502;095954;0.02341;10000;10255678882;B
20240502;095954;0.02341;10000;10255678883;B
20240502;095954;0.02341;10000;10255678884;B
20240502;095954;0.02341;10000;10255678885;B
20240502;095954;0.02341;10000;10255678886;B
20240502;095954;0.02341;10000;10255678887;B
20240502;095954;0.02341;10000;10255678888;B
20240502;095954;0.02341;40000;10255678889;B
20240502;095954;0.02341;20000;10255678890;B
20240502;095954;0.02341;10000;10255678891;B
20240502;095954;0.02341;10000;10255678892;B
20240502;095954;0.02341;40000;10255678893;B
20240502;095954;0.02341;10000;10255678894;B
20240502;095954;0.02341;40000;10255678895;B
20240502;095954;0.02341;20000;10255678896;B
20240502;095954;0.02341;10000;10255678897;B
20240502;095954;0.02341;10000;10255678898;B
20240502;095954;0.02341;10000;10255678899;B
20240502;095954;0.02341;10000;10255678900;B
20240502;095954;0.02341;10000;10255678901;B
20240502;095954;0.02341;10000;10255678902;B
20240502;095954;0.02341;10000;10255678903;B
20240502;095954;0.02341;10000;10255678904;B
20240502;095954;0.02341;50000;10255678905;B
20240502;095954;0.02341;10000;10255678906;B
20240502;095954;0.02341;10000;10255678907;B
20240502;095954;0.02341;10000;10255678908;B
20240502;095954;0.02341;10000;10255678909;B
20240502;095954;0.02341;10000;10255678910;B
20240502;095954;0.02341;50000;10255678911;B
20240502;095954;0.02341;10000;10255678912;B
20240502;095954;0.02341;10000;10255678913;B
20240502;095954;0.02341;10000;10255678914;B
20240502;095954;0.02341;40000;10255678915;B
20240502;095954;0.02341;10000;10255678916;B
20240502;095954;0.02341;10000;10255678917;B
20240502;095954;0.02341;10000;10255678918;B
20240502;095954;0.02341;10000;10255678919;B
20240502;095954;0.02341;10000;10255678920;B
20240502;095954;0.02341;10000;10255678921;B
20240502;095954;0.02341;10000;10255678922;B
20240502;095954;0.02341;20000;10255678923;S
20240502;095954;0.02341;50000;10255678924;S
20240502;095954;0.02341;50000;10255678925;S
20240502;095954;0.02341;70000;10255678926;S
20240502;095954;0.02341;30000;10255678927;S
20240502;095954;0.02341;10000;10255678928;S
20240502;095954;0.02341;610000;10255678929;S
20240502;095954;0.02341;20000;10255678930;S
20240502;095954;0.02341;50000;10255678931;S
20240502;095954;0.02341;380000;10255678932;B
20240502;095954;0.02341;10000;10255678933;B
20240502;095954;0.02341;10000;10255678934;B
20240502;095954;0.02341;20000;10255678935;B
20240502;095954;0.02341;30000;10255678936;B
20240502;095954;0.02341;20000;10255678937;B
20240502;095954;0.02341;10000;10255678938;B
20240502;095954;0.02341;10000;10255678939;B
20240502;095954;0.02341;20000;10255678940;B
20240502;095954;0.02341;20000;10255678941;B
20240502;095954;0.02341;20000;10255678942;B
20240502;095954;0.02341;10000;10255678943;S
20240502;095954;0.02341;30000;10255678944;S
20240502;095954;0.02341;30000;10255678945;S
20240502;095954;0.02341;40000;10255678946;B
20240502;095954;0.02341;10000;10255678947;B
20240502;095954;0.02341;60000;10255678948;B
20240502;095954;0.02341;30650000;10255678949;B
20240502;095954;0.02341;80000;10255678950;B
20240502;095954;0.02341;250000;10255678951;B
20240502;095954;0.02341;150000;10255678952;B
20240502;095954;0.02341;10000;10255678953;B
20240502;095954;0.02341;150000;10255678954;S
20240502;095954;0.02341;10000;10255678955;B
20240502;095954;0.02341;12750000;10255678956;B
20240502;095954;0.02341;100000;10255678957;B
20240502;095954;0.02341;10000;10255678958;B
20240502;095954;0.02341;730000;10255678959;B
20240502;095954;0.02341;12020000;10255678960;B
20240502;095954;0.02341;10000;10255678961;B
20240502;095954;0.02341;130000;10255678962;B
20240502;095954;0.02341;100000;10255678963;B
20240502;100000;0.023415;2500000;10255680109;B
20240502;100000;0.023415;10000;10255680724;B
20240502;100001;0.02341;3000000;10255681070;S
20240502;100001;0.02341;1800000;10255681224;S
20240502;100001;0.02341;1000000;10255681225;S
20240502;100001;0.02341;1000000;10255681227;S
20240502;100001;0.02341;10000;10255681353;S
20240502;100001;0.023415;200000;10255681618;B
20240502;100001;0.023415;20000;10255681619;B
20240502;100002;0.023415;10000;10255682436;B
20240502;100002;0.023415;10000;10255682488;B
20240502;100002;0.023415;10000;10255682544;B
20240502;100002;0.023415;10000;10255682590;B
20240502;100002;0.023415;10000;10255682825;B
20240502;100003;0.02341;10000;10255683435;S
20240502;100004;0.023415;1000000;10255684440;B
20240502;100004;0.023415;10000;10255684475;B
20240502;100004;0.02341;230000;10255684563;S
20240502;100005;0.023415;50000;10255684744;B
20240502;100005;0.02341;30000;10255684746;S
20240502;100005;0.02341;60000;10255684748;S
20240502;100005;0.02341;30000;10255684749;S
20240502;100005;0.023415;10000;10255684750;B
20240502;100005;0.023415;10000;10255684751;B
20240502;100005;0.02341;10000;10255684752;S
20240502;100005;0.02341;40000;10255684753;S
20240502;100005;0.023415;10000;10255684754;B
20240502;100005;0.023415;10000;10255684755;B
20240502;100005;0.02341;30000;10255684756;S
20240502;100005;0.023415;10000;10255684757;B
20240502;100005;0.023415;30000;10255684759;B
20240502;100005;0.023415;20000;10255684760;B
20240502;100005;0.02341;10000;10255684761;S
20240502;100005;0.02341;10000;10255684762;S
20240502;100005;0.023415;10000;10255684765;B
20240502;100005;0.02341;10000;10255684766;S
20240502;100005;0.02341;10000;10255684767;S
20240502;100005;0.02341;10000;10255684770;S
20240502;100005;0.023415;10000;10255684774;B
20240502;100005;0.023415;10000;10255684775;B
20240502;100005;0.02341;10000;10255684783;S
20240502;100005;0.02341;20000;10255684868;S
20240502;100005;0.02341;40000;10255684872;S
20240502;100005;0.02341;10000;10255684874;S
20240502;100005;0.02341;40000;10255684875;S
20240502;100005;0.02341;10000;10255684877;S
20240502;100005;0.023415;10000;10255684880;B
20240502;100005;0.023415;40000;10255684887;B
20240502;100005;0.02341;10000;10255684900;S
20240502;100005;0.023415;10000;10255684903;B
20240502;100005;0.023415;10000;10255684906;B
20240502;100005;0.023415;10000;10255684909;B
20240502;100005;0.02341;10000;10255684943;S
20240502;100005;0.023415;10000;10255684945;B
20240502;100005;0.023415;250000;10255684946;B
20240502;100005;0.02341;50000;10255684949;S
20240502;100005;0.02341;10000;10255684950;S
20240502;100005;0.023415;10000;10255684956;B
20240502;100005;0.023415;10000;10255684964;B
20240502;100005;0.02341;40000;10255685306;S
20240502;100005;0.02341;160000;10255685308;S
20240502;100005;0.023415;10000;10255685315;B
20240502;100005;0.023415;10000;10255685323;B
20240502;100005;0.023415;10000;10255685334;B
20240502;100005;0.023415;10000;10255685339;B
20240502;100005;0.02341;10000;10255685344;S
20240502;100005;0.023415;20000;10255685350;B
20240502;100005;0.02341;170000;10255685356;S
20240502;100005;0.023415;10000;10255685361;B
20240502;100005;0.023415;10000;10255685370;B
20240502;100005;0.02341;10000;10255685372;S
20240502;100005;0.023415;10000;10255685391;B
20240502;100005;0.023415;10000;10255685398;B
20240502;100005;0.023415;10000;10255685401;B
20240502;100005;0.02341;10000;10255685406;S
20240502;100005;0.023415;420000;10255685416;B
20240502;100005;0.023415;20000;10255685418;B
20240502;100005;0.023415;10000;10255685426;B
20240502;100005;0.02341;10000;10255685429;S
20240502;100005;0.02341;40000;10255685438;S
20240502;100005;0.023415;10000;10255685457;B
20240502;100005;0.023415;10000;10255685470;B
20240502;100005;0.023415;10000;10255685474;B
20240502;100005;0.023415;50000;10255685508;B
20240502;100005;0.023415;10000;10255685510;B
20240502;100005;0.02341;50000;10255685513;S
20240502;100005;0.023415;10000;10255685514;B
20240502;100005;0.02341;20000;10255685518;S
20240502;100005;0.02341;400000;10255685519;S
20240502;100005;0.023415;10000;10255685520;B
20240502;100005;0.023415;100000;10255685686;B
20240502;100005;0.023415;130000;10255685687;B
20240502;100005;0.023415;10000;10255685688;B
20240502;100005;0.023415;10000;10255685689;B
20240502;100005;0.02341;40000;10255685691;S
20240502;100005;0.023415;10000;10255685698;B
20240502;100005;0.02341;10000;10255685699;S
20240502;100005;0.02341;40000;10255685700;S
20240502;100005;0.02341;10000;10255685701;S
20240502;100005;0.023415;10000;10255685702;B
20240502;100005;0.023415;10000;10255685708;B
20240502;100005;0.023415;100000;10255685717;B
20240502;100005;0.02341;10000;10255685718;S
20240502;100005;0.023415;10000;10255685720;B
20240502;100005;0.023415;10000;10255685722;B
20240502;100005;0.023415;10000;10255685723;B
20240502;100005;0.023415;10000;10255685725;B
20240502;100005;0.02341;20000;10255685726;S
20240502;100005;0.02341;10000;10255685728;S
20240502;100005;0.02341;40000;10255685733;S
20240502;100005;0.023415;10000;10255685735;B
20240502;100005;0.023415;10000;10255685736;B
20240502;100005;0.023415;60000;10255685737;B
20240502;100005;0.023415;10000;10255685738;B
20240502;100005;0.023415;10000;10255685741;B
20240502;100005;0.023415;10000;10255685750;B
20240502;100005;0.02341;10000;10255685751;S
20240502;100005;0.02341;30000;10255685752;S
20240502;100005;0.023415;10000;10255685758;B
20240502;100005;0.023415;10000;10255685768;B
20240502;100005;0.02341;10000;10255685774;S
20240502;100005;0.023415;10000;10255685788;B
20240502;100005;0.02341;50000;10255685793;S
20240502;100005;0.023415;10000;10255685805;B
20240502;100006;0.02341;10000;10255686088;S
20240502;100006;0.023415;30000;10255686117;B
20240502;100006;0.02341;20000;10255686119;S
20240502;100006;0.02341;1000000;10255686256;S
20240502;100006;0.02341;1000000;10255686262;S
20240502;100006;0.02341;1000000;10255686263;S
20240502;100006;0.02341;1000000;10255686265;S
20240502;100006;0.02341;1000000;10255686270;S
20240502;100006;0.023415;10000;10255686909;B
20240502;100006;0.023415;10000;10255686916;B
20240502;100006;0.023415;10000;10255686917;B
20240502;100006;0.023415;10000;10255687200;B
20240502;100006;0.023415;10000;10255687201;B
20240502;100006;0.023415;50000;10255687202;B
20240502;100006;0.023415;10000;10255687203;B
20240502;100006;0.023415;10000;10255687204;B
20240502;100006;0.023415;10000;10255687205;B
20240502;100006;0.023415;50000;10255687207;B
20240502;100006;0.02341;50000;10255687208;S
20240502;100006;0.023415;10000;10255687209;B
20240502;100006;0.023415;10000;10255687210;B
20240502;100006;0.02341;10000;10255687211;S
20240502;100006;0.023415;10000;10255687212;B
20240502;100006;0.023415;10000;10255687213;B
20240502;100006;0.02341;10000;10255687214;S
20240502;100006;0.02341;10000;10255687215;S
20240502;100006;0.023415;10000;10255687216;B
20240502;100006;0.023415;10000;10255687217;B
20240502;100006;0.023415;10000;10255687218;B
20240502;100006;0.023415;40000;10255687219;B
20240502;100006;0.023415;20000;10255687220;B
20240502;100006;0.023415;10000;10255687221;B
20240502;100006;0.023415;20000;10255687222;B
20240502;100006;0.02341;10000;10255687223;S
20240502;100007;0.023415;10000;10255688113;B
20240502;100007;0.02341;20000;10255688294;S
20240502;100007;0.023415;10000;10255688300;B
20240502;100007;0.023415;10000;10255688302;B
20240502;100007;0.023415;10000;10255688305;B
20240502;100007;0.02341;10000;10255688307;S
20240502;100007;0.02341;30000;10255688312;S
20240502;100007;0.023415;10000;10255688314;B
20240502;100007;0.02341;10000;10255688319;S
20240502;100007;0.023415;50000;10255688326;B
20240502;100007;0.023415;10000;10255688328;B
20240502;100007;0.023415;10000;10255688332;B
20240502;100007;0.02341;20000;10255688341;S
20240502;100007;0.023415;500000;10255688343;B
20240502;100007;0.023415;10000;10255688347;B
20240502;100007;0.023415;20000;10255688351;B
20240502;100007;0.023415;10000;10255688352;B
20240502;100007;0.023415;10000;10255688718;B
20240502;100007;0.02341;10000;10255688724;S
20240502;100007;0.02341;110000;10255688725;S
20240502;100007;0.02341;10000;10255688727;S
20240502;100007;0.023415;10000;10255688729;B
20240502;100007;0.02341;60000;10255688735;S
20240502;100007;0.02341;20000;10255688737;S
20240502;100007;0.023415;10000;10255688747;B
20240502;100007;0.023415;30000;10255688748;B
20240502;100007;0.02341;20000;10255688749;S
20240502;100007;0.02341;10000;10255688752;S
20240502;100007;0.023415;20000;10255688755;B
20240502;100007;0.023415;30000;10255688758;B
20240502;100007;0.02341;10000;10255688763;S
20240502;100007;0.02341;50000;10255688765;S
20240502;100007;0.023415;20000;10255688769;B
20240502;100007;0.02341;10000;10255688775;S
20240502;100007;0.02341;10000;10255688779;S
20240502;100007;0.023415;10000;10255688781;B
20240502;100007;0.02341;180000;10255688791;S
20240502;100007;0.023415;4790000;10255688794;B
20240502;100007;0.023415;30000;10255688795;B
20240502;100007;0.023415;10000;10255688796;B
20240502;100007;0.023415;40000;10255688797;B
20240502;100007;0.023415;30000;10255688798;B
20240502;100007;0.023415;50000;10255688799;B
20240502;100007;0.023415;10000;10255688800;B
20240502;100007;0.023415;20000;10255688801;B
20240502;100007;0.023415;10000;10255688802;B
20240502;100007;0.023415;30000;10255688803;B
20240502;100007;0.023415;10000;10255688804;B
20240502;100007;0.023415;10000;10255688805;B
20240502;100007;0.023415;20000;10255688806;B
20240502;100007;0.023415;10000;10255688807;B
20240502;100007;0.023415;10000;10255688808;B
20240502;100007;0.023415;10000;10255688809;B
20240502;100007;0.023415;10000;10255688810;B
20240502;100007;0.02342;10000;10255688812;B
20240502;100007;0.02342;10000;10255688818;B
20240502;100007;0.02342;10000;10255688819;B
20240502;100007;0.023415;20000;10255688822;S
20240502;100007;0.02342;10000;10255688823;B
20240502;100007;0.02342;10000;10255688824;B
20240502;100007;0.02342;20000;10255688825;B
20240502;100007;0.02342;10000;10255688826;B
20240502;100007;0.02342;10000;10255688829;B
20240502;100007;0.02342;10000;10255688831;B
20240502;100007;0.02342;10000;10255688837;B
20240502;100007;0.023415;10000;10255688838;S
20240502;100007;0.023415;10000;10255688839;S
20240502;100007;0.023415;10000;10255688840;S
20240502;100007;0.02342;10000;10255688841;B
20240502;100007;0.023415;100000;10255688842;S
20240502;100007;0.023415;10000;10255688843;S
20240502;100007;0.02342;10000;10255688844;B
20240502;100007;0.02342;20000;10255688845;B
20240502;100007;0.02342;10000;10255688848;B
20240502;100007;0.02342;10000;10255688850;B
20240502;100007;0.023415;10000;10255688851;S
20240502;100007;0.02342;10000;10255688852;B
20240502;100007;0.02342;10000;10255688853;B
20240502;100007;0.02342;10000;10255688854;B
20240502;100007;0.023415;40000;10255688855;S
20240502;100007;0.023415;10000;10255688857;S
20240502;100007;0.02342;10000;10255688860;B
20240502;100007;0.023415;10000;10255688861;S
20240502;100007;0.02342;10000;10255688862;B
20240502;100007;0.02342;10000;10255688868;B
20240502;100007;0.02342;10000;10255688870;B
20240502;100007;0.023415;60000;10255688871;S
20240502;100007;0.02342;10000;10255688873;B
20240502;100007;0.023415;20000;10255688874;S
20240502;100007;0.02342;10000;10255688875;B
20240502;100007;0.02342;10000;10255688876;B
20240502;100007;0.023415;40000;10255688877;S
20240502;100007;0.02342;10000;10255688878;B
20240502;100007;0.02342;20000;10255688880;B
20240502;100007;0.023415;10000;10255688881;S
20240502;100007;0.02342;10000;10255688884;B
20240502;100007;0.02342;50000;10255688885;B
20240502;100007;0.023415;10000;10255688886;S
20240502;100007;0.02342;10000;10255688887;B
20240502;100007;0.02342;10000;10255688890;B
20240502;100007;0.02342;30000;10255688892;B
20240502;100007;0.02342;20000;10255688893;B
20240502;100007;0.02342;10000;10255688894;B
20240502;100007;0.023415;140000;10255688896;S
20240502;100007;0.023415;10000;10255688903;S
20240502;100007;0.023415;60000;10255688906;S
20240502;100007;0.023415;10000;10255688911;S
20240502;100007;0.02342;10000;10255688912;B
20240502;100007;0.02342;90000;10255688913;B
20240502;100007;0.023415;10000;10255688922;S
20240502;100007;0.023425;20000;10255688925;B
20240502;100007;0.023415;60000;10255688933;S
20240502;100007;0.023425;10000;10255688935;B
20240502;100007;0.023425;10000;10255688972;B
20240502;100007;0.023415;10000;10255688976;S
20240502;100007;0.023425;200000;10255688982;B
20240502;100007;0.023415;50000;10255688990;S
20240502;100007;0.023415;10000;10255688992;S
20240502;100007;0.023425;10000;10255689000;B
20240502;100007;0.023425;10000;10255689004;B
20240502;100007;0.023425;10000;10255689008;B
20240502;100007;0.023415;50000;10255689016;S
20240502;100007;0.023415;20000;10255689023;S
20240502;100007;0.023415;170000;10255689028;S
20240502;100007;0.023425;10000;10255689036;B
20240502;100007;0.023415;30000;10255689041;S
20240502;100007;0.023415;10000;10255689044;S
20240502;100007;0.023415;10000;10255689053;S
20240502;100007;0.023415;10000;10255689057;S
20240502;100007;0.023415;10000;10255689064;S
20240502;100007;0.023415;10000;10255689067;S
20240502;100007;0.023415;10000;10255689075;S
20240502;100007;0.023415;10000;10255689076;S
20240502;100007;0.023425;10000;10255689083;B
20240502;100007;0.023425;10000;10255689087;B
20240502;100007;0.023425;10000;10255689092;B
20240502;100007;0.023425;10000;10255689099;B
20240502;100007;0.023415;10000;10255689109;S
20240502;100007;0.023425;10000;10255689117;B
20240502;100007;0.023425;10000;10255689118;B
20240502;100007;0.023415;10000;10255689119;S
20240502;100007;0.023425;10000;10255689122;B
20240502;100007;0.023425;790000;10255689123;B
20240502;100007;0.023415;10000;10255689124;S
20240502;100007;0.023415;60000;10255689125;S
20240502;100007;0.023425;10000;10255689126;B
20240502;100007;0.023425;20000;10255689127;B
20240502;100007;0.023415;80000;10255689130;S
20240502;100007;0.023425;10000;10255689131;B
20240502;100007;0.023425;60000;10255689133;B
20240502;100007;0.023425;10000;10255689134;B
20240502;100007;0.023415;120000;10255689136;S
20240502;100007;0.023425;10000;10255689137;B
20240502;100007;0.023415;40000;10255689139;S
20240502;100007;0.023425;10000;10255689140;B
20240502;100007;0.023425;10000;10255689141;B
20240502;100007;0.023415;10000;10255689143;S
20240502;100007;0.023425;20000;10255689144;B
20240502;100007;0.023425;40000;10255689145;B
20240502;100007;0.023425;10000;10255689146;B
20240502;100007;0.023425;10000;10255689147;B
20240502;100007;0.023415;50000;10255689333;S
20240502;100007;0.023425;10000;10255689335;B
20240502;100007;0.023425;10000;10255689336;B
20240502;100007;0.023415;30000;10255689338;S
20240502;100007;0.023415;10000;10255689339;S
20240502;100007;0.023425;10000;10255689340;B
20240502;100007;0.023425;20000;10255689341;B
20240502;100007;0.023415;20000;10255689342;S
20240502;100007;0.023415;30000;10255689343;S
20240502;100007;0.023425;10000;10255689344;B
20240502;100007;0.023425;20000;10255689520;B
20240502;100007;0.023425;10000;10255689724;B
20240502;100007;0.023425;10000;10255689730;B
20240502;100007;0.023425;50000;10255689732;B
20240502;100007;0.023415;10000;10255689733;S
20240502;100007;0.023425;10000;10255689734;B
20240502;100007;0.023415;10000;10255689735;S
20240502;100007;0.023425;10000;10255689736;B
20240502;100007;0.023425;10000;10255689737;B
20240502;100007;0.023415;30000;10255689743;S
20240502;100007;0.023415;10000;10255689746;S
20240502;100007;0.023425;10000;10255689749;B
20240502;100007;0.023415;50000;10255689750;S
20240502;100007;0.023425;20000;10255689751;B
20240502;100007;0.023415;80000;10255689752;S
20240502;100007;0.023425;10000;10255689754;B
20240502;100007;0.023415;10000;10255689760;S
20240502;100007;0.023425;30000;10255689860;B
20240502;100007;0.023415;50000;10255689944;S
20240502;100007;0.023415;10000;10255689945;S
20240502;100007;0.023415;10000;10255689946;S
20240502;100007;0.023425;10000;10255689947;B
20240502;100007;0.023425;10000;10255689949;B
20240502;100007;0.023415;10000;10255689950;S
20240502;100007;0.023425;10000;10255689952;B
20240502;100007;0.023415;10000;10255689956;S
20240502;100007;0.023415;70000;10255689957;S
20240502;100007;0.023415;10000;10255689958;S
20240502;100007;0.023425;10000;10255689959;B
20240502;100007;0.023415;50000;10255689960;S
20240502;100007;0.023415;100000;10255689961;S
20240502;100007;0.023415;10000;10255689963;S
20240502;100007;0.023415;50000;10255689964;S
20240502;100007;0.023415;10000;10255689965;S
20240502;100007;0.023415;10000;10255689966;S
20240502;100007;0.023425;50000;10255689968;B
20240502;100007;0.023425;10000;10255689969;B
20240502;100007;0.023425;20000;10255689970;B
20240502;100008;0.023415;10000;10255690465;S
20240502;100008;0.023425;10000;10255690467;B
20240502;100008;0.023425;10000;10255690470;B
20240502;100008;0.023425;50000;10255690471;B
20240502;100008;0.023425;10000;10255690473;B
20240502;100008;0.023415;10000;10255690475;S
20240502;100008;0.023425;50000;10255690476;B
20240502;100008;0.023425;10000;10255690478;B
20240502;100008;0.023425;10000;10255690483;B
20240502;100008;0.023425;60000;10255690484;B
20240502;100008;0.023415;10000;10255690485;S
20240502;100008;0.023425;10000;10255690488;B
20240502;100008;0.023425;50000;10255690490;B
20240502;100008;0.023415;10000;10255690491;S
20240502;100008;0.023425;10000;10255690492;B
20240502;100008;0.023425;10000;10255690493;B
20240502;100008;0.023425;50000;10255690495;B
20240502;100008;0.023415;10000;10255690496;S
20240502;100008;0.023425;10000;10255690497;B
20240502;100008;0.023425;60000;10255690498;B
20240502;100008;0.023415;20000;10255690500;S
20240502;100008;0.023425;10000;10255690501;B
20240502;100008;0.023425;10000;10255690502;B
20240502;100008;0.023415;10000;10255690503;S
20240502;100008;0.023415;10000;10255690504;S
20240502;100008;0.023425;20000;10255690505;B
20240502;100008;0.023415;20000;10255690507;S
20240502;100008;0.023425;60000;10255690508;B
20240502;100008;0.023425;10000;10255690510;B
20240502;100008;0.023415;10000;10255690511;S
20240502;100008;0.023425;10000;10255690512;B
20240502;100008;0.023415;50000;10255690513;S
20240502;100008;0.023415;10000;10255690548;S
20240502;100008;0.023425;10000;10255690772;B
20240502;100008;0.023425;10000;10255690773;B
20240502;100008;0.023425;10000;10255690775;B
20240502;100008;0.023415;30000;10255690776;S
20240502;100008;0.023425;10000;10255690777;B
20240502;100008;0.023425;10000;10255690778;B
20240502;100008;0.023415;10000;10255690791;S
20240502;100008;0.023425;10000;10255690792;B
20240502;100008;0.023425;10000;10255690793;B
20240502;100008;0.023415;10000;10255690794;S
20240502;100008;0.023415;10000;10255690801;S
20240502;100008;0.023425;10000;10255690802;B
20240502;100008;0.023425;10000;10255690803;B
20240502;100008;0.023425;10000;10255690804;B
20240502;100008;0.023425;10000;10255690805;B
20240502;100008;0.023425;10000;10255690810;B
20240502;100008;0.023425;30000;10255690812;B
20240502;100008;0.023425;30000;10255690813;B
20240502;100008;0.023425;10000;10255690814;B
20240502;100008;0.023425;10000;10255690815;B
20240502;100008;0.023415;20000;10255690816;S
20240502;100008;0.023425;10000;10255690819;B
20240502;100008;0.023415;2000000;10255690820;S
20240502;100008;0.023415;20000;10255690821;S
20240502;100008;0.023425;10000;10255690822;B
20240502;100008;0.023425;10000;10255690824;B
20240502;100008;0.023425;10000;10255690825;B
20240502;100008;0.023415;170000;10255690826;S
20240502;100008;0.023415;50000;10255690832;S
20240502;100008;0.023415;30000;10255690833;S
20240502;100008;0.023415;10000;10255690839;S
20240502;100008;0.023415;10000;10255690856;S
20240502;100008;0.023425;30000;10255690859;B
20240502;100008;0.023415;20000;10255690861;S
20240502;100008;0.023425;10000;10255690872;B
20240502;100008;0.023415;30000;10255690874;S
20240502;100008;0.023425;10000;10255690876;B
20240502;100008;0.023415;10000;10255690880;S
20240502;100008;0.023425;50000;10255690885;B
20240502;100008;0.023425;10000;10255691220;B
20240502;100008;0.023425;10000;10255691224;B
20240502;100008;0.023415;50000;10255691480;S
20240502;100009;0.023425;10000;10255692389;B
20240502;100009;0.023415;30000;10255692390;S
20240502;100009;0.023415;10000;10255692391;S
20240502;100009;0.023415;20000;10255692393;S
20240502;100009;0.023425;40000;10255692394;B
20240502;100009;0.023425;20000;10255692396;B
20240502;100009;0.023415;10000;10255692397;S
20240502;100009;0.023425;30000;10255692400;B
20240502;100009;0.023415;10000;10255692402;S
20240502;100009;0.023425;10000;10255692405;B
20240502;100009;0.023425;20000;10255692406;B
20240502;100009;0.023425;20000;10255692408;B
20240502;100009;0.023415;20000;10255692409;S
20240502;100009;0.023425;10000;10255692410;B
20240502;100009;0.023425;10000;10255692412;B
20240502;100009;0.023425;30000;10255692414;B
20240502;100009;0.023415;270000;10255692415;S
20240502;100009;0.023425;10000;10255692417;B
20240502;100009;0.023425;10000;10255692418;B
20240502;100009;0.023425;10000;10255692420;B
20240502;100009;0.023425;20000;10255692422;B
20240502;100009;0.023415;10000;10255692423;S
20240502;100009;0.023415;10000;10255692426;S
20240502;100009;0.023415;10000;10255692428;S
20240502;100009;0.023415;10000;10255692429;S
20240502;100009;0.023415;10000;10255692432;S
20240502;100009;0.023415;10000;10255692434;S
20240502;100009;0.023415;10000;10255692435;S
20240502;100009;0.023415;50000;10255692436;S
20240502;100009;0.023425;10000;10255692439;B
20240502;100009;0.023415;50000;10255692440;S
20240502;100009;0.023425;10000;10255692441;B
20240502;100009;0.023425;1000000;10255692444;B
20240502;100009;0.023415;20000;10255692445;S
20240502;100009;0.023415;20000;10255692446;S
20240502;100009;0.023415;180000;10255692447;S
20240502;100009;0.023415;10000;10255693329;S
20240502;100009;0.02342;10000;10255693336;B
20240502;100009;0.023425;10000;10255693337;B
20240502;100009;0.023425;10000;10255693341;B
20240502;100009;0.02342;10000;10255693346;B
20240502;100009;0.023425;10000;10255693351;B
20240502;100009;0.023425;10000;10255693357;B
20240502;100009;0.023415;10000;10255693363;S
20240502;100009;0.023415;10000;10255693376;S
20240502;100009;0.023415;10000;10255693384;S
20240502;100009;0.023415;10000;10255693390;S
20240502;100009;0.02342;10000;10255693394;B
20240502;100009;0.023425;10000;10255693399;B
20240502;100009;0.02342;10000;10255693408;B
20240502;100009;0.023415;50000;10255693421;S
20240502;100009;0.023425;10000;10255693441;B
20240502;100009;0.023425;10000;10255693451;B
20240502;100009;0.023425;10000;10255693459;B
20240502;100009;0.023425;10000;10255693470;B
20240502;100009;0.023415;50000;10255693478;S
20240502;100009;0.023415;10000;10255693481;S
20240502;100009;0.023425;10000;10255693492;B
20240502;100009;0.023425;10000;10255693501;B
20240502;100009;0.023425;10000;10255693507;B
20240502;100009;0.02342;10000;10255693519;B
20240502;100009;0.023425;10000;10255693524;B
20240502;100009;0.02342;10000;10255693775;B
20240502;100009;0.023425;10000;10255693793;B
20240502;100009;0.023425;20000;10255693799;B
20240502;100009;0.023425;10000;10255693807;B
20240502;100009;0.023425;10000;10255693814;B
20240502;100009;0.023425;10000;10255693819;B
20240502;100009;0.023425;20000;10255693824;B
20240502;100009;0.023425;10000;10255693829;B
20240502;100009;0.023425;10000;10255693837;B
20240502;100009;0.023425;10000;10255693852;B
20240502;100009;0.023425;10000;10255693867;B
20240502;100009;0.023415;10000;10255693876;S
20240502;100010;0.023415;20000;10255693899;S
20240502;100010;0.023415;10000;10255693906;S
20240502;100010;0.023425;10000;10255693915;B
20240502;100010;0.023425;10000;10255693927;B
20240502;100010;0.023415;10000;10255693933;S
20240502;100010;0.023415;30000;10255693953;S
20240502;100010;0.023415;20000;10255693955;S
20240502;100010;0.02342;10000;10255693961;B
20240502;100010;0.02342;10000;10255693962;B
20240502;100010;0.02342;30000;10255693968;B
20240502;100010;0.02342;10000;10255693970;B
20240502;100010;0.023415;90000;10255693981;S
20240502;100010;0.023415;20000;10255693984;S
20240502;100010;0.023415;40000;10255693989;S
20240502;100010;0.023425;10000;10255693991;B
20240502;100010;0.02342;50000;10255693998;B
20240502;100010;0.02342;10000;10255694000;B
20240502;100010;0.02342;10000;10255694009;B
20240502;100010;0.02342;10000;10255694017;B
20240502;100010;0.02342;10000;10255694025;B
20240502;100010;0.023415;40000;10255694038;S
20240502;100010;0.02342;20000;10255694045;B
20240502;100010;0.023425;10000;10255694058;B
20240502;100010;0.023425;10000;10255694073;B
20240502;100010;0.023425;10000;10255694082;B
20240502;100010;0.023415;30000;10255694093;S
20240502;100010;0.023415;10000;10255694104;S
20240502;100010;0.023415;20000;10255694116;S
20240502;100010;0.023415;10000;10255694128;S
20240502;100010;0.023415;30000;10255694137;S
20240502;100010;0.023415;30000;10255694147;S
20240502;100010;0.02342;10000;10255694159;B
20240502;100010;0.023425;10000;10255694163;B
20240502;100010;0.023425;10000;10255694175;B
20240502;100010;0.023425;20000;10255694202;B
20240502;100010;0.023425;10000;10255694213;B
20240502;100010;0.023425;130000;10255694543;B
20240502;100010;0.023415;10000;10255694887;S
20240502;100010;0.023425;10000;10255695012;B
20240502;100010;0.023425;50000;10255695018;B
20240502;100010;0.023425;50000;10255695022;B
20240502;100010;0.023425;20000;10255695027;B
20240502;100010;0.023415;10000;10255695030;S
20240502;100010;0.023425;10000;10255695037;B
20240502;100010;0.023425;20000;10255695042;B
20240502;100010;0.023415;50000;10255695045;S
20240502;100010;0.023425;10000;10255695049;B
20240502;100010;0.023425;50000;10255695061;B
20240502;100010;0.023425;10000;10255695070;B
20240502;100010;0.023425;20000;10255695075;B
20240502;100010;0.023425;220000;10255695080;B
20240502;100010;0.023415;10000;10255695088;S
20240502;100010;0.02342;10000;10255695090;B
20240502;100010;0.023415;10000;10255695092;S
20240502;100010;0.023415;10000;10255695095;S
20240502;100010;0.02342;20000;10255695096;B
20240502;100010;0.023415;60000;10255695097;S
20240502;100010;0.02342;10000;10255695100;B
20240502;100010;0.02342;10000;10255695116;B
20240502;100010;0.02342;50000;10255695438;B
20240502;100010;0.023415;10000;10255695440;S
20240502;100010;0.023415;850000;10255695441;S
20240502;100010;0.02342;10000;10255695443;B
20240502;100010;0.023415;170000;10255695444;S
20240502;100010;0.02342;30000;10255695447;B
20240502;100010;0.02342;10000;10255695449;B
20240502;100010;0.02342;10000;10255695451;B
20240502;100010;0.023415;10000;10255695454;S
20240502;100010;0.023415;50000;10255695456;S
20240502;100010;0.02342;10000;10255695457;B
20240502;100010;0.023425;70000;10255695460;B
20240502;100010;0.023415;20000;10255695462;S
20240502;100010;0.023415;20000;10255695464;S
20240502;100011;0.02342;20000;10255695612;B
20240502;100011;0.02342;10000;10255695665;B
20240502;100011;0.02342;10000;10255695733;B
20240502;100011;0.02342;10000;10255695818;B
20240502;100012;0.02342;1000000;10255696099;B
20240502;100012;0.02342;1000000;10255696100;B
20240502;100014;0.02342;10000;10255696847;B
20240502;100016;0.02342;60000;10255697204;B
20240502;100016;0.023415;10000;10255697314;S
20240502;100018;0.023415;10000;10255697925;S
20240502;100018;0.023415;7100000;10255697965;S
20240502;100018;0.023415;1000000;10255698176;S
20240502;100019;0.02342;60000;10255698455;B
20240502;100021;0.023415;20000;10255698796;S
20240502;100023;0.023415;19320000;10255699456;S
20240502;100023;0.023415;10000;10255699457;S
20240502;100024;0.02341;80000;10255699689;S
20240502;100024;0.02341;20000;10255699860;S
20240502;100025;0.02341;20000;10255700208;S
20240502;100026;0.023415;20000000;10255700228;B
20240502;100026;0.023415;3000000;10255700229;B
20240502;100026;0.023415;10000000;10255700230;B
20240502;100026;0.023415;4500000;10255700231;B
20240502;100026;0.02341;120000;10255700269;S
20240502;100028;0.023415;100000;10255700878;B
20240502;100028;0.02341;28080000;10255700938;S
20240502;100028;0.02341;40000;10255700939;S
20240502;100028;0.02341;40000;10255700940;S
20240502;100028;0.02341;1000000;10255700941;S
20240502;100028;0.02341;14950000;10255700942;S
20240502;100028;0.02341;140000;10255700943;S
20240502;100028;0.02341;100000;10255700945;B
20240502;100028;0.023405;30000;10255700951;S
20240502;100029;0.02341;40000;10255701091;B
20240502;100029;0.02341;860000;10255701121;B
20240502;100029;0.02341;1140000;10255701122;B
20240502;100030;0.023405;170000;10255701477;S
20240502;100030;0.023405;200000;10255701478;S
20240502;100030;0.0234;10000;10255701479;S
20240502;100030;0.0234;10000;10255701480;S
20240502;100030;0.0234;10000;10255701481;S
20240502;100030;0.0234;1000000;10255701482;S
20240502;100030;0.0234;420000;10255701483;S
20240502;100030;0.0234;500000;10255701484;S
20240502;100030;0.023395;1000000;10255701485;S
20240502;100030;0.023395;3530000;10255701486;S
20240502;100030;0.02339;150000;10255701487;S
20240502;100030;0.02339;100000;10255701488;S
20240502;100030;0.0234;1000000;10255701490;B
20240502;100030;0.0234;1000000;10255701491;B
20240502;100030;0.0234;2000000;10255701498;B
20240502;100030;0.0234;1100000;10255701501;B
20240502;100031;0.0234;30000;10255701863;B
20240502;100032;0.02339;60000;10255702028;S
20240502;100032;0.0234;3900000;10255702050;B
20240502;100032;0.0234;10000;10255702188;B
20240502;100034;0.0234;900000;10255702589;B
20240502;100036;0.0234;110000;10255703387;B
20240502;100038;0.0234;10000;10255703867;B
20240502;100039;0.023395;900000;10255704246;S
20240502;100039;0.023395;1000000;10255704247;S
20240502;100039;0.02339;1690000;10255704248;S
20240502;100039;0.02339;1000000;10255704249;S
20240502;100039;0.02339;40000;10255704250;S
20240502;100039;0.02339;3530000;10255704251;S
20240502;100039;0.02339;6000000;10255704252;S
20240502;100039;0.02339;100000;10255704253;B
20240502;100040;0.02339;1040000;10255704438;B
20240502;100040;0.023385;10000;10255704458;S
20240502;100040;0.023385;1000000;10255704459;S
20240502;100040;0.023385;3520000;10255704460;S
20240502;100040;0.023385;10000;10255704461;S
20240502;100040;0.023385;10000;10255704462;S
20240502;100040;0.023385;10000;10255704463;S
20240502;100040;0.023385;10000;10255704464;S
20240502;100040;0.02338;4310000;10255704465;S
20240502;100040;0.02338;1000000;10255704466;S
20240502;100040;0.02338;6000000;10255704467;S
20240502;100040;0.02338;3240000;10255704468;S
20240502;100041;0.023385;40000;10255705299;B
20240502;100043;0.02338;100000;10255706215;B
20240502;100044;0.02338;40000;10255707029;B
20240502;100045;0.02338;10000;10255707354;B
20240502;100046;0.02338;2080000;10255707771;B
20240502;100046;0.02338;10000;10255707818;B
20240502;100048;0.02338;9300000;10255708547;B
20240502;100048;0.02338;3530000;10255708548;B
20240502;100049;0.023385;40000;10255708919;B
20240502;100049;0.023385;10000;10255708926;B
20240502;100049;0.023375;210000;10255709023;S
20240502;100049;0.023375;40000;10255709024;S
20240502;100049;0.023375;500000;10255709025;S
20240502;100049;0.023375;10000;10255709026;S
20240502;100049;0.023375;6000000;10255709027;S
20240502;100049;0.023375;8240000;10255709028;S
20240502;100050;0.02338;10000;10255709336;B
20240502;100050;0.02338;20000;10255709488;B
20240502;100052;0.023375;20000;10255709883;S
20240502;100053;0.023375;10000;10255710366;S
20240502;100053;0.023375;70000;10255710560;S
20240502;100053;0.023375;6000000;10255710561;S
20240502;100053;0.023375;13930000;10255710562;S
20240502;100053;0.02338;100000;10255710563;B
20240502;100054;0.02338;40000;10255710597;B
20240502;100054;0.023375;10000;10255710630;S
20240502;100054;0.02338;630000;10255710773;B
20240502;100055;0.02338;10000;10255711044;B
20240502;100056;0.02338;10000;10255711251;B
20240502;100057;0.02338;11760000;10255711493;B
20240502;100057;0.02338;250000;10255711494;B
20240502;100057;0.023385;950000;10255711495;B
20240502;100057;0.023385;5140000;10255711496;B
20240502;100057;0.023385;160000;10255711497;B
20240502;100058;0.02339;100000;10255711816;B
20240502;100059;0.02339;4000000;10255711996;B
20240502;100101;0.02338;30000;10255712721;S
20240502;100101;0.02338;10000;10255712731;S
20240502;100101;0.02339;100000;10255712783;B
20240502;100103;0.02339;10000;10255713189;B
20240502;100103;0.02339;150000;10255713492;B
20240502;100104;0.02339;20000;10255713553;B
20240502;100104;0.02339;100000;10255713629;B
20240502;100105;0.02339;20000;10255713895;B
20240502;100105;0.02338;960000;10255713915;S
20240502;100105;0.02338;4040000;10255713916;S
20240502;100107;0.023385;190000;10255714195;B
20240502;100107;0.023385;100000;10255714268;B
20240502;100107;0.023385;10000;10255714354;B
20240502;100109;0.023385;1000000;10255714790;B
20240502;100109;0.023385;10000;10255714856;B
20240502;100110;0.023385;100000;10255715026;B
20240502;100112;0.02338;10000;10255715486;S
20240502;100112;0.02339;23000000;10255715539;B
20240502;100113;0.02338;80000;10255715638;S
20240502;100113;0.02339;100000;10255715676;B
20240502;100115;0.02339;10000000;10255716179;B
20240502;100115;0.02339;1000000;10255716239;B
20240502;100118;0.02339;170000;10255716779;B
20240502;100119;0.02339;20000;10255716901;B
20240502;100121;0.023385;30000;10255717372;S
20240502;100121;0.02339;10000;10255717520;B
20240502;100122;0.023385;80000;10255717532;S
20240502;100122;0.023385;300000;10255717536;S
20240502;100125;0.023385;50000;10255718191;S
20240502;100125;0.02338;10000;10255718192;S
20240502;100125;0.02338;40000;10255718193;S
20240502;100125;0.02338;20000;10255718225;S
20240502;100126;0.02339;60000;10255718320;B
20240502;100126;0.02339;10000;10255718469;B
20240502;100127;0.02339;45830000;10255718549;B
20240502;100127;0.02339;10000;10255718550;B
20240502;100127;0.02339;100000;10255718551;B
20240502;100127;0.02339;1000000;10255718552;B
20240502;100127;0.02339;1000000;10255718553;B
20240502;100127;0.02339;3530000;10255718554;B
20240502;100128;0.023395;9410000;10255718842;B
20240502;100128;0.0234;1000000;10255718843;B
20240502;100128;0.0234;3530000;10255718844;B
20240502;100128;0.0234;4290000;10255718845;B
20240502;100128;0.023405;1000000;10255718846;B
20240502;100128;0.023405;6000000;10255718847;B
20240502;100128;0.023405;6130000;10255718848;B
20240502;100128;0.023405;16050000;10255718849;B
20240502;100128;0.02341;1000000;10255718850;B
20240502;100128;0.02341;6000000;10255718851;B
20240502;100128;0.02341;6130000;10255718852;B
20240502;100128;0.02341;13790000;10255718853;B
20240502;100128;0.02341;130000;10255718854;B
20240502;100128;0.02341;25540000;10255718855;B
20240502;100129;0.023395;10000;10255718993;S
20240502;100131;0.0234;10000;10255719600;B
20240502;100132;0.023395;100000;10255719640;S
20240502;100132;0.023395;10000;10255719697;S
20240502;100132;0.023395;100000;10255719804;S
20240502;100133;0.023395;10000;10255719852;S
20240502;100134;0.023395;200000;10255720126;S
20240502;100136;0.023395;180000;10255720450;S
20240502;100137;0.023395;20000;10255720599;S
20240502;100139;0.023405;10000;10255721067;B
20240502;100139;0.023405;110000;10255721068;B
20240502;100142;0.023405;40000;10255721561;B
20240502;100143;0.023405;20000;10255721652;B
20240502;100143;0.023405;10000;10255721730;B
20240502;100143;0.023405;10000;10255721777;B
20240502;100145;0.0234;10000;10255722140;S
20240502;100146;0.023405;380000;10255722396;B
20240502;100147;0.023405;20000;10255722493;B
20240502;100148;0.023405;10000;10255722709;B
20240502;100149;0.023405;400000;10255722844;B
20240502;100149;0.023405;8570000;10255722845;B
20240502;100149;0.023405;1030000;10255722846;B
20240502;100150;0.023405;10000;10255723005;B
20240502;100152;0.023405;50000;10255723626;B
20240502;100153;0.0234;10000;10255723946;S
20240502;100155;0.023405;40000;10255724506;B
20240502;100156;0.023405;10000;10255724537;B
20240502;100156;0.023405;30000;10255724621;B
20240502;100157;0.0234;10000;10255724878;S
20240502;100157;0.0234;10000;10255724879;S
20240502;100157;0.0234;10000;10255724880;S
20240502;100157;0.0234;10000;10255724881;S
20240502;100157;0.0234;10000;10255724882;S
20240502;100157;0.0234;10000;10255724883;S
20240502;100157;0.0234;10000;10255724884;S
20240502;100157;0.0234;10000;10255724885;S
20240502;100157;0.0234;10000;10255724886;S
20240502;100157;0.0234;110000;10255724887;S
20240502;100158;0.023405;50000;10255725221;B
20240502;100200;0.0234;10000;10255725584;S
20240502;100200;0.023405;20000;10255725606;B
20240502;100200;0.023405;20000;10255725786;B
20240502;100201;0.0234;40000;10255725889;S
20240502;100201;0.023405;20000;10255725929;B
20240502;100202;0.023405;20000;10255726041;B
20240502;100203;0.023405;20000;10255726202;B
20240502;100203;0.023405;20000;10255726319;B
20240502;100204;0.0234;90000;10255726393;S
20240502;100204;0.023405;20000;10255726480;B
20240502;100205;0.023405;20000;10255726737;B
20240502;100206;0.023405;20000;10255726982;B
20240502;100207;0.023405;510000;10255727087;B
20240502;100207;0.02341;20000;10255727189;B
20240502;100208;0.02341;10000;10255727546;B
20240502;100209;0.02341;24970000;10255727648;B
20240502;100209;0.02341;10000;10255727649;B
20240502;100209;0.02341;7510000;10255727650;B
20240502;100209;0.023415;43070000;10255727651;B
20240502;100209;0.023415;1000000;10255727652;B
20240502;100209;0.023415;6130000;10255727653;B
20240502;100209;0.023415;6000000;10255727654;B
20240502;100209;0.023415;12750000;10255727655;B
20240502;100209;0.023415;11540000;10255727656;B
20240502;100209;0.023415;3610000;10255727657;B
20240502;100210;0.02342;2220000;10255728083;B
20240502;100211;0.02342;20000;10255728175;B
20240502;100212;0.023415;10000;10255728290;S
20240502;100214;0.023415;27000000;10255728646;S
20240502;100214;0.02342;10000;10255728679;B
20240502;100215;0.023415;15000000;10255728845;S
20240502;100215;0.023415;500000;10255728967;S
20240502;100215;0.02342;40000;10255728977;B
20240502;100217;0.02342;10000;10255729354;B
20240502;100217;0.02342;10000;10255729394;B
20240502;100217;0.02342;50000;10255729416;B
20240502;100218;0.023415;5000000;10255729492;S
20240502;100222;0.02342;1000000;10255730194;B
20240502;100222;0.023415;10000;10255730209;S
20240502;100223;0.023415;40000;10255730436;B
20240502;100223;0.023415;5100000;10255730440;B
20240502;100223;0.023415;3530000;10255730441;B
20240502;100223;0.023415;4280000;10255730442;B
20240502;100223;0.023415;7090000;10255730443;B
20240502;100224;0.023405;10000;10255730585;S
20240502;100224;0.023415;10000;10255730663;B
20240502;100225;0.023415;3750000;10255730872;B
20240502;100225;0.023415;5140000;10255730873;B
20240502;100225;0.023415;1200000;10255730874;B
20240502;100225;0.023415;2820000;10255730875;B
20240502;100225;0.02342;17740000;10255730876;B
20240502;100226;0.02342;2000000;10255731015;B
20240502;100227;0.02342;1370000;10255731121;B
20240502;100227;0.02342;10000;10255731122;B
20240502;100227;0.02342;5000000;10255731123;B
20240502;100227;0.02342;1880000;10255731124;B
20240502;100227;0.023425;2850000;10255731125;B
20240502;100227;0.023425;7770000;10255731126;B
20240502;100227;0.023425;15000000;10255731127;B
20240502;100227;0.023425;150000;10255731128;B
20240502;100227;0.023425;10000;10255731129;B
20240502;100227;0.023425;140000;10255731130;B
20240502;100227;0.023425;1000000;10255731131;B
20240502;100227;0.023425;6130000;10255731132;B
20240502;100227;0.023425;1000000;10255731133;B
20240502;100227;0.023425;6000000;10255731134;B
20240502;100227;0.023425;3530000;10255731135;B
20240502;100227;0.023425;4320000;10255731136;B
20240502;100227;0.02343;10000;10255731137;B
20240502;100227;0.02343;12750000;10255731138;B
20240502;100227;0.02343;20000000;10255731139;B
20240502;100227;0.02343;10000;10255731140;B
20240502;100227;0.02343;6130000;10255731141;B
20240502;100227;0.02343;1000000;10255731142;B
20240502;100227;0.02343;6000000;10255731143;B
20240502;100227;0.02343;400000;10255731144;B
20240502;100227;0.02343;10000;10255731248;S
20240502;100227;0.023435;12000000;10255731266;B
20240502;100228;0.023435;200000;10255731344;B
20240502;100228;0.02343;10000;10255731345;S
20240502;100228;0.02343;10000;10255731501;S
20240502;100230;0.02343;10000;10255731709;S
20240502;100230;0.023435;200000;10255731718;B
20240502;100231;0.023435;360000;10255731958;B
20240502;100231;0.023435;10000;10255731959;B
20240502;100231;0.023435;10000;10255731960;B
20240502;100231;0.023435;50000;10255731961;B
20240502;100231;0.023435;100000;10255732028;B
20240502;100232;0.023435;850000;10255732229;B
20240502;100232;0.023435;10000;10255732230;B
20240502;100232;0.023435;20000;10255732231;B
20240502;100233;0.023435;20000;10255732334;S
20240502;100233;0.02344;10000000;10255732355;B
20240502;100234;0.02344;2760000;10255732466;B
20240502;100234;0.02344;2000000;10255732467;B
20240502;100234;0.02344;10000;10255732468;B
20240502;100234;0.02344;16570000;10255732469;B
20240502;100234;0.023435;10000;10255732532;S
20240502;100235;0.023435;10000;10255732619;S
20240502;100235;0.02344;23170000;10255732730;B
20240502;100235;0.02344;780000;10255732731;B
20240502;100235;0.02344;10000;10255732732;B
20240502;100235;0.02344;20000;10255732733;B
20240502;100235;0.023445;12760000;10255732734;B
20240502;100235;0.023445;10000000;10255732735;B
20240502;100235;0.023445;10000;10255732736;B
20240502;100235;0.023445;3250000;10255732737;B
20240502;100236;0.02344;330000;10255732911;S
20240502;100236;0.02344;670000;10255732939;S
20240502;100236;0.02344;3330000;10255732940;S
20240502;100237;0.02344;10000;10255732960;S
20240502;100237;0.02344;3950000;10255733003;S
20240502;100237;0.02344;1600000;10255733004;S
20240502;100237;0.023445;10000;10255733012;B
20240502;100237;0.023445;20000;10255733013;B
20240502;100237;0.02345;1900000;10255733014;B
20240502;100238;0.023445;10000;10255733152;S
20240502;100238;0.023445;10000;10255733159;S
20240502;100238;0.023445;10000;10255733182;S
20240502;100238;0.02345;10860000;10255733183;B
20240502;100238;0.02345;10000;10255733184;B
20240502;100238;0.02345;550000;10255733185;B
20240502;100238;0.02345;550000;10255733186;B
20240502;100238;0.02345;20000;10255733187;B
20240502;100238;0.02345;10000;10255733188;B
20240502;100238;0.02345;20000000;10255733189;B
20240502;100238;0.02345;6130000;10255733190;B
20240502;100238;0.02345;20000;10255733191;B
20240502;100238;0.02345;4800000;10255733192;B
20240502;100238;0.02345;200000;10255733193;B
20240502;100238;0.023455;6850000;10255733194;B
20240502;100238;0.023445;970000;10255733197;S
20240502;100238;0.023445;3530000;10255733198;S
20240502;100238;0.023445;500000;10255733199;S
20240502;100238;0.02345;10000;10255733219;S
20240502;100238;0.02345;990000;10255733264;S
20240502;100238;0.02345;10000;10255733265;S
20240502;100238;0.023455;10000;10255733311;B
20240502;100238;0.02345;10000;10255733340;S
20240502;100241;0.023455;10000;10255734001;B
20240502;100242;0.023455;5890000;10255734253;B
20240502;100242;0.023455;1000000;10255734254;B
20240502;100242;0.023455;2000000;10255734255;B
20240502;100242;0.023455;20000;10255734256;B
20240502;100242;0.023455;12750000;10255734257;B
20240502;100242;0.023455;50000;10255734258;B
20240502;100242;0.023455;10000;10255734259;B
20240502;100242;0.023455;100000;10255734260;B
20240502;100242;0.023455;5390000;10255734261;B
20240502;100244;0.023455;20000;10255734869;B
20240502;100244;0.023455;20000;10255734870;B
20240502;100245;0.023455;920000;10255735079;B
20240502;100245;0.023455;6130000;10255735080;B
20240502;100245;0.02346;12760000;10255735081;B
20240502;100245;0.02346;10000;10255735082;B
20240502;100245;0.02346;11900000;10255735083;B
20240502;100245;0.02346;10000;10255735084;B
20240502;100245;0.02346;270000;10255735085;B
20240502;100245;0.023455;10000;10255735086;B
20240502;100246;0.02345;500000;10255735123;S
20240502;100246;0.02345;500000;10255735157;S
20240502;100246;0.02345;240000;10255735158;S
20240502;100246;0.023455;50000;10255735283;B
20240502;100246;0.02345;10000;10255735339;S
20240502;100247;0.023455;6070000;10255735517;B
20240502;100247;0.02346;5860000;10255735518;B
20240502;100247;0.02346;20000;10255735519;B
20240502;100247;0.02346;9600000;10255735520;B
20240502;100247;0.02346;470000;10255735521;B
20240502;100247;0.02346;40000;10255735522;B
20240502;100247;0.02346;1000000;10255735523;B
20240502;100247;0.02346;4470000;10255735524;B
20240502;100247;0.023465;12760000;10255735525;B
20240502;100247;0.023465;10000;10255735526;B
20240502;100247;0.023465;300000;10255735527;B
20240502;100247;0.023465;50000;10255735528;B
20240502;100247;0.023465;10000;10255735529;B
20240502;100247;0.023465;34000000;10255735530;B
20240502;100247;0.023465;6130000;10255735531;B
20240502;100247;0.023465;780000;10255735532;B
20240502;100247;0.023465;1000000;10255735533;B
20240502;100247;0.023465;20000;10255735534;B
20240502;100247;0.023465;10000;10255735535;B
20240502;100247;0.023465;3530000;10255735536;B
20240502;100247;0.023465;6000000;10255735537;B
20240502;100247;0.02347;12760000;10255735538;B
20240502;100247;0.02347;10000;10255735539;B
20240502;100247;0.02347;6130000;10255735540;B
20240502;100247;0.02347;1000000;10255735541;B
20240502;100247;0.02347;6000000;10255735542;B
20240502;100247;0.02347;1000000;10255735543;B
20240502;100247;0.02347;11520000;10255735544;B
20240502;100247;0.02347;20000;10255735545;B
20240502;100247;0.02347;10000;10255735546;B
20240502;100247;0.02347;5140000;10255735547;B
20240502;100247;0.02347;4280000;10255735548;B
20240502;100247;0.02347;5000000;10255735549;B
20240502;100247;0.023475;12760000;10255735550;B
20240502;100247;0.023475;12750000;10255735551;B
20240502;100247;0.023475;10000;10255735552;B
20240502;100247;0.023475;50000;10255735553;B
20240502;100247;0.023475;150000;10255735554;B
20240502;100247;0.023475;10000;10255735555;B
20240502;100247;0.023475;6130000;10255735556;B
20240502;100247;0.023475;6000000;10255735557;B
20240502;100247;0.023475;25140000;10255735558;B
20240502;100247;0.023465;1200000;10255735569;B
20240502;100247;0.023475;3500000;10255735570;B
20240502;100248;0.023465;10000;10255736008;S
20240502;100248;0.023465;120000;10255736042;S
20240502;100248;0.02347;5000000;10255736184;B
20240502;100248;0.02347;1000000;10255736215;B
20240502;100248;0.02347;10000;10255736247;B
20240502;100249;0.023465;50000;10255736325;S
20240502;100249;0.023465;10000;10255736368;S
20240502;100250;0.02347;500000;10255736479;B
20240502;100250;0.02347;70000;10255736483;B
20240502;100250;0.023465;3340000;10255736571;S
20240502;100250;0.023465;1000000;10255736572;S
20240502;100250;0.023465;3000000;10255736573;S
20240502;100250;0.023465;1540000;10255736574;S
20240502;100251;0.02346;110000;10255736664;S
20240502;100251;0.02347;750000;10255736710;B
20240502;100251;0.02346;40000;10255736798;S
20240502;100252;0.02346;30000;10255736911;S
20240502;100252;0.02346;30000;10255736949;S
20240502;100254;0.02347;10000;10255737299;B
20240502;100254;0.02347;10000;10255737358;B
20240502;100255;0.023465;200000;10255737612;B
20240502;100255;0.023465;1000000;10255737621;B
20240502;100256;0.023465;60000;10255737680;B
20240502;100257;0.023465;18740000;10255737846;B
20240502;100257;0.02347;220000;10255737847;B
20240502;100257;0.02347;1000000;10255737848;B
20240502;100257;0.02347;6130000;10255737849;B
20240502;100257;0.02347;15000000;10255737850;B
20240502;100257;0.02347;3530000;10255737851;B
20240502;100257;0.02347;4280000;10255737852;B
20240502;100257;0.023475;39500000;10255737853;B
20240502;100257;0.023465;50000;10255737914;S
20240502;100257;0.023465;30000;10255738010;S
20240502;100258;0.023475;50000;10255738071;B
20240502;100258;0.023465;920000;10255738122;S
20240502;100258;0.023465;610000;10255738123;S
20240502;100258;0.023465;3470000;10255738124;S
20240502;100300;0.023465;60000;10255738360;S
20240502;100300;0.023465;690000;10255738361;S
20240502;100300;0.023465;10000;10255738434;S
20240502;100301;0.023465;5300000;10255738590;S
20240502;100301;0.023465;1000000;10255738591;S
20240502;100301;0.023465;3530000;10255738592;S
20240502;100301;0.02346;790000;10255738593;S
20240502;100301;0.02346;3000000;10255738594;S
20240502;100301;0.02346;310000;10255738595;S
20240502;100301;0.023475;30000;10255738662;B
20240502;100302;0.023475;10000;10255738839;B
20240502;100302;0.023475;3000000;10255739026;B
20240502;100304;0.02347;120000;10255739356;S
20240502;100305;0.023475;100000;10255739660;B
20240502;100305;0.02347;2090000;10255739696;S
20240502;100305;0.023475;480000;10255739718;B
20240502;100306;0.023475;50000;10255740040;B
20240502;100307;0.023475;60000;10255740188;B
20240502;100307;0.023475;10000;10255740279;B
20240502;100307;0.02347;2790000;10255740303;S
20240502;100307;0.02347;3530000;10255740304;S
20240502;100307;0.02347;1000000;10255740305;S
20240502;100307;0.02347;10000;10255740306;S
20240502;100307;0.02347;3000000;10255740307;S
20240502;100307;0.02347;140000;10255740308;S
20240502;100308;0.023475;10000;10255740340;B
20240502;100309;0.023475;120000;10255740541;B
20240502;100309;0.023475;120000;10255740552;B
20240502;100309;0.023465;30000;10255740622;S
20240502;100309;0.023465;10000;10255740643;S
20240502;100311;0.023475;2000000;10255741003;B
20240502;100312;0.02347;30000;10255741086;S
20240502;100312;0.023475;25820000;10255741147;B
20240502;100312;0.023475;10000;10255741148;B
20240502;100312;0.023475;10000;10255741149;B
20240502;100312;0.023475;20000;10255741150;B
20240502;100312;0.023475;6130000;10255741151;B
20240502;100312;0.023475;500000;10255741152;B
20240502;100312;0.023475;1000000;10255741153;B
20240502;100312;0.023475;10000;10255741154;B
20240502;100312;0.023475;10290000;10255741155;B
20240502;100312;0.023475;1000000;10255741156;B
20240502;100312;0.023475;200000;10255741157;B
20240502;100312;0.02348;10000;10255741245;B
20240502;100313;0.023475;10000;10255741403;S
20240502;100314;0.023475;100000;10255741555;S
20240502;100314;0.023475;100000;10255741577;S
20240502;100314;0.023475;100000;10255741597;S
20240502;100314;0.023475;100000;10255741636;S
20240502;100314;0.023475;100000;10255741651;S
20240502;100315;0.02348;1250000;10255741714;B
20240502;100315;0.023475;40000;10255741745;S
20240502;100316;0.02348;70000;10255742016;B
20240502;100317;0.02348;10000000;10255742192;B
20240502;100317;0.023475;7770000;10255742373;S
20240502;100318;0.02348;40000;10255742481;B
20240502;100319;0.02348;10000;10255742601;B
20240502;100319;0.023475;5000000;10255742676;S
20240502;100320;0.023475;90000;10255742768;S
20240502;100322;0.02348;10000;10255743084;B
20240502;100322;0.023475;20000;10255743143;S
20240502;100322;0.023475;1580000;10255743375;S
20240502;100322;0.023475;3420000;10255743376;S
20240502;100323;0.02348;1000000;10255743525;B
20240502;100323;0.023475;110000;10255743527;S
20240502;100323;0.023475;20000000;10255743528;S
20240502;100324;0.023475;500000;10255743717;B
20240502;100324;0.023475;390000;10255743749;B
20240502;100324;0.023475;610000;10255743750;B
20240502;100325;0.023475;390000;10255743843;B
20240502;100325;0.023475;610000;10255743844;B
20240502;100326;0.02347;10000;10255744021;S
20240502;100326;0.02347;10000;10255744148;S
20240502;100327;0.023475;1000000;10255744318;B
20240502;100329;0.023475;10000;10255744713;B
20240502;100329;0.02347;10000;10255744774;S
20240502;100329;0.023465;1000000;10255744775;S
20240502;100329;0.023465;2890000;10255744776;S
20240502;100329;0.023465;4300000;10255744777;S
20240502;100329;0.023465;1800000;10255744778;S
20240502;100330;0.02347;40000;10255744954;B
20240502;100331;0.02347;10000;10255745123;B
20240502;100331;0.02347;10000;10255745140;B
20240502;100332;0.023465;70000;10255745273;S
20240502;100332;0.02346;840000;10255745274;S
20240502;100332;0.023465;50000;10255745387;B
20240502;100332;0.02346;5000000;10255745491;S
20240502;100332;0.02346;130000;10255745530;S
20240502;100332;0.02346;100000;10255745532;S
20240502;100332;0.02346;100000;10255745533;S
20240502;100332;0.02346;100000;10255745534;S
20240502;100332;0.02346;100000;10255745535;S
20240502;100332;0.02346;100000;10255745536;S
20240502;100332;0.02346;100000;10255745537;S
20240502;100332;0.02346;100000;10255745538;S
20240502;100332;0.02346;100000;10255745539;S
20240502;100332;0.02346;100000;10255745540;S
20240502;100332;0.02346;100000;10255745541;S
20240502;100332;0.02346;100000;10255745542;S
20240502;100332;0.02346;100000;10255745546;S
20240502;100332;0.02346;100000;10255745547;S
20240502;100332;0.02346;100000;10255745548;S
20240502;100332;0.02346;100000;10255745549;S
20240502;100332;0.02346;100000;10255745550;S
20240502;100332;0.02346;100000;10255745551;S
20240502;100332;0.02346;100000;10255745552;S
20240502;100332;0.02346;100000;10255745553;S
20240502;100332;0.02346;100000;10255745554;S
20240502;100332;0.02346;100000;10255745555;S
20240502;100332;0.02346;100000;10255745556;S
20240502;100332;0.02346;100000;10255745557;S
20240502;100332;0.02346;100000;10255745559;S
20240502;100332;0.02346;100000;10255745560;S
20240502;100332;0.02346;100000;10255745561;S
20240502;100332;0.02346;100000;10255745562;S
20240502;100332;0.02346;100000;10255745563;S
20240502;100332;0.02346;100000;10255745564;S
20240502;100332;0.02346;100000;10255745565;S
20240502;100332;0.02346;100000;10255745566;S
20240502;100332;0.02346;100000;10255745567;S
20240502;100332;0.02346;100000;10255745568;S
20240502;100332;0.02346;100000;10255745569;S
20240502;100332;0.02346;100000;10255745570;S
20240502;100332;0.02346;100000;10255745571;S
20240502;100332;0.02346;100000;10255745572;S
20240502;100332;0.02346;100000;10255745573;S
20240502;100332;0.02346;100000;10255745574;S
20240502;100332;0.02346;100000;10255745575;S
20240502;100332;0.02346;100000;10255745576;S
20240502;100332;0.02346;100000;10255745577;S
20240502;100332;0.02346;100000;10255745578;S
20240502;100332;0.02346;100000;10255745579;S
20240502;100332;0.02346;100000;10255745580;S
20240502;100332;0.02346;100000;10255745581;S
20240502;100332;0.02346;100000;10255745582;S
20240502;100332;0.02346;100000;10255745584;S
20240502;100332;0.02346;100000;10255745585;S
20240502;100332;0.02346;100000;10255745586;S
20240502;100332;0.02346;100000;10255745587;S
20240502;100332;0.02346;100000;10255745588;S
20240502;100332;0.02346;100000;10255745589;S
20240502;100332;0.02346;100000;10255745590;S
20240502;100332;0.02346;100000;10255745591;S
20240502;100332;0.02346;100000;10255745592;S
20240502;100332;0.02346;100000;10255745593;S
20240502;100332;0.02346;100000;10255745594;S
20240502;100332;0.02346;100000;10255745595;S
20240502;100332;0.02346;100000;10255745596;S
20240502;100332;0.02346;100000;10255745597;S
20240502;100332;0.02346;100000;10255745598;S
20240502;100332;0.02346;100000;10255745599;S
20240502;100332;0.02346;100000;10255745600;S
20240502;100332;0.02346;30000;10255745601;S
20240502;100332;0.023455;70000;10255745605;S
20240502;100332;0.023455;100000;10255745606;S
20240502;100332;0.023455;100000;10255745607;S
20240502;100332;0.023455;100000;10255745608;S
20240502;100332;0.023455;100000;10255745609;S
20240502;100333;0.023455;1000000;10255745733;S
20240502;100333;0.02346;10000;10255745792;B
20240502;100333;0.02346;10000;10255745906;B
20240502;100334;0.02346;600000;10255745923;B
20240502;100334;0.023455;2530000;10255745929;S
20240502;100334;0.023455;1000000;10255745930;S
20240502;100334;0.02345;50000;10255745931;S
20240502;100334;0.02345;50000;10255745932;S
20240502;100334;0.02345;1000000;10255745933;S
20240502;100334;0.02345;6000000;10255745934;S
20240502;100334;0.02345;400000;10255745935;S
20240502;100334;0.02345;3530000;10255745936;S
20240502;100334;0.023445;6000000;10255745937;S
20240502;100334;0.023445;1000000;10255745938;S
20240502;100334;0.02344;6000000;10255745939;S
20240502;100334;0.02344;1000000;10255745940;S
20240502;100334;0.02344;10000;10255745941;S
20240502;100334;0.02344;6130000;10255745942;S
20240502;100334;0.02344;11500000;10255745943;S
20240502;100334;0.02344;10000;10255745944;S
20240502;100334;0.02344;10000;10255745945;S
20240502;100334;0.02344;10000;10255745946;S
20240502;100334;0.02344;10000;10255745947;S
20240502;100334;0.02344;10000;10255745948;S
20240502;100334;0.02344;400000;10255745949;S
20240502;100334;0.02344;13350000;10255745950;S
20240502;100334;0.02344;100000;10255745963;S
20240502;100334;0.023445;50000;10255745964;B
20240502;100334;0.023445;950000;10255746031;B
20240502;100334;0.023445;100000;10255746032;B
20240502;100334;0.02345;900000;10255746033;B
20240502;100334;0.02345;50000;10255746034;B
20240502;100335;0.023445;30000;10255746445;B
20240502;100336;0.02345;10000;10255746596;B
20240502;100336;0.02344;700000;10255746598;S
20240502;100337;0.02345;10000;10255746671;B
20240502;100338;0.023445;10000;10255746789;B
20240502;100338;0.023445;120000;10255746790;B
20240502;100338;0.02345;370000;10255746791;B
20240502;100338;0.02345;560000;10255746897;B
20240502;100338;0.02345;3530000;10255746898;B
20240502;100338;0.02345;8710000;10255746899;B
20240502;100339;0.02345;10000;10255747175;B
20240502;100340;0.02344;10000;10255747322;S
20240502;100340;0.02345;4640000;10255747416;B
20240502;100340;0.02345;1000000;10255747417;B
20240502;100340;0.02345;100000;10255747418;B
20240502;100340;0.02345;10000;10255747419;B
20240502;100340;0.02345;60000;10255747420;B
20240502;100340;0.023455;1000000;10255747421;B
20240502;100340;0.023455;3190000;10255747422;B
20240502;100341;0.02345;10000;10255747655;B
20240502;100342;0.02345;10000;10255747816;B
20240502;100343;0.02344;290000;10255747906;S
20240502;100343;0.02344;3530000;10255747907;S
20240502;100343;0.02344;6000000;10255747908;S
20240502;100343;0.02344;180000;10255747909;S
20240502;100344;0.02345;10000;10255748177;B
20240502;100345;0.023445;20000;10255748335;B
20240502;100345;0.023445;10000;10255748347;B
20240502;100346;0.023445;400000;10255748446;B
20240502;100346;0.023435;30000;10255748470;S
20240502;100347;0.023435;50000;10255748546;S
20240502;100347;0.023435;1000000;10255748547;S
20240502;100347;0.023435;230000;10255748548;S
20240502;100347;0.023445;10000;10255748580;B
20240502;100347;0.023435;30000;10255748608;S
20240502;100347;0.023445;2000000;10255748611;B
20240502;100348;0.023435;30000;10255748705;S
20240502;100348;0.023435;30000;10255748777;S
20240502;100349;0.023435;30000;10255748881;S
20240502;100349;0.023435;100000;10255748884;S
20240502;100349;0.023445;10000;10255748892;B
20240502;100349;0.023435;5550000;10255749000;S
20240502;100349;0.023435;20000;10255749001;S
20240502;100349;0.023435;3530000;10255749002;S
20240502;100349;0.023435;900000;10255749003;S
20240502;100350;0.02344;80000;10255749098;B
20240502;100350;0.023435;30000;10255749103;S
20240502;100350;0.02344;920000;10255749134;B
20240502;100350;0.02344;60000;10255749135;B
20240502;100350;0.02344;3530000;10255749136;B
20240502;100350;0.02344;710000;10255749137;B
20240502;100352;0.02344;290000;10255749380;B
20240502;100352;0.02344;1000000;10255749381;B
20240502;100352;0.02344;3660000;10255749382;B
20240502;100352;0.023445;2110000;10255749383;B
20240502;100352;0.023445;1000000;10255749384;B
20240502;100352;0.023445;5140000;10255749385;B
20240502;100352;0.023445;4280000;10255749386;B
20240502;100352;0.023445;100000;10255749387;B
20240502;100352;0.023445;8560000;10255749388;B
20240502;100352;0.023445;860000;10255749389;B
20240502;100352;0.023445;60000;10255749402;B
20240502;100352;0.023445;90000;10255749407;B
20240502;100353;0.023445;40000;10255749474;B
20240502;100354;0.023445;10000;10255749608;B
20240502;100400;0.023445;20000;10255750720;B
20240502;100402;0.02344;10000;10255751012;S
20240502;100404;0.02344;60000;10255751972;S
20240502;100404;0.02344;3610000;10255751973;S
20240502;100404;0.02344;3530000;10255751974;S
20240502;100404;0.023435;20000;10255751975;S
20240502;100404;0.023435;1000000;10255751976;S
20240502;100404;0.023435;500000;10255751977;S
20240502;100404;0.02343;1280000;10255751978;S
20240502;100404;0.02344;900000;10255752065;B
20240502;100405;0.02343;10120000;10255752161;S
20240502;100405;0.02343;10000;10255752162;S
20240502;100405;0.02343;1000000;10255752163;S
20240502;100405;0.02343;6000000;10255752164;S
20240502;100405;0.02343;2870000;10255752165;S
20240502;100405;0.023425;200000;10255752303;S
20240502;100406;0.02344;10000;10255752401;B
20240502;100410;0.02344;20000;10255753076;B
20240502;100413;0.023435;10000;10255753690;B
20240502;100413;0.023435;10000;10255753700;B
20240502;100414;0.023425;450000;10255753794;S
20240502;100414;0.023425;550000;10255753795;S
20240502;100414;0.023425;3550000;10255753796;S
20240502;100414;0.023425;900000;10255753797;S
20240502;100416;0.023435;10000;10255754211;B
20240502;100416;0.023425;500000;10255754243;S
20240502;100417;0.023435;20000;10255754369;B
20240502;100417;0.023435;10000;10255754386;B
20240502;100417;0.023435;20000;10255754394;B
20240502;100417;0.023425;10000;10255754402;S
20240502;100418;0.02342;30000;10255754690;S
20240502;100419;0.023435;10000;10255754819;B
20240502;100419;0.023435;990000;10255754922;B
20240502;100419;0.023435;8560000;10255754923;B
20240502;100419;0.023435;5140000;10255754924;B
20240502;100419;0.023435;900000;10255754925;B
20240502;100419;0.023435;100000;10255754926;B
20240502;100419;0.023435;3530000;10255754927;B
20240502;100419;0.023435;3000000;10255754928;B
20240502;100419;0.02344;970000;10255754929;B
20240502;100419;0.02344;400000;10255754930;B
20240502;100419;0.02344;11410000;10255754931;B
20240502;100420;0.023425;320000;10255754993;S
20240502;100420;0.023425;170000;10255755059;S
20240502;100421;0.023435;80000;10255755196;B
20240502;100421;0.023435;10000;10255755225;B
20240502;100422;0.023425;3360000;10255755546;S
20240502;100422;0.023425;1000000;10255755547;S
20240502;100422;0.02342;5970000;10255755548;S
20240502;100422;0.02342;1000000;10255755549;S
20240502;100423;0.02342;4160000;10255755585;B
20240502;100423;0.023425;840000;10255755586;B
20240502;100425;0.023435;10000;10255756176;B
20240502;100425;0.023425;10000;10255756177;S
20240502;100428;0.023435;50000;10255756626;B
20240502;100429;0.023435;10000;10255756764;B
20240502;100429;0.02342;50000;10255756923;S
20240502;100431;0.023435;100000;10255757223;B
20240502;100432;0.023425;100000;10255757400;S
20240502;100434;0.023435;10000;10255757717;B
20240502;100435;0.023425;2900000;10255757920;S
20240502;100435;0.023425;1000000;10255757921;S
20240502;100435;0.023425;3440000;10255757922;S
20240502;100435;0.02342;950000;10255757923;S
20240502;100435;0.02342;4280000;10255757924;S
20240502;100435;0.02342;3530000;10255757925;S
20240502;100435;0.02342;5140000;10255757926;S
20240502;100435;0.02342;6000000;10255757927;S
20240502;100435;0.02342;70000;10255757928;S
20240502;100435;0.02342;220000;10255757952;B
20240502;100437;0.02342;40000;10255758197;B
20240502;100437;0.023415;10000;10255758216;S
20240502;100437;0.023415;10000;10255758217;S
20240502;100437;0.023415;10000;10255758218;S
20240502;100437;0.023415;170000;10255758219;S
20240502;100437;0.023415;160000;10255758272;S
20240502;100440;0.02341;3600000;10255758774;S
20240502;100442;0.02341;190000;10255758964;S
20240502;100442;0.02342;10000;10255759103;B
20240502;100444;0.02342;10000;10255759341;B
20240502;100445;0.02341;150000;10255759521;S
20240502;100446;0.02342;3000000;10255759681;B
20240502;100446;0.02342;220000;10255759689;B
20240502;100446;0.023415;50000;10255759704;S
20240502;100446;0.02341;1150000;10255759705;S
20240502;100447;0.02341;910000;10255759829;S
20240502;100447;0.02341;3000000;10255759830;S
20240502;100447;0.02341;100000;10255759831;S
20240502;100447;0.02341;1000000;10255759832;S
20240502;100447;0.023405;990000;10255759833;S
20240502;100449;0.02342;10000;10255760099;B
20240502;100450;0.02341;10000;10255760303;S
20240502;100452;0.02341;70000;10255760625;S
20240502;100453;0.02341;20000;10255760645;S
20240502;100456;0.02342;20000;10255761180;B
20240502;100456;0.02342;40000;10255761281;B
20240502;100456;0.02342;20000;10255761294;B
20240502;100458;0.02341;10000;10255761551;S
20240502;100458;0.02341;10000;10255761557;S
20240502;100458;0.02342;800000;10255761627;B
20240502;100500;0.02342;750000;10255761888;B
20240502;100502;0.02341;10000;10255762350;S
20240502;100502;0.02341;100000;10255762476;S
20240502;100503;0.023415;20000;10255762676;B
20240502;100507;0.023415;180000;10255763414;B
20240502;100507;0.023415;1820000;10255763415;B
20240502;100508;0.02342;10000;10255763779;B
20240502;100509;0.02342;10000;10255763914;B
20240502;100510;0.023415;10000;10255763999;S
20240502;100512;0.023415;20000;10255764506;B
20240502;100512;0.02342;10000;10255764509;B
20240502;100516;0.02342;10000;10255765081;B
20240502;100516;0.02342;70000;10255765085;B
20240502;100516;0.023415;20000;10255765090;S
20240502;100516;0.02342;10000;10255765149;B
20240502;100517;0.02342;20000;10255765262;B
20240502;100517;0.023415;500000;10255765349;S
20240502;100519;0.023415;3020000;10255765673;S
20240502;100520;0.023415;90000;10255765731;S
20240502;100520;0.02342;20000;10255765765;B
20240502;100521;0.02342;10000;10255765968;B
20240502;100521;0.023415;10000;10255765987;S
20240502;100521;0.023415;10000;10255766015;S
20240502;100522;0.02342;10000;10255766095;B
20240502;100523;0.02342;80000;10255766253;B
20240502;100524;0.02342;60000;10255766414;B
20240502;100525;0.02342;10000;10255766553;B
20240502;100526;0.02342;1500000;10255766628;B
20240502;100526;0.023415;320000;10255766715;S
20240502;100526;0.023415;570000;10255766749;S
20240502;100526;0.023415;10000;10255766750;S
20240502;100526;0.023415;4280000;10255766751;S
20240502;100526;0.023415;6000000;10255766752;S
20240502;100526;0.023415;7140000;10255766753;S
20240502;100526;0.023415;1000000;10255766754;S
20240502;100527;0.023415;20000;10255766759;S
20240502;100528;0.023415;2510000;10255766960;S
20240502;100528;0.023415;5140000;10255766961;S
20240502;100528;0.023415;2350000;10255766962;S
20240502;100528;0.02342;40000;10255766994;B
20240502;100528;0.02342;60000;10255766996;B
20240502;100528;0.023415;140000;10255767077;S
20240502;100529;0.02342;10000;10255767159;B
20240502;100529;0.023415;3510000;10255767210;S
20240502;100529;0.02341;770000;10255767211;S
20240502;100529;0.02341;6000000;10255767212;S
20240502;100529;0.02341;20000;10255767213;S
20240502;100529;0.02341;6130000;10255767214;S
20240502;100529;0.02341;200000;10255767215;S
20240502;100529;0.02341;10000;10255767216;S
20240502;100529;0.02341;30000000;10255767217;S
20240502;100529;0.02341;50000;10255767218;S
20240502;100529;0.02341;5000000;10255767219;S
20240502;100529;0.02341;100000;10255767220;S
20240502;100529;0.02341;12000000;10255767221;S
20240502;100529;0.02341;3570000;10255767222;S
20240502;100529;0.02341;3530000;10255767223;S
20240502;100529;0.023405;5010000;10255767224;S
20240502;100529;0.023405;6130000;10255767225;S
20240502;100529;0.023405;10000;10255767226;S
20240502;100529;0.023405;1000000;10255767227;S
20240502;100529;0.023405;100000;10255767228;S
20240502;100529;0.023405;11530000;10255767229;S
20240502;100529;0.023405;4280000;10255767230;S
20240502;100529;0.023405;5140000;10255767231;S
20240502;100529;0.0234;10000;10255767232;S
20240502;100529;0.0234;10000;10255767233;S
20240502;100529;0.0234;10000;10255767234;S
20240502;100529;0.0234;10000;10255767235;S
20240502;100529;0.0234;10000;10255767236;S
20240502;100529;0.0234;10000;10255767237;S
20240502;100529;0.0234;10000;10255767238;S
20240502;100529;0.0234;10000;10255767239;S
20240502;100529;0.0234;10000;10255767240;S
20240502;100529;0.0234;6000000;10255767241;S
20240502;100529;0.0234;20000;10255767242;S
20240502;100529;0.0234;6130000;10255767243;S
20240502;100529;0.0234;15000000;10255767244;S
20240502;100529;0.0234;1000000;10255767245;S
20240502;100529;0.0234;390000;10255767246;S
20240502;100529;0.0234;100000;10255767247;S
20240502;100529;0.0234;10000;10255767248;S
20240502;100529;0.0234;10000;10255767249;S
20240502;100529;0.0234;590000;10255767250;S
20240502;100529;0.0234;8560000;10255767251;S
20240502;100529;0.0234;100000;10255767256;B
20240502;100529;0.0234;90000;10255767308;B
20240502;100529;0.0234;20000;10255767349;B
20240502;100529;0.0234;100000;10255767387;B
20240502;100530;0.0234;1190000;10255767435;B
20240502;100531;0.0234;10000;10255767615;B
20240502;100531;0.023395;30000;10255767731;S
20240502;100531;0.023395;10000;10255767732;S
20240502;100531;0.023395;170000;10255767733;S
20240502;100535;0.023395;30000;10255768216;S
20240502;100535;0.023395;50000;10255768219;S
20240502;100535;0.0234;10000;10255768230;B
20240502;100538;0.023395;50000;10255768782;S
20240502;100539;0.0234;120000;10255768809;B
20240502;100539;0.0234;3440000;10255768936;B
20240502;100540;0.0234;90000;10255769062;B
20240502;100540;0.0234;10000;10255769122;B
20240502;100542;0.0234;4000000;10255769487;B
20240502;100544;0.0234;10000;10255769877;B
20240502;100545;0.023395;5000000;10255770035;S
20240502;100546;0.0234;10000;10255770036;B
20240502;100548;0.0234;10000;10255770420;B
20240502;100549;0.0234;9000000;10255770592;B
20240502;100549;0.023395;4700000;10255770636;S
20240502;100549;0.023395;60000;10255770637;S
20240502;100549;0.023395;500000;10255770638;S
20240502;100549;0.023395;5140000;10255770639;S
20240502;100549;0.023395;4280000;10255770640;S
20240502;100549;0.023395;5300000;10255770641;S
20240502;100549;0.023395;7230000;10255770642;S
20240502;100550;0.0234;10000;10255770757;B
20240502;100550;0.023395;1000000;10255770798;S
20240502;100550;0.0234;11770000;10255770818;B
20240502;100550;0.0234;750000;10255770820;B
20240502;100551;0.023395;1800000;10255770947;S
20240502;100551;0.023395;2940000;10255770948;S
20240502;100551;0.023395;260000;10255770949;S
20240502;100551;0.023395;50000;10255770979;S
20240502;100553;0.02339;10000;10255771310;S
20240502;100553;0.02339;10000;10255771311;S
20240502;100554;0.02339;990000;10255771435;S
20240502;100554;0.02339;10000;10255771436;S
20240502;100554;0.02339;10000;10255771437;S
20240502;100554;0.02339;10000;10255771438;S
20240502;100554;0.02339;13190000;10255771439;S
20240502;100554;0.02339;150000;10255771532;S
20240502;100554;0.023395;40000;10255771597;B
20240502;100554;0.02339;130000;10255771598;S
20240502;100555;0.02339;10000;10255771652;S
20240502;100556;0.023395;960000;10255771834;B
20240502;100556;0.023395;3000000;10255771835;B
20240502;100556;0.023395;1040000;10255771836;B
20240502;100556;0.02339;900000;10255771964;S
20240502;100557;0.02339;140000;10255772100;S
20240502;100602;0.02339;5000000;10255772847;S
20240502;100602;0.023395;1000000;10255772926;B
20240502;100602;0.02339;60000;10255772994;S
20240502;100603;0.023395;310000;10255773187;B
20240502;100604;0.02339;200000;10255773307;S
20240502;100605;0.023395;10000;10255773333;B
20240502;100605;0.02339;10000;10255773340;S
20240502;100605;0.023395;10000;10255773344;B
20240502;100605;0.023395;1000000;10255773406;B
20240502;100605;0.023395;100000;10255773422;B
20240502;100608;0.023395;10000;10255773876;B
20240502;100610;0.023395;1560000;10255774312;B
20240502;100610;0.023395;3530000;10255774313;B
20240502;100610;0.023395;80000;10255774314;B
20240502;100610;0.023395;1000000;10255774315;B
20240502;100610;0.023395;3000000;10255774316;B
20240502;100610;0.023395;4280000;10255774317;B
20240502;100610;0.023395;5060000;10255774318;B
20240502;100611;0.023395;2400000;10255774425;S
20240502;100611;0.023395;10000;10255774450;S
20240502;100611;0.0234;500000;10255774519;B
20240502;100612;0.023395;10000;10255774554;S
20240502;100612;0.0234;80000;10255774624;B
20240502;100613;0.0234;20000;10255774842;B
20240502;100614;0.0234;10000;10255774974;B
20240502;100614;0.023395;70000;10255774976;S
20240502;100614;0.0234;220000;10255775034;B
20240502;100616;0.023395;4000000;10255775261;S
20240502;100616;0.02339;10000;10255775262;S
20240502;100616;0.02339;100000;10255775263;S
20240502;100616;0.02339;10000;10255775264;S
20240502;100616;0.02339;3530000;10255775265;S
20240502;100616;0.02339;40000;10255775266;S
20240502;100616;0.02339;3230000;10255775267;S
20240502;100617;0.023385;280000;10255775473;S
20240502;100617;0.023385;20000;10255775584;S
20240502;100617;0.023385;10000;10255775585;S
20240502;100617;0.023385;10000;10255775586;S
20240502;100617;0.023385;120000;10255775587;S
20240502;100619;0.02339;10000;10255775978;B
20240502;100620;0.02339;100000;10255776137;B
20240502;100621;0.02339;500000;10255776333;B
20240502;100622;0.02339;10000;10255776406;B
20240502;100623;0.02339;120000;10255776635;B
20240502;100624;0.02339;10000;10255776803;B
20240502;100625;0.02339;70000;10255776948;B
20240502;100626;0.02339;140000;10255777050;B
20240502;100626;0.02339;20000;10255777055;B
20240502;100626;0.02339;10000;10255777106;B
20240502;100628;0.02339;10000;10255777401;B
20240502;100629;0.023385;400000;10255777576;S
20240502;100630;0.023385;100000;10255777724;S
20240502;100630;0.02339;10000;10255777769;B
20240502;100630;0.02339;10000;10255777864;B
20240502;100631;0.023385;20000;10255777986;S
20240502;100632;0.023385;70000;10255778077;S
20240502;100633;0.02339;10000;10255778357;B
20240502;100636;0.02339;10000;10255779058;B
20240502;100636;0.02339;10000;10255779117;B
20240502;100637;0.02339;50000;10255779183;B
20240502;100638;0.023385;10000;10255779422;S
20240502;100639;0.02339;230000;10255779571;B
20240502;100641;0.023385;9280000;10255780019;S
20240502;100641;0.023385;40000;10255780020;S
20240502;100641;0.023385;1000000;10255780021;S
20240502;100641;0.023385;3530000;10255780022;S
20240502;100641;0.023385;8560000;10255780023;S
20240502;100641;0.023385;2500000;10255780024;S
20240502;100641;0.023385;10000;10255780025;S
20240502;100641;0.02338;10000;10255780026;S
20240502;100641;0.02338;20000;10255780027;S
20240502;100641;0.02338;6130000;10255780028;S
20240502;100641;0.02338;10000;10255780029;S
20240502;100641;0.02338;10000;10255780030;S
20240502;100641;0.02338;5550000;10255780031;S
20240502;100641;0.02338;14840000;10255780032;S
20240502;100641;0.02338;1000000;10255780033;S
20240502;100641;0.02338;6000000;10255780034;S
20240502;100641;0.02338;2400000;10255780035;S
20240502;100641;0.02338;4280000;10255780036;S
20240502;100641;0.02338;5210000;10255780037;S
20240502;100641;0.02338;5140000;10255780038;S
20240502;100641;0.023375;14820000;10255780039;S
20240502;100641;0.023375;6000000;10255780040;S
20240502;100641;0.023375;6130000;10255780041;S
20240502;100641;0.023375;1500000;10255780042;S
20240502;100641;0.023375;1000000;10255780043;S
20240502;100641;0.023375;11480000;10255780044;S
20240502;100642;0.023385;10000;10255780167;B
20240502;100644;0.023385;10000;10255780472;B
20240502;100645;0.023385;3510000;10255780579;B
20240502;100645;0.023385;5140000;10255780580;B
20240502;100645;0.023385;5140000;10255780581;B
20240502;100645;0.02339;6210000;10255780582;B
20240502;100646;0.02339;10000;10255780863;B
20240502;100647;0.02339;20000;10255780949;B
20240502;100648;0.023385;10000;10255781104;B
20240502;100649;0.023385;200000;10255781200;S
20240502;100650;0.02339;90000;10255781313;B
20240502;100650;0.02339;120000;10255781391;B
20240502;100651;0.02339;15000000;10255781465;B
20240502;100651;0.02339;4000000;10255781530;B
20240502;100652;0.02339;50000;10255781584;B
20240502;100653;0.02339;20000;10255781757;B
20240502;100655;0.02339;10000;10255782203;B
20240502;100656;0.023385;10000;10255782239;S
20240502;100658;0.02339;10000;10255782454;B
20240502;100659;0.02339;10000;10255782612;B
20240502;100659;0.023385;700000;10255782646;S
20240502;100700;0.023385;90000;10255782749;S
20240502;100700;0.023385;30000;10255782750;S
20240502;100700;0.023385;240000;10255782751;S
20240502;100700;0.02339;1000000;10255782767;B
20240502;100701;0.02339;940000;10255782853;B
20240502;100704;0.02339;20000;10255783279;B
20240502;100705;0.02339;10000;10255783456;B
20240502;100706;0.02339;40000;10255783510;B
20240502;100707;0.02339;40000;10255783673;B
20240502;100707;0.023385;300000;10255783682;S
20240502;100709;0.02339;1000000;10255783997;B
20240502;100710;0.023385;460000;10255784175;S
20240502;100710;0.023385;20000;10255784176;S
20240502;100710;0.023385;70000;10255784239;S
20240502;100711;0.023385;3440000;10255784362;S
20240502;100711;0.023385;3000000;10255784363;S
20240502;100711;0.023385;3000000;10255784364;S
20240502;100711;0.023385;70000;10255784365;S
20240502;100711;0.023385;1000000;10255784366;S
20240502;100711;0.023385;5010000;10255784367;S
20240502;100711;0.02338;3000000;10255784368;S
20240502;100711;0.02338;1000000;10255784369;S
20240502;100711;0.02338;890000;10255784370;S
20240502;100711;0.02338;20000;10255784371;S
20240502;100711;0.02338;150000;10255784372;S
20240502;100711;0.02338;5140000;10255784373;S
20240502;100711;0.02338;2630000;10255784374;S
20240502;100711;0.02338;6130000;10255784375;S
20240502;100711;0.02338;10000;10255784376;S
20240502;100711;0.02338;510000;10255784377;S
20240502;100713;0.023385;1000000;10255784589;S
20240502;100713;0.023385;3000000;10255784590;S
20240502;100713;0.023385;5140000;10255784591;S
20240502;100713;0.023385;3530000;10255784592;S
20240502;100713;0.02338;490000;10255784593;S
20240502;100713;0.02338;1840000;10255784594;S
20240502;100713;0.02339;10000;10255784617;B
20240502;100715;0.023385;3000000;10255784884;S
20240502;100715;0.023385;5140000;10255784885;S
20240502;100715;0.023385;1000000;10255784886;S
20240502;100715;0.023385;3530000;10255784887;S
20240502;100715;0.023385;2330000;10255784888;S
20240502;100716;0.02339;20000;10255785170;B
20240502;100718;0.023385;3000000;10255785448;S
20240502;100718;0.023385;5140000;10255785449;S
20240502;100718;0.023385;3530000;10255785450;S
20240502;100718;0.023385;3330000;10255785451;S
20240502;100719;0.023385;90000;10255785556;S
20240502;100720;0.02339;10000;10255785625;B
20240502;100721;0.02339;1060000;10255785721;B
20240502;100721;0.02339;10000;10255785805;B
20240502;100724;0.023385;2910000;10255786200;S
20240502;100724;0.023385;10000;10255786201;S
20240502;100724;0.023385;3530000;10255786202;S
20240502;100724;0.023385;4880000;10255786203;S
20240502;100724;0.02338;3670000;10255786204;S
20240502;100725;0.02339;10000;10255786314;B
20240502;100726;0.02339;500000;10255786438;B
20240502;100726;0.02339;20000;10255786513;B
20240502;100727;0.02339;30000;10255786606;B
20240502;100727;0.02339;1800000;10255786670;B
20240502;100728;0.02339;180000;10255786759;B
20240502;100728;0.02339;1420000;10255786760;B
20240502;100728;0.023395;3400000;10255786761;B
20240502;100729;0.02339;5140000;10255786894;S
20240502;100729;0.02339;3530000;10255786895;S
20240502;100729;0.02339;3000000;10255786896;S
20240502;100729;0.02339;3330000;10255786897;S
20240502;100730;0.023395;20000;10255787130;B
20240502;100730;0.02339;10000;10255787155;S
20240502;100732;0.02339;10000;10255787344;S
20240502;100732;0.023395;10000;10255787364;B
20240502;100732;0.023395;2400000;10255787365;B
20240502;100732;0.023395;12590000;10255787366;B
20240502;100732;0.0234;10000;10255787403;B
20240502;100734;0.02339;10000;10255787699;S
20240502;100734;0.02339;10000;10255787794;S
20240502;100734;0.02339;1540000;10255787795;S
20240502;100735;0.02339;1000000;10255787936;S
20240502;100735;0.023395;20000;10255787964;B
20240502;100735;0.0234;10000;10255787999;B
20240502;100736;0.02339;80000;10255788061;S
20240502;100736;0.023395;1550000;10255788133;B
20240502;100736;0.0234;33450000;10255788134;B
20240502;100738;0.0234;10000;10255788374;B
20240502;100739;0.023395;10000;10255788515;S
20240502;100740;0.0234;10000;10255788671;B
20240502;100742;0.0234;10000;10255789070;B
20240502;100742;0.023395;10000;10255789096;S
20240502;100744;0.0234;10000;10255789291;B
20240502;100745;0.0234;70000;10255789403;B
20240502;100745;0.0234;100000;10255789471;B
20240502;100745;0.0234;100000;10255789493;B
20240502;100745;0.0234;100000;10255789508;B
20240502;100745;0.0234;100000;10255789515;B
20240502;100745;0.0234;100000;10255789542;B
20240502;100745;0.0234;100000;10255789550;B
20240502;100746;0.0234;100000;10255789575;B
20240502;100746;0.023395;5120000;10255789576;S
20240502;100746;0.023395;3530000;10255789577;S
20240502;100746;0.023395;3000000;10255789578;S
20240502;100746;0.023395;400000;10255789579;S
20240502;100746;0.023395;390000;10255789580;S
20240502;100746;0.0234;100000;10255789586;B
20240502;100746;0.0234;37000000;10255789724;B
20240502;100747;0.0234;220000;10255789836;B
20240502;100749;0.0234;40000;10255790095;B
20240502;100750;0.0234;10000;10255790374;B
20240502;100751;0.023395;1550000;10255790520;S
20240502;100751;0.0234;60000;10255790530;B
20240502;100751;0.023395;1550000;10255790600;S
20240502;100751;0.023395;50000;10255790604;S
20240502;100751;0.023395;20000;10255790605;S
20240502;100751;0.023395;10000;10255790705;S
20240502;100753;0.023395;2200000;10255790911;S
20240502;100754;0.0234;20000;10255790995;B
20240502;100755;0.023395;750000;10255791153;S
20240502;100755;0.0234;400000;10255791259;B
20240502;100755;0.0234;500000;10255791332;B
20240502;100756;0.0234;10000;10255791456;B
20240502;100756;0.023395;10000;10255791517;S
20240502;100757;0.0234;10000;10255791637;B
20240502;100758;0.023395;500000;10255791650;S
20240502;100758;0.0234;10000;10255791755;B
20240502;100758;0.0234;140000;10255791772;B
20240502;100800;0.023395;10000;10255792059;S
20240502;100801;0.0234;60000;10255792192;B
20240502;100801;0.0234;130000;10255792258;B
20240502;100802;0.0234;50000;10255792480;B
20240502;100802;0.0234;10000;10255792519;B
20240502;100804;0.0234;10000;10255792756;B
20240502;100804;0.023395;1500000;10255792767;S
20240502;100805;0.0234;10000;10255792858;B
20240502;100805;0.0234;10000;10255792876;B
20240502;100806;0.0234;10000;10255792952;B
20240502;100806;0.0234;3000000;10255793008;B
20240502;100806;0.0234;10000;10255793043;B
20240502;100807;0.0234;90000;10255793146;B
20240502;100809;0.0234;10000;10255793536;B
20240502;100810;0.0234;700000;10255793714;B
20240502;100811;0.023395;10000;10255793851;S
20240502;100812;0.0234;20000;10255793974;B
20240502;100814;0.023395;970000;10255794168;S
20240502;100814;0.023395;3530000;10255794169;S
20240502;100814;0.023395;300000;10255794202;S
20240502;100815;0.0234;1000000;10255794427;B
20240502;100817;0.023395;200000;10255794654;S
20240502;100821;0.0234;500000;10255795199;B
20240502;100823;0.0234;50000;10255795401;B
20240502;100823;0.0234;30000;10255795472;B
20240502;100824;0.023395;40000;10255795530;S
20240502;100825;0.023395;10000;10255795676;S
20240502;100827;0.0234;1000000;10255795978;B
20240502;100829;0.023395;300000;10255796121;S
20240502;100829;0.023395;1000000;10255796122;S
20240502;100829;0.023395;100000;10255796123;S
20240502;100829;0.023395;900000;10255796124;S
20240502;100829;0.023395;700000;10255796125;S
20240502;100832;0.0234;10000;10255796740;B
20240502;100832;0.0234;50000;10255796754;B
20240502;100833;0.023395;100000;10255796901;S
20240502;100833;0.023395;700000;10255796902;S
20240502;100833;0.023395;10000;10255796903;S
20240502;100833;0.023395;50000;10255796904;S
20240502;100833;0.023395;240000;10255796905;S
20240502;100833;0.023395;60000;10255796934;S
20240502;100834;0.0234;10000;10255796994;B
20240502;100835;0.023395;1550000;10255797225;S
20240502;100835;0.023395;1550000;10255797352;S
20240502;100835;0.0234;20000;10255797353;B
20240502;100835;0.023395;1550000;10255797399;S
20240502;100836;0.023395;100000;10255797538;S
20240502;100836;0.023395;50000;10255797539;S
20240502;100836;0.023395;100000;10255797590;B
20240502;100837;0.02339;150000;10255797742;S
20240502;100837;0.02339;8000000;10255797743;S
20240502;100837;0.02339;11530000;10255797744;S
20240502;100837;0.02339;320000;10255797745;S
20240502;100838;0.023395;10000;10255797859;B
20240502;100838;0.023395;10000;10255797861;B
20240502;100838;0.023395;240000;10255797898;B
20240502;100838;0.023395;10000;10255797915;B
20240502;100839;0.02339;40000;10255798179;S
20240502;100839;0.02339;240000;10255798180;S
20240502;100839;0.02339;100000;10255798181;S
20240502;100841;0.02339;10000;10255798548;B
20240502;100842;0.02339;100000;10255798771;B
20240502;100842;0.02339;10000;10255798786;B
20240502;100843;0.02339;200000;10255798821;B
20240502;100843;0.02339;100000;10255798852;B
20240502;100843;0.02339;30000;10255798858;B
20240502;100845;0.02339;10000;10255799227;B
20240502;100846;0.02339;10000;10255799333;B
20240502;100848;0.02339;20000;10255799546;B
20240502;100848;0.023385;100000;10255799554;S
20240502;100848;0.023385;1550000;10255799701;S
20240502;100849;0.023385;1550000;10255799885;S
20240502;100849;0.023385;200000;10255799962;S
20240502;100850;0.02339;1000000;10255800079;B
20240502;100850;0.02339;20000;10255800081;B
20240502;100850;0.02339;40000;10255800095;B
20240502;100850;0.02339;50000;10255800109;B
20240502;100851;0.02339;100000;10255800188;B
20240502;100852;0.02339;320000;10255800322;B
20240502;100852;0.02339;1000000;10255800323;B
20240502;100852;0.02339;3000000;10255800324;B
20240502;100852;0.023385;2050000;10255800334;S
20240502;100852;0.023385;250000;10255800347;S
20240502;100852;0.02339;10000;10255800400;B
20240502;100853;0.02339;10000;10255800436;B
20240502;100853;0.02339;100000;10255800439;B
20240502;100856;0.02339;50000;10255800766;B
20240502;100859;0.02339;10000;10255801653;B
20240502;100900;0.023385;10000;10255801821;S
20240502;100901;0.023385;380000;10255801925;S
20240502;100901;0.023385;10000;10255801937;S
20240502;100903;0.02339;30000;10255802373;B
20240502;100904;0.02339;10000;10255802519;B
20240502;100904;0.02339;90000;10255802585;B
20240502;100906;0.023385;10000;10255802752;S
20240502;100907;0.023385;1550000;10255802979;S
20240502;100908;0.023385;60000;10255803304;S
20240502;100910;0.02339;10000;10255803582;B
20240502;100910;0.023385;10000;10255803603;S
20240502;100910;0.023385;7970000;10255803684;S
20240502;100910;0.023385;100000;10255803685;S
20240502;100910;0.023385;3530000;10255803686;S
20240502;100910;0.023385;60000000;10255803687;S
20240502;100910;0.023385;6130000;10255803688;S
20240502;100910;0.023385;10000;10255803689;S
20240502;100910;0.023385;10000;10255803690;S
20240502;100910;0.023385;10000;10255803691;S
20240502;100910;0.023385;10000;10255803692;S
20240502;100910;0.023385;10000;10255803693;S
20240502;100910;0.023385;10000;10255803694;S
20240502;100910;0.02338;6130000;10255803695;S
20240502;100910;0.02338;100000;10255803696;S
20240502;100910;0.02338;420000;10255803697;S
20240502;100910;0.02338;100000;10255803698;S
20240502;100910;0.02338;1000000;10255803699;S
20240502;100910;0.02338;2400000;10255803700;S
20240502;100910;0.02338;3650000;10255803701;S
20240502;100910;0.02338;10530000;10255803702;S
20240502;100910;0.02338;6000000;10255803703;S
20240502;100910;0.02338;19660000;10255803704;S
20240502;100910;0.023375;10000;10255803705;S
20240502;100910;0.023375;10000;10255803706;S
20240502;100910;0.023375;10000;10255803707;S
20240502;100910;0.023375;10000;10255803708;S
20240502;100910;0.023375;10000;10255803709;S
20240502;100910;0.023375;6130000;10255803710;S
20240502;100910;0.023375;6000000;10255803711;S
20240502;100910;0.023375;26000000;10255803712;S
20240502;100910;0.023375;3000000;10255803713;S
20240502;100910;0.023375;1000000;10255803714;S
20240502;100910;0.023375;11540000;10255803715;S
20240502;100910;0.023375;6200000;10255803716;S
20240502;100910;0.023375;150000;10255803717;S
20240502;100910;0.02337;50000;10255803718;S
20240502;100910;0.02337;210000;10255803719;S
20240502;100910;0.02337;1200000;10255803720;S
20240502;100910;0.02337;10000;10255803721;S
20240502;100910;0.02337;6130000;10255803722;S
20240502;100910;0.02337;6000000;10255803723;S
20240502;100910;0.02337;46990000;10255803724;S
20240502;100910;0.02337;10000;10255803725;S
20240502;100910;0.02337;500000;10255803726;S
20240502;100910;0.02337;10000;10255803727;S
20240502;100910;0.02337;10000000;10255803728;S
20240502;100910;0.02337;30000000;10255803729;S
20240502;100910;0.02337;1000000;10255803730;S
20240502;100910;0.023365;100000;10255803731;S
20240502;100910;0.023365;10000;10255803732;S
20240502;100910;0.023365;10000;10255803733;S
20240502;100910;0.023365;10000;10255803734;S
20240502;100910;0.023365;10000;10255803735;S
20240502;100910;0.023365;10000;10255803736;S
20240502;100910;0.023365;10000;10255803737;S
20240502;100910;0.023365;10000;10255803738;S
20240502;100910;0.023365;10000;10255803739;S
20240502;100910;0.023365;10000;10255803740;S
20240502;100910;0.023365;10000;10255803741;S
20240502;100910;0.023365;500000;10255803742;S
20240502;100910;0.023365;200000;10255803743;S
20240502;100910;0.023365;10000;10255803744;S
20240502;100910;0.023365;20000;10255803745;S
20240502;100910;0.023365;10000;10255803746;S
20240502;100910;0.023365;10000;10255803747;S
20240502;100910;0.023365;10000;10255803748;S
20240502;100910;0.023365;10000;10255803749;S
20240502;100910;0.023365;10000;10255803750;S
20240502;100910;0.023365;10000;10255803751;S
20240502;100910;0.023365;10000;10255803752;S
20240502;100910;0.023365;10000;10255803753;S
20240502;100910;0.023365;10000;10255803754;S
20240502;100910;0.023365;10000;10255803755;S
20240502;100910;0.023365;10000;10255803756;S
20240502;100910;0.023365;10000;10255803757;S
20240502;100910;0.023365;10000;10255803758;S
20240502;100910;0.023365;10000;10255803759;S
20240502;100910;0.023365;110000;10255803760;S
20240502;100910;0.023365;50000;10255803761;S
20240502;100910;0.023365;10000;10255803762;S
20240502;100910;0.023365;100000;10255803763;S
20240502;100910;0.023365;10000;10255803764;S
20240502;100910;0.023365;10000;10255803765;S
20240502;100910;0.023365;10000;10255803766;S
20240502;100910;0.023365;10000;10255803767;S
20240502;100910;0.023365;20000000;10255803768;S
20240502;100910;0.023365;10000;10255803769;S
20240502;100910;0.023365;10000;10255803770;S
20240502;100910;0.023365;100000;10255803771;S
20240502;100910;0.023365;10000;10255803772;S
20240502;100910;0.023365;150000;10255803773;S
20240502;100910;0.023365;10000;10255803774;S
20240502;100910;0.023365;10000;10255803775;S
20240502;100910;0.023365;10000;10255803776;S
20240502;100910;0.023365;10000;10255803777;S
20240502;100910;0.023365;10000;10255803778;S
20240502;100910;0.023365;10000;10255803779;S
20240502;100910;0.023365;10000;10255803780;S
20240502;100910;0.023365;60000;10255803781;S
20240502;100910;0.023365;20000;10255803782;S
20240502;100910;0.023365;10000;10255803783;S
20240502;100910;0.023365;10000;10255803784;S
20240502;100910;0.023365;10000;10255803785;S
20240502;100910;0.023365;10000;10255803786;S
20240502;100910;0.023365;10000;10255803787;S
20240502;100910;0.023365;10000;10255803788;S
20240502;100910;0.023365;10000;10255803789;S
20240502;100910;0.023365;10000;10255803790;S
20240502;100910;0.023365;20000;10255803791;S
20240502;100910;0.023365;10000;10255803792;S
20240502;100910;0.023365;10000;10255803793;S
20240502;100910;0.023365;10000;10255803794;S
20240502;100910;0.023365;20000;10255803795;S
20240502;100910;0.023365;10000;10255803796;S
20240502;100910;0.023365;20000;10255803797;S
20240502;100910;0.023365;20000;10255803798;S
20240502;100910;0.023365;10000;10255803799;S
20240502;100910;0.023365;20000;10255803800;S
20240502;100910;0.023365;50000;10255803801;S
20240502;100910;0.023365;10000;10255803802;S
20240502;100910;0.023365;10000;10255803803;S
20240502;100910;0.023365;10000;10255803804;S
20240502;100910;0.023365;10000;10255803805;S
20240502;100910;0.023365;34230000;10255803806;S
20240502;100910;0.023365;10000;10255803807;S
20240502;100910;0.023365;10000;10255803808;S
20240502;100910;0.023365;20000;10255803809;S
20240502;100910;0.023365;4500000;10255803810;S
20240502;100910;0.023365;20000;10255803811;S
20240502;100910;0.023365;10000;10255803812;S
20240502;100910;0.023365;40000;10255803813;S
20240502;100910;0.023365;10000;10255803814;S
20240502;100910;0.023365;40000;10255803815;S
20240502;100910;0.023365;80000;10255803816;S
20240502;100910;0.023365;80000;10255803817;S
20240502;100910;0.023365;10000;10255803818;S
20240502;100910;0.023365;50000;10255803819;S
20240502;100910;0.023365;10000;10255803820;S
20240502;100910;0.023365;110000;10255803821;S
20240502;100910;0.023365;10000;10255803822;S
20240502;100910;0.023365;100000;10255803823;S
20240502;100910;0.023365;10000;10255803824;S
20240502;100910;0.023365;100000;10255803825;S
20240502;100910;0.023365;100000;10255803826;S
20240502;100910;0.023365;20000;10255803827;S
20240502;100910;0.023365;40000;10255803828;S
20240502;100910;0.023365;10000;10255803829;S
20240502;100910;0.023365;10000;10255803830;S
20240502;100910;0.023365;10000;10255803831;S
