<DATE>;<TIME>;<LAST>;<VOL>;<ID>;<OPER>
20240411;095952;3990;1;10089539351;S
20240411;095952;3990;1;10089539352;S
20240411;095952;3990;2;10089539353;S
20240411;095952;3990;1;10089539354;S
20240411;095952;3990;1;10089539355;S
20240411;095952;3990;1;10089539356;S
20240411;095952;3990;1;10089539357;S
20240411;095952;3990;2;10089539358;S
20240411;095952;3990;1;10089539359;S
20240411;095952;3990;2;10089539360;S
20240411;095952;3990;1;10089539361;B
20240411;095952;3990;1;10089539362;B
20240411;095952;3990;2;10089539363;B
20240411;095952;3990;1;10089539364;B
20240411;095952;3990;1;10089539365;B
20240411;095952;3990;2;10089539366;B
20240411;095952;3990;10;10089539367;B
20240411;095952;3990;2;10089539368;B
20240411;095952;3990;2;10089539369;B
20240411;095952;3990;1;10089539370;B
20240411;095952;3990;1;10089539371;B
20240411;095952;3990;1;10089539372;B
20240411;095952;3990;1;10089539373;B
20240411;095952;3990;30;10089539374;B
20240411;095952;3990;1;10089539375;B
20240411;095952;3990;1;10089539376;B
20240411;095952;3990;1;10089539377;B
20240411;095952;3990;1;10089539378;B
20240411;095952;3990;1;10089539379;B
20240411;095952;3990;1;10089539380;B
20240411;095952;3990;6;10089539381;B
20240411;095952;3990;10;10089539382;B
20240411;095952;3990;1;10089539383;B
20240411;095952;3990;2;10089539384;B
20240411;095952;3990;1;10089539385;B
20240411;095952;3990;1;10089539386;B
20240411;095952;3990;2;10089539387;B
20240411;095952;3990;2;10089539388;B
20240411;095952;3990;1;10089539389;B
20240411;095952;3990;1;10089539390;B
20240411;095952;3990;13;10089539391;B
20240411;095952;3990;1;10089539392;B
20240411;095952;3990;9;10089539393;B
20240411;095952;3990;2;10089539394;B
20240411;095952;3990;16;10089539395;S
20240411;095952;3990;2;10089539396;S
20240411;095952;3990;1;10089539397;S
20240411;095952;3990;5;10089539398;S
20240411;095952;3990;14;10089539399;S
20240411;095952;3990;3;10089539400;S
20240411;095952;3990;1;10089539401;S
20240411;095952;3990;1;10089539402;S
20240411;095952;3990;75;10089539403;S
20240411;095952;3990;1;10089539404;S
20240411;095952;3990;1;10089539405;S
20240411;095952;3990;1;10089539406;S
20240411;095952;3990;1;10089539407;S
20240411;095952;3990;1;10089539408;S
20240411;095952;3990;9;10089539409;S
20240411;095952;3990;5;10089539410;S
20240411;095952;3990;1;10089539411;S
20240411;095952;3990;1;10089539412;S
20240411;095952;3990;1;10089539413;S
20240411;095952;3990;1;10089539414;S
20240411;095952;3990;30;10089539415;S
20240411;095952;3990;3;10089539416;S
20240411;095952;3990;1;10089539417;B
20240411;095952;3990;4;10089539418;B
20240411;095952;3990;2;10089539419;B
20240411;095952;3990;1;10089539420;B
20240411;095952;3990;1;10089539421;S
20240411;095952;3990;1;10089539422;B
20240411;095952;3990;5;10089539423;B
20240411;095952;3990;1;10089539424;B
20240411;095952;3990;1;10089539425;B
20240411;095952;3990;1;10089539426;B
20240411;095952;3990;1;10089539427;B
20240411;095952;3990;1;10089539428;B
20240411;095952;3990;3;10089539429;B
20240411;095952;3990;3;10089539430;B
20240411;095952;3990;1;10089539431;B
20240411;095952;3990;1;10089539432;B
20240411;095952;3990;1;10089539433;B
20240411;095952;3990;3;10089539434;B
20240411;095952;3990;4;10089539435;B
20240411;095952;3990;5;10089539436;B
20240411;095952;3990;14;10089539437;B
20240411;100000;3989;1;10089541388;S
20240411;100000;3985.8;13;10089541574;S
20240411;100000;3985.8;1;10089541575;S
20240411;100000;3982.2;12;10089541723;S
20240411;100000;3985.8;1;10089542000;B
20240411;100001;3984;15;10089542541;B
20240411;100002;3984.8;10;10089542846;B
20240411;100002;3984.8;4;10089543014;B
20240411;100002;3985;1;10089543198;B
20240411;100002;3985.8;39;10089543199;B
20240411;100002;3987.2;2;10089543211;S
20240411;100002;3986;48;10089543212;B
20240411;100002;3989;4;10089543467;B
20240411;100002;3985.2;1;10089543500;S
20240411;100004;3986.2;1;10089544476;S
20240411;100004;3986.2;1;10089544477;S
20240411;100005;3987.2;1;10089545516;B
20240411;100005;3987.2;1;10089545518;B
20240411;100005;3986;1;10089545527;S
20240411;100005;3987.2;1;10089545530;B
20240411;100005;3987.2;20;10089545705;B
20240411;100005;3986.8;1;10089546006;B
20240411;100006;3986.2;2;10089546397;S
20240411;100006;3986;1;10089547023;S
20240411;100006;3986;10;10089547273;S
20240411;100006;3986;3;10089547602;S
20240411;100006;3986;2;10089547851;S
20240411;100006;3987;1;10089547856;B
20240411;100007;3986;2;10089548796;S
20240411;100007;3987.6;1;10089548813;B
20240411;100007;3986;9;10089549037;S
20240411;100007;3987.4;1;10089549097;B
20240411;100007;3987.4;1;10089549461;B
20240411;100008;3986;3;10089550025;S
20240411;100008;3987.4;5;10089550062;B
20240411;100009;3986.4;1;10089550707;S
20240411;100010;3988;2;10089551115;B
20240411;100010;3988.2;2;10089551116;B
20240411;100010;3988.2;18;10089551117;B
20240411;100010;3988.2;1;10089551118;B
20240411;100010;3986.6;1;10089551177;S
20240411;100010;3986.6;6;10089551261;S
20240411;100010;3988.8;1;10089551367;B
20240411;100011;3988.8;12;10089551449;B
20240411;100011;3988.8;45;10089551512;B
20240411;100011;3989;1;10089551609;B
20240411;100011;3989.6;1;10089551632;B
20240411;100011;3989.8;17;10089551670;B
20240411;100011;3988.8;68;10089551706;S
20240411;100011;3988.6;474;10089551707;S
20240411;100011;3988.4;2;10089551708;S
20240411;100011;3987.8;16;10089551709;S
20240411;100011;3987.6;28;10089551710;S
20240411;100011;3988;1;10089551764;B
20240411;100011;3987.2;2;10089551881;B
20240411;100011;3987.2;2;10089551911;B
20240411;100012;3987.2;50;10089552099;B
20240411;100012;3987.2;2;10089552201;B
20240411;100013;3986;4;10089552515;S
20240411;100017;3986.8;1;10089553632;B
20240411;100017;3987.2;49;10089553633;B
20240411;100017;3986;3;10089553639;S
20240411;100017;3986;3;10089553640;S
20240411;100017;3985.8;48;10089553641;S
20240411;100018;3986.2;68;10089553891;S
20240411;100018;3985.8;32;10089553892;S
20240411;100020;3985.6;48;10089554711;S
20240411;100020;3985.2;4;10089554712;S
20240411;100020;3985;2;10089554713;S
20240411;100022;3985.6;10;10089555214;B
20240411;100022;3986;40;10089555215;B
20240411;100022;3984;1;10089555252;S
20240411;100022;3984;68;10089555253;S
20240411;100022;3984;31;10089555254;S
20240411;100022;3984.4;68;10089555256;S
20240411;100022;3984;44;10089555257;B
20240411;100022;3984.2;32;10089555258;B
20240411;100022;3985.2;2;10089555259;B
20240411;100022;3986;10;10089555260;B
20240411;100022;3986.6;2;10089555284;B
20240411;100022;3986.6;1;10089555285;B
20240411;100022;3986.8;4;10089555524;B
20240411;100022;3986.8;37;10089555525;B
20240411;100027;3983.8;2;10089556749;S
20240411;100027;3983.6;48;10089556750;S
20240411;100027;3983.2;1;10089556966;S
20240411;100027;3983.2;1;10089557042;S
20240411;100027;3983;2;10089557043;S
20240411;100028;3983.2;50;10089557324;S
20240411;100028;3983;50;10089557325;S
20240411;100029;3983;50;10089557332;S
20240411;100029;3982.8;2;10089557333;S
20240411;100029;3982.8;48;10089557334;S
20240411;100029;3983;68;10089557335;S
20240411;100029;3983;2;10089557470;B
20240411;100030;3982.8;2;10089557648;S
20240411;100031;3982.8;48;10089558443;S
20240411;100031;3982.8;50;10089558444;S
20240411;100031;3982.8;76;10089558445;S
20240411;100031;3982.8;20;10089558446;S
20240411;100031;3982.8;30;10089558447;S
20240411;100031;3982.8;26;10089558448;S
20240411;100031;3982.8;24;10089558449;S
20240411;100031;3982.8;50;10089558450;S
20240411;100031;3982;1;10089558452;S
20240411;100031;3982;7;10089558453;S
20240411;100031;3982;50;10089558454;S
20240411;100031;3981.6;199;10089558455;S
20240411;100031;3981.6;1;10089558456;S
20240411;100031;3981.6;2;10089558457;S
20240411;100032;3981.8;1;10089558628;S
20240411;100032;3981.6;49;10089558629;S
20240411;100034;3981.4;2;10089559537;S
20240411;100035;3981.4;19;10089559857;S
20240411;100036;3982.4;1;10089560504;B
20240411;100036;3981.2;2;10089560551;S
20240411;100039;3980.4;58;10089561210;S
20240411;100039;3980.2;10;10089561211;S
20240411;100039;3980.2;20;10089561212;S
20240411;100039;3980;3;10089561213;S
20240411;100039;3980;1;10089561214;S
20240411;100039;3980;5;10089561215;S
20240411;100039;3980;6;10089561216;S
20240411;100039;3980;4;10089561217;S
20240411;100039;3980;2;10089561218;S
20240411;100039;3980;71;10089561219;S
20240411;100039;3980;9;10089561220;S
20240411;100039;3980;1;10089561221;S
20240411;100039;3980;3;10089561222;S
20240411;100039;3980;1;10089561223;S
20240411;100039;3980;1;10089561224;S
20240411;100039;3980;5;10089561225;S
20240411;100041;3981.4;39;10089561770;B
20240411;100041;3981.6;3;10089561771;B
20240411;100041;3981.6;50;10089561772;B
20240411;100041;3982.6;10;10089561773;B
20240411;100041;3982.6;76;10089561774;B
20240411;100041;3982.8;50;10089561775;B
20240411;100041;3983;30;10089561776;B
20240411;100041;3983;100;10089561777;S
20240411;100041;3983;100;10089561783;S
20240411;100041;3983;100;10089561820;S
20240411;100041;3983;100;10089561830;S
20240411;100041;3983;27;10089561844;S
20240411;100041;3980.2;50;10089561845;B
20240411;100041;3980.2;50;10089561846;B
20240411;100041;3980.2;3;10089561847;S
20240411;100041;3980;97;10089561848;S
20240411;100041;3980;98;10089561851;S
20240411;100041;3980;1;10089561852;S
20240411;100041;3980;1;10089561853;S
20240411;100042;3980;5;10089562023;S
20240411;100044;3980.2;76;10089562889;S
20240411;100044;3980.2;24;10089562890;S
20240411;100044;3981.4;1;10089562894;B
20240411;100044;3981.6;3;10089562895;B
20240411;100044;3981.8;1;10089562897;B
20240411;100044;3982;50;10089562898;B
20240411;100044;3982.6;2;10089562899;B
20240411;100045;3983.4;1;10089562997;B
20240411;100047;3983.6;55;10089563670;B
20240411;100047;3984.2;39;10089563671;B
20240411;100047;3985;2;10089563672;B
20240411;100047;3986.2;54;10089563673;B
20240411;100048;3985.2;2;10089564083;S
20240411;100050;3985.6;29;10089564418;B
20240411;100050;3985.6;10;10089564537;B
20240411;100050;3985.8;10;10089564538;B
20240411;100051;3985.6;1;10089564954;B
20240411;100051;3985.8;5;10089564988;B
20240411;100052;3985.4;4;10089565008;S
20240411;100052;3985.4;2;10089565136;S
20240411;100054;3985.4;7;10089565668;S
20240411;100055;3985.8;1;10089565730;B
20240411;100056;3985.4;1;10089566029;S
20240411;100100;3985.6;1;10089567243;S
20240411;100103;3985.8;1;10089567810;B
20240411;100110;3985.2;21;10089569626;S
20240411;100110;3985.2;19;10089569627;S
20240411;100110;3985.2;1;10089569628;S
20240411;100110;3985.2;76;10089569629;S
20240411;100111;3985;337;10089569741;S
20240411;100111;3985;263;10089569742;S
20240411;100111;3983;1;10089569747;S
20240411;100116;3981.2;1;10089571021;S
20240411;100117;3981.2;3;10089571191;S
20240411;100117;3980.4;3;10089571192;S
20240411;100127;3980.6;1;10089573090;S
20240411;100127;3980.6;34;10089573091;S
20240411;100128;3980.6;6;10089573433;S
20240411;100138;3982.4;1;10089575373;B
20240411;100138;3982.6;1;10089575374;B
20240411;100138;3982.8;2;10089575375;B
20240411;100138;3983;11;10089575376;B
20240411;100138;3983.2;35;10089575377;B
20240411;100141;3981.6;1;10089575956;S
20240411;100150;3982;10;10089578021;S
20240411;100152;3981.2;1;10089578422;S
20240411;100155;3982.6;1;10089578962;B
20240411;100155;3982.8;9;10089578963;B
20240411;100212;3981.2;2;10089582124;S
20240411;100212;3981.2;4;10089582125;S
20240411;100213;3981;10;10089582689;S
20240411;100213;3980.8;2;10089582690;S
20240411;100223;3981.2;4;10089585274;S
20240411;100223;3981.2;1;10089585275;S
20240411;100223;3981;11;10089585276;S
20240411;100223;3980.8;105;10089585277;S
20240411;100224;3982.4;1;10089585444;B
20240411;100224;3980.8;1;10089585486;S
20240411;100231;3981.6;11;10089587066;S
20240411;100231;3981.4;61;10089587067;S
20240411;100231;3981.2;1;10089587068;S
20240411;100231;3981;150;10089587069;S
20240411;100231;3981;5;10089587070;S
20240411;100231;3980.8;75;10089587071;S
20240411;100231;3980.8;50;10089587072;S
20240411;100231;3980.4;40;10089587073;S
20240411;100231;3980.2;1;10089587074;S
20240411;100231;3980.2;76;10089587075;S
20240411;100231;3980;5;10089587076;S
20240411;100231;3980;2;10089587077;S
20240411;100231;3980;5;10089587078;S
20240411;100231;3980;2;10089587079;S
20240411;100231;3980;1;10089587080;S
20240411;100231;3980;17;10089587081;S
20240411;100231;3980;50;10089587082;S
20240411;100231;3979.8;100;10089587083;S
20240411;100231;3979;1;10089587147;S
20240411;100233;3979;38;10089587629;S
20240411;100235;3978.8;2;10089588242;S
20240411;100235;3978;3;10089588243;S
20240411;100237;3978;1;10089588812;S
20240411;100239;3977.6;1;10089589274;B
20240411;100244;3977.4;10;10089590433;S
20240411;100246;3977.4;2;10089590640;S
20240411;100246;3977.4;1;10089590752;S
20240411;100258;3977.4;26;10089593261;S
20240411;100259;3977.4;10;10089593461;B
20240411;100303;3977.4;3;10089594522;B
20240411;100307;3977.6;39;10089595714;B
20240411;100307;3977.6;100;10089595715;B
20240411;100307;3978;4;10089595717;B
20240411;100311;3979.2;5;10089596571;B
20240411;100315;3978.8;5;10089597588;S
20240411;100318;3979.6;40;10089598719;B
20240411;100318;3979.8;2;10089598720;B
20240411;100318;3979.8;11;10089598721;B
20240411;100318;3980;47;10089598722;B
20240411;100320;3979.2;11;10089599168;S
20240411;100320;3979;16;10089599169;S
20240411;100321;3978.6;1;10089599355;S
20240411;100324;3979.2;1;10089600387;S
20240411;100343;3979.6;20;10089605187;S
20240411;100343;3979.6;10;10089605188;S
20240411;100348;3979.6;1;10089606732;S
20240411;100348;3979.6;39;10089606733;S
20240411;100349;3979.4;40;10089606755;B
20240411;100349;3979.6;43;10089606756;B
20240411;100349;3979.6;11;10089606757;B
20240411;100349;3980;156;10089606758;B
20240411;100351;3980;2;10089607678;B
20240411;100351;3979.6;4;10089607708;S
20240411;100352;3979.4;1;10089607851;S
20240411;100357;3979.8;12;10089608961;S
20240411;100357;3979.8;1;10089608962;S
20240411;100408;3979.8;1;10089611721;S
20240411;100418;3980;1243;10089614273;B
20240411;100418;3980;570;10089614274;B
20240411;100418;3980;5;10089614275;B
20240411;100418;3980;5;10089614276;B
20240411;100418;3979.8;38;10089614277;S
20240411;100418;3979.8;10;10089614278;S
20240411;100418;3979.8;52;10089614279;S
20240411;100418;3980.6;4;10089614280;B
20240411;100418;3980;40;10089614281;S
20240411;100418;3980;50;10089614282;S
20240411;100418;3980;10;10089614283;S
20240411;100418;3981.2;40;10089614284;S
20240411;100418;3980.2;39;10089614285;S
20240411;100418;3980.2;21;10089614286;S
20240411;100418;3981.6;50;10089614288;S
20240411;100418;3981.6;14;10089614289;S
20240411;100418;3981.4;36;10089614290;S
20240411;100418;3981.8;68;10089614291;S
20240411;100418;3981.6;32;10089614292;S
20240411;100418;3982.6;16;10089614293;B
20240411;100418;3982.2;50;10089614295;S
20240411;100418;3982.2;39;10089614296;S
20240411;100418;3982;11;10089614297;S
20240411;100418;3982.2;39;10089614300;S
20240411;100419;3982.2;4;10089614511;B
20240411;100419;3982.2;57;10089614530;B
20240411;100419;3982.4;13;10089614531;B
20240411;100419;3983;10;10089614532;B
20240411;100419;3983;4;10089614533;B
20240411;100419;3983.2;16;10089614534;B
20240411;100419;3981.8;40;10089614535;S
20240411;100419;3981.6;13;10089614536;S
20240411;100419;3981.6;47;10089614537;S
20240411;100420;3983.2;1;10089615049;B
20240411;100426;3983.2;1;10089617363;B
20240411;100426;3983.2;1;10089617364;B
20240411;100426;3983.2;81;10089617365;B
20240411;100426;3983.2;2;10089617366;B
20240411;100427;3984;25;10089617687;B
20240411;100427;3985.4;1;10089617688;B
20240411;100427;3985.4;1;10089617689;B
20240411;100427;3987;20;10089617852;B
20240411;100427;3987.2;13;10089617853;B
20240411;100427;3988.2;2;10089617854;B
20240411;100427;3988.8;5;10089617855;B
20240411;100427;3989.2;39;10089617856;B
20240411;100427;3989.8;11;10089617857;B
20240411;100428;3990;86;10089618105;B
20240411;100428;3990;4;10089618106;B
20240411;100428;3990;5;10089618107;B
20240411;100428;3990;13;10089618108;B
20240411;100428;3990;1;10089618109;B
20240411;100428;3990;5;10089618110;B
20240411;100428;3990.2;13;10089618111;B
20240411;100428;3990.4;3;10089618112;B
20240411;100429;3992;24;10089618276;B
20240411;100429;3992;1;10089618277;B
20240411;100429;3992;4;10089618278;B
20240411;100429;3992.2;13;10089618279;B
20240411;100429;3992.6;4;10089618280;B
20240411;100429;3992.6;54;10089618281;B
20240411;100429;3991.8;40;10089618419;S
20240411;100429;3991.4;13;10089618420;S
20240411;100429;3991.2;5;10089618421;S
20240411;100429;3991;68;10089618422;S
20240411;100429;3991;55;10089618423;S
20240411;100429;3991.4;18;10089618433;S
20240411;100432;3991;1;10089619210;S
20240411;100435;3991.4;4;10089619727;B
20240411;100435;3991.6;1;10089619728;B
20240411;100435;3991.6;13;10089619729;B
20240411;100435;3991.8;4;10089619730;B
20240411;100435;3991.8;39;10089619731;B
20240411;100435;3992;1;10089619732;B
20240411;100435;3992;3;10089619733;B
20240411;100435;3992;8;10089619734;B
20240411;100435;3992.6;3;10089619735;B
20240411;100435;3992.8;5;10089619736;B
20240411;100435;3992.8;40;10089619737;B
20240411;100435;3993;1;10089619738;B
20240411;100435;3993;50;10089619739;B
20240411;100435;3993.6;1;10089619740;B
20240411;100435;3993.6;1;10089619741;B
20240411;100435;3993.6;3;10089619742;B
20240411;100435;3993.6;123;10089619743;B
20240411;100435;3993.2;5;10089619841;B
20240411;100435;3993.4;39;10089619842;B
20240411;100435;3993.6;13;10089619843;B
20240411;100435;3994;239;10089619844;S
20240411;100435;3994;204;10089619845;S
20240411;100435;3994.2;76;10089619846;S
20240411;100436;3994.2;1;10089620008;S
20240411;100437;3994;14;10089620159;B
20240411;100437;3993.2;5;10089620199;S
20240411;100437;3993;5;10089620200;S
20240411;100437;3993;3;10089620201;S
20240411;100437;3993;45;10089620202;S
20240411;100438;3992.6;4;10089620357;S
20240411;100438;3993.4;2;10089620417;B
20240411;100440;3991.2;3;10089620788;S
20240411;100443;3992.4;1;10089621306;B
20240411;100443;3993;3;10089621307;B
20240411;100443;3993.4;11;10089621308;B
20240411;100445;3992.4;1;10089621811;S
20240411;100448;3993.8;1;10089622347;B
20240411;100449;3993.8;38;10089622523;B
20240411;100449;3993.8;12;10089622524;B
20240411;100451;3993.8;4;10089622795;B
20240411;100452;3994;86;10089623122;B
20240411;100452;3994.2;13;10089623123;B
20240411;100453;3994.6;76;10089623441;S
20240411;100453;3994.6;76;10089623442;S
20240411;100453;3994.6;25;10089623556;S
20240411;100454;3994.4;15;10089623820;B
20240411;100456;3992.8;4;10089624040;S
20240411;100458;3993.8;10;10089624434;B
20240411;100458;3994.4;7;10089624435;B
20240411;100501;3994.4;5;10089625204;B
20240411;100501;3994.4;13;10089625205;B
20240411;100501;3994.6;39;10089625206;B
20240411;100501;3995;22;10089625207;B
20240411;100501;3994.2;1;10089625319;B
20240411;100502;3994.8;20;10089625533;S
20240411;100502;3994.6;1;10089625570;S
20240411;100502;3994;10;10089625678;S
20240411;100502;3993.6;5;10089625679;S
20240411;100502;3993;1;10089625680;S
20240411;100502;3993;68;10089625681;S
20240411;100503;3992.4;2;10089626112;S
20240411;100504;3992.4;3;10089626322;S
20240411;100506;3992.4;500;10089627144;S
20240411;100506;3992.2;200;10089627145;S
20240411;100506;3992;1;10089627146;S
20240411;100506;3992;130;10089627147;S
20240411;100506;3990.6;2;10089627203;B
20240411;100508;3991;1;10089627749;B
20240411;100509;3991;1;10089628034;B
20240411;100509;3991;50;10089628041;B
20240411;100510;3988.8;14;10089628379;S
20240411;100520;3990.6;2;10089631074;B
20240411;100520;3990.4;5;10089631118;S
20240411;100521;3990;1;10089631262;S
20240411;100521;3990;1;10089631288;S
20240411;100521;3989.6;3;10089631289;S
20240411;100523;3988.6;2;10089631594;S
20240411;100523;3988.6;1;10089631595;S
20240411;100525;3987.8;1;10089631927;S
20240411;100526;3988.6;39;10089632142;S
20240411;100526;3988.6;12;10089632143;S
20240411;100527;3988;50;10089632301;B
20240411;100529;3990;2;10089633173;B
20240411;100529;3990.8;5;10089633174;B
20240411;100529;3990.8;12;10089633175;B
20240411;100529;3991;1;10089633176;B
20240411;100529;3991;4;10089633177;B
20240411;100529;3990;12;10089633669;S
20240411;100529;3989.8;18;10089633670;S
20240411;100530;3990.6;3;10089633708;B
20240411;100535;3990;110;10089635302;S
20240411;100547;3989.6;10;10089637823;B
20240411;100548;3989.6;1;10089638021;B
20240411;100548;3990;59;10089638022;B
20240411;100554;3989.6;1;10089639851;B
20240411;100555;3989.6;1;10089640109;B
20240411;100602;3989.8;3;10089641641;B
20240411;100602;3988.6;5;10089641698;S
20240411;100602;3988.6;45;10089641699;S
20240411;100605;3988;2;10089642591;S
20240411;100605;3987.8;48;10089642592;S
20240411;100608;3988.4;24;10089643388;B
20240411;100609;3987.6;3;10089643634;S
20240411;100613;3986.6;22;10089644502;S
20240411;100614;3988;5;10089644663;B
20240411;100614;3988.4;15;10089644664;B
20240411;100620;3986.6;5;10089646392;S
20240411;100634;3987;8;10089649473;S
20240411;100634;3986.8;84;10089649474;S
20240411;100634;3986.8;4;10089649475;S
20240411;100634;3986.8;70;10089649476;S
20240411;100643;3986.8;1;10089651127;B
20240411;100652;3986.8;2;10089652945;S
20240411;100652;3986.8;6;10089652946;S
20240411;100652;3986.6;192;10089652947;S
20240411;100656;3986.4;1;10089653659;S
20240411;100656;3986.2;1;10089653660;S
20240411;100656;3986.2;198;10089653661;S
20240411;100656;3986.2;2;10089653662;S
20240411;100656;3986.2;2;10089653663;S
20240411;100656;3986.2;2;10089653664;S
20240411;100656;3986.2;2;10089653665;S
20240411;100656;3986.2;2;10089653666;S
20240411;100656;3986.2;2;10089653667;S
20240411;100656;3986.2;2;10089653668;S
20240411;100656;3986.2;196;10089653669;S
20240411;100656;3986.2;192;10089653670;S
20240411;100656;3986.2;190;10089653671;S
20240411;100656;3986.2;190;10089653672;S
20240411;100656;3986.2;188;10089653673;S
20240411;100656;3986.2;188;10089653674;S
20240411;100656;3986.2;101;10089653675;S
20240411;100656;3986.2;192;10089653676;S
20240411;100656;3986.2;200;10089653677;S
20240411;100656;3986.2;48;10089653678;S
20240411;100656;3986.2;10;10089653679;S
20240411;100656;3986.2;8;10089653680;S
20240411;100656;3986.2;20;10089653681;S
20240411;100656;3986.2;20;10089653682;S
20240411;100656;3986.2;32;10089653683;S
20240411;100656;3986.2;93;10089653684;S
20240411;100656;3986.2;44;10089653685;S
20240411;100656;3986.2;44;10089653686;S
20240411;100656;3986.2;143;10089653687;S
20240411;100656;3986.2;151;10089653688;S
20240411;100656;3986.2;50;10089653689;S
20240411;100656;3985;3;10089653690;S
20240411;100701;3985;5;10089654801;S
20240411;100701;3985;6;10089654888;S
20240411;100701;3985;7;10089654889;S
20240411;100702;3985;5;10089655435;B
20240411;100707;3986;1;10089656513;B
20240411;100713;3985.2;35;10089657857;S
20240411;100715;3986;2;10089658394;B
20240411;100716;3985.2;3;10089658430;S
20240411;100717;3985.2;14;10089658559;S
20240411;100719;3985.2;25;10089659002;S
20240411;100719;3985.2;24;10089659003;S
20240411;100719;3985;45;10089659060;S
20240411;100719;3985;7;10089659061;S
20240411;100719;3985;39;10089659062;S
20240411;100719;3985;3;10089659063;S
20240411;100728;3985;1;10089660869;B
20240411;100735;3984.6;1;10089662107;S
20240411;100735;3984.6;7;10089662108;S
20240411;100735;3984.4;126;10089662109;S
20240411;100739;3983;1;10089663028;S
20240411;100739;3983;3;10089663029;S
20240411;100750;3983.4;1;10089665095;B
20240411;100800;3983.8;24;10089667650;S
20240411;100805;3984.6;2;10089668994;B
20240411;100814;3984.2;1;10089671097;S
20240411;100814;3984.2;1;10089671098;S
20240411;100814;3983.4;6;10089671135;S
20240411;100814;3983.2;194;10089671136;S
20240411;100820;3984.2;68;10089672384;B
20240411;100820;3984.4;4;10089672385;B
20240411;100820;3984.4;76;10089672386;B
20240411;100820;3984.6;31;10089672387;B
20240411;100820;3984.6;19;10089672388;B
20240411;100820;3984.6;52;10089672389;B
20240411;100820;3984.6;30;10089672390;B
20240411;100820;3985;40;10089672391;B
20240411;100820;3985.2;39;10089672392;B
20240411;100820;3986;12;10089672393;S
20240411;100820;3986;59;10089672394;S
20240411;100838;3984.4;3;10089676351;S
20240411;100850;3984.6;50;10089689158;B
20240411;100850;3984.6;5;10089689159;B
20240411;100850;3984.6;1;10089689160;B
20240411;100851;3984.6;2;10089690182;S
20240411;100851;3984.6;2;10089690183;S
20240411;100851;3986.2;1;10089690440;B
20240411;100853;3984.6;1;10089692301;S
20240411;100855;3984.6;2;10089694366;S
20240411;100855;3984.6;7;10089694367;S
20240411;100855;3984.4;7;10089694368;S
20240411;100855;3984.4;1;10089694369;S
20240411;100855;3984.4;10;10089694370;S
20240411;100918;3985.2;1;10089718050;S
20240411;100920;3985.2;1;10089719709;S
20240411;100923;3985.2;8;10089722773;S
20240411;100923;3985.2;2;10089722774;S
20240411;100936;3985;105;10089733337;B
20240411;100937;3985.2;3;10089734970;B
20240411;100938;3985;40;10089735649;S
20240411;100939;3985;115;10089736494;S
20240411;100939;3984.8;35;10089736495;S
20240411;100940;3985.4;1;10089737612;B
20240411;100942;3985.6;1;10089739027;B
20240411;100959;3985.8;1;10089754631;S
20240411;100959;3985.8;7;10089754632;S
20240411;100959;3985.6;16;10089754633;S
20240411;101002;3986;1;10089756695;B
20240411;101005;3985.2;1;10089759238;S
20240411;101014;3986.2;1;10089767608;B
20240411;101022;3985.8;76;10089775423;S
20240411;101022;3985.6;4;10089775424;S
20240411;101022;3985.6;7;10089775425;S
20240411;101022;3985.6;68;10089775426;S
20240411;101022;3985.4;2000;10089775427;S
20240411;101022;3985;15;10089775428;S
20240411;101022;3985;25;10089775429;S
20240411;101022;3985;6;10089775430;S
20240411;101023;3984.8;1;10089777374;B
20240411;101033;3984.6;15;10089786546;B
20240411;101034;3984.4;1;10089788031;S
20240411;101034;3984.8;6;10089788430;B
20240411;101036;3984.4;4;10089790349;S
20240411;101045;3984.4;3;10089799116;S
20240411;101045;3984.4;18;10089799179;S
20240411;101045;3984.4;5;10089799180;S
20240411;101045;3984.4;27;10089799181;S
20240411;101046;3984.4;33;10089799697;S
20240411;101046;3984.4;3;10089799698;S
20240411;101046;3984;1;10089799702;S
20240411;101046;3984;3;10089799703;S
20240411;101046;3983.8;7;10089799711;B
20240411;101046;3983.8;53;10089799712;B
20240411;101047;3983;1;10089801742;S
20240411;101052;3983;1;10089806289;S
20240411;101052;3983.6;1;10089806528;B
20240411;101058;3983.8;2;10089812023;B
20240411;101106;3983.6;10;10089819928;S
20240411;101108;3983.6;7;10089821971;B
20240411;101108;3983.6;76;10089821972;B
20240411;101108;3983.8;40;10089821973;B
20240411;101108;3984;47;10089821974;B
20240411;101113;3983.6;1;10089827025;B
20240411;101116;3983.4;7;10089830376;B
20240411;101116;3983.6;3;10089830377;B
20240411;101116;3983.8;14;10089830378;B
20240411;101124;3983;1;10089839211;S
20240411;101134;3983.2;1;10089849446;B
20240411;101136;3983;51;10089851140;S
20240411;101136;3983;10;10089851141;S
20240411;101136;3983;1;10089851142;S
20240411;101136;3983;2;10089851143;S
20240411;101136;3983;75;10089851144;S
20240411;101136;3982.8;2;10089851145;S
20240411;101139;3982.2;4;10089854481;S
20240411;101139;3982.2;3;10089854482;S
20240411;101139;3982;8;10089854483;S
20240411;101149;3982.4;1;10089865666;S
20240411;101149;3982.2;7;10089865667;S
20240411;101149;3982;2;10089865668;S
20240411;101152;3982.8;1;10089868333;B
20240411;101157;3983;1;10089873924;B
20240411;101158;3983;10;10089874687;B
20240411;101203;3983;2;10089879709;B
20240411;101216;3982.8;2;10089892881;S
20240411;101216;3982.2;9;10089892882;S
20240411;101216;3982.2;76;10089892883;S
20240411;101216;3982;113;10089892884;S
20240411;101235;3982;58;10089908742;S
20240411;101235;3982;5;10089908743;S
20240411;101235;3982;2;10089908744;S
20240411;101235;3982;20;10089908745;S
20240411;101235;3982;1;10089908746;S
20240411;101235;3982;1;10089908747;S
20240411;101235;3982;30;10089908748;S
20240411;101246;3981.8;2;10089918578;S
20240411;101246;3981.4;1;10089918579;S
20240411;101257;3981;10;10089927911;S
20240411;101257;3981;10;10089927912;S
20240411;101258;3980.6;11;10089929254;B
20240411;101300;3980.4;9;10089930436;S
20240411;101300;3980.2;1;10089930437;S
20240411;101300;3980;240;10089930438;S
20240411;101300;3980;10;10089930439;S
20240411;101300;3980;3;10089930440;S
20240411;101300;3980;1;10089930441;S
20240411;101300;3980;4;10089930442;S
20240411;101300;3980;1;10089930443;S
20240411;101300;3980;1;10089930444;S
20240411;101300;3980;1;10089930445;S
20240411;101300;3980;2;10089930887;B
20240411;101301;3980.2;40;10089931654;B
20240411;101301;3980.4;9;10089931655;B
20240411;101306;3981;3;10089936767;B
20240411;101307;3981;4;10089937399;B
20240411;101311;3980.8;9;10089941016;S
20240411;101311;3980.8;11;10089941017;S
20240411;101314;3981;1;10089944603;B
20240411;101314;3980.8;40;10089944650;S
20240411;101314;3980.8;50;10089944651;S
20240411;101314;3980.8;14;10089944652;S
20240411;101314;3980.6;179;10089944653;S
20240411;101316;3980.8;2;10089946946;S
20240411;101332;3980.8;2;10089961647;S
20240411;101332;3980.8;49;10089961648;S
20240411;101332;3980.6;5;10089961649;S
20240411;101332;3980.6;9;10089961650;S
20240411;101332;3980.6;1;10089961651;S
20240411;101332;3980.6;34;10089961652;S
20240411;101332;3980.4;48;10089961811;S
20240411;101335;3980.8;1;10089964619;S
20240411;101339;3980.4;24;10089968417;S
20240411;101345;3980.4;100;10089975086;S
20240411;101348;3980.4;100;10089977830;S
20240411;101348;3980.4;100;10089977903;S
20240411;101351;3980.4;100;10089981359;S
20240411;101351;3980.4;179;10089981360;S
20240411;101351;3980.4;1;10089981361;S
20240411;101351;3980;2;10089981362;S
20240411;101351;3980;2;10089981363;S
20240411;101351;3979.8;1;10089981364;S
20240411;101351;3979.6;1;10089981365;S
20240411;101351;3979.6;19;10089981366;S
20240411;101351;3979.2;2;10089981367;S
20240411;101351;3979.2;8;10089981368;S
20240411;101351;3979;5;10089981369;S
20240411;101351;3979;1;10089981370;S
20240411;101351;3979;10;10089981371;S
20240411;101352;3978.2;1;10089981433;B
20240411;101412;3978.2;1;10090002562;B
20240411;101418;3978;10;10090008594;S
20240411;101418;3978;1;10090008595;S
20240411;101418;3978;39;10090008596;S
20240411;101418;3978;5;10090008597;S
20240411;101418;3977.4;44;10090008598;S
20240411;101423;3977.8;5;10090014199;B
20240411;101423;3977.8;1;10090014200;B
20240411;101433;3977.8;2;10090024395;B
20240411;101434;3977.6;2;10090025424;S
20240411;101436;3977.6;200;10090027387;S
20240411;101437;3977.8;1;10090028619;B
20240411;101441;3977.6;9;10090032873;S
20240411;101449;3977.8;1;10090041248;B
20240411;101459;3977.8;1;10090050992;B
20240411;101508;3977.8;9;10090059025;S
20240411;101508;3977.8;7;10090059026;S
20240411;101518;3978;5;10090067741;B
20240411;101518;3978;7;10090067742;B
20240411;101518;3978;1;10090067855;B
20240411;101518;3978;17;10090067899;B
20240411;101518;3978.2;93;10090067900;B
20240411;101518;3978.2;5;10090067901;B
20240411;101518;3978.8;1;10090067902;B
20240411;101518;3979.8;40;10090067903;B
20240411;101518;3979.8;100;10090067904;B
20240411;101518;3980;44;10090067905;B
20240411;101519;3980;2;10090069247;B
20240411;101522;3979.6;1;10090071310;S
20240411;101522;3980;150;10090071796;B
20240411;101522;3980;21;10090071797;B
20240411;101522;3980;10;10090071798;B
20240411;101522;3980;52;10090071799;B
20240411;101526;3979.6;17;10090074892;S
20240411;101527;3980;5;10090076148;B
20240411;101531;3979.8;1;10090078823;S
20240411;101531;3979.8;1;10090078824;S
20240411;101533;3980;1;10090080706;B
20240411;101535;3980;1;10090082394;B
20240411;101536;3980;1;10090083993;B
20240411;101538;3979.8;4;10090085044;S
20240411;101538;3980;1098;10090085522;B
20240411;101538;3980;3;10090085523;B
20240411;101538;3980;22;10090085524;B
20240411;101538;3980;40;10090085525;B
20240411;101538;3980;5;10090085526;B
20240411;101546;3979.8;10;10090092633;S
20240411;101548;3979.8;1;10090094136;S
20240411;101551;3980;239;10090096887;B
20240411;101551;3980;11;10090096888;B
20240411;101553;3979.8;70;10090098147;S
20240411;101559;3979.8;9;10090103790;S
20240411;101559;3979.8;1;10090103791;S
20240411;101559;3979.6;21;10090103792;S
20240411;101600;3980;12;10090104743;B
20240411;101600;3980;1;10090105208;B
20240411;101600;3980;3;10090105225;B
20240411;101600;3980;81;10090105256;B
20240411;101600;3980;6;10090105268;B
20240411;101600;3980;37;10090105276;B
20240411;101602;3980;500;10090106832;B
20240411;101602;3980;144;10090106833;B
20240411;101602;3980;3;10090106837;B
20240411;101602;3980;55;10090106838;B
20240411;101602;3980;158;10090106842;B
20240411;101602;3980;227;10090106843;B
20240411;101604;3979.8;6;10090108616;S
20240411;101608;3979.8;1;10090112742;S
20240411;101608;3979.6;2;10090112743;S
20240411;101608;3979.6;1;10090112744;S
20240411;101608;3979.6;10;10090112745;S
20240411;101608;3979.4;186;10090112746;S
20240411;101615;3979.8;1;10090119862;S
20240411;101615;3980;3;10090120775;B
20240411;101620;3979.8;3;10090125529;S
20240411;101624;3979.8;1;10090128828;S
20240411;101625;3979.6;1;10090130524;S
20240411;101626;3980;1;10090131069;B
20240411;101626;3980;1;10090131070;B
20240411;101627;3979.8;3;10090132266;S
20240411;101627;3979.8;11;10090132267;S
20240411;101627;3979.8;68;10090132268;S
20240411;101627;3979.6;18;10090132269;S
20240411;101633;3979;1;10090138088;S
20240411;101633;3979;25;10090138089;S
20240411;101638;3979;3;10090143213;S
20240411;101641;3978.8;1;10090146115;S
20240411;101641;3978.6;5;10090146116;S
20240411;101641;3978.6;1;10090146117;S
20240411;101641;3978.6;147;10090146118;S
20240411;101653;3978.2;1;10090157458;B
20240411;101653;3978.2;1;10090158212;B
20240411;101655;3978.2;4;10090159683;B
20240411;101659;3978.2;10;10090163994;B
20240411;101709;3978;2;10090174355;S
20240411;101713;3978;34;10090178829;S
20240411;101716;3978;14;10090181807;S
20240411;101716;3978;1;10090181808;S
20240411;101716;3978;11;10090181809;S
20240411;101716;3978;39;10090181810;S
20240411;101716;3978;20;10090181811;S
20240411;101716;3978;169;10090181812;S
20240411;101717;3978.2;3;10090182954;B
20240411;101726;3978.2;3;10090192515;B
20240411;101729;3978;5;10090194899;S
20240411;101803;3978;20;10090229657;S
20240411;101804;3978;25;10090230806;S
20240411;101805;3978;2;10090231282;S
20240411;101809;3978;4;10090234418;S
20240411;101810;3978;1;10090235703;S
20240411;101810;3978.2;8;10090235754;B
20240411;101812;3978;1;10090237644;S
20240411;101816;3978.2;5;10090240957;B
20240411;101853;3978.2;3;10090274384;B
20240411;101854;3978.2;162;10090274676;B
20240411;101854;3978.4;13;10090274677;B
20240411;101854;3979.4;5;10090274678;B
20240411;101854;3979.4;40;10090274679;B
20240411;101854;3979.8;1;10090274680;B
20240411;101854;3979.8;1;10090274681;B
20240411;101854;3979.8;1;10090274682;B
20240411;101854;3979.8;3;10090274683;B
20240411;101854;3979.6;39;10090275515;S
20240411;101854;3979;20;10090275516;S
20240411;101859;3979.8;4;10090279869;B
20240411;101908;3979.8;1;10090289297;B
20240411;101911;3979.8;16;10090292264;B
20240411;101911;3979.6;10;10090292584;S
20240411;101912;3979.8;2;10090293355;B
20240411;101932;3979.8;10;10090312370;B
20240411;101933;3979.8;3;10090313864;B
20240411;101935;3979.8;1;10090315597;B
20240411;101935;3979.8;10;10090315598;B
20240411;101935;3979.8;3;10090315599;S
20240411;101943;3979.8;3;10090323309;B
20240411;101946;3979.8;10;10090327373;B
20240411;101946;3979.8;28;10090327374;B
20240411;101952;3980;1144;10090333659;B
20240411;101952;3980;7;10090333660;B
20240411;101952;3980;3;10090333661;B
20240411;101952;3980;846;10090333662;B
20240411;101953;3980;100;10090334058;B
20240411;101955;3979.8;3;10090336043;S
20240411;102015;3980;2500;10090357814;B
20240411;102022;3980;200;10090364901;B
20240411;102024;3980;5;10090367367;B
20240411;102029;3980;1;10090373704;B
20240411;102035;3980;24;10090381909;B
20240411;102035;3980;1;10090382820;B
20240411;102037;3980;1;10090384147;B
20240411;102038;3980;1;10090386345;B
20240411;102041;3980;100;10090389666;B
20240411;102042;3980;5;10090391093;B
20240411;102042;3980.4;45;10090391094;B
20240411;102042;3980.4;50;10090391097;B
20240411;102042;3980.4;50;10090391103;B
20240411;102042;3980.4;70;10090391107;B
20240411;102042;3980.4;35;10090391199;B
20240411;102042;3981;1;10090391200;B
20240411;102042;3981.4;11;10090391201;B
20240411;102042;3982;1;10090391202;B
20240411;102042;3982;1;10090391203;B
20240411;102042;3982.4;1;10090391204;B
20240411;102042;3984;7;10090391873;B
20240411;102042;3984;6;10090391874;B
20240411;102042;3984;1;10090391875;B
20240411;102042;3984.4;36;10090391876;B
20240411;102044;3983.8;6;10090394177;S
20240411;102044;3983.6;2;10090394178;S
20240411;102044;3983.2;12;10090394179;S
20240411;102044;3983;5;10090394180;S
20240411;102044;3983;27;10090394181;S
20240411;102047;3982.6;1;10090397328;S
20240411;102047;3982.4;1;10090397329;S
20240411;102055;3983.6;1;10090406737;B
20240411;102057;3983.6;3;10090409029;B
20240411;102057;3983.6;4;10090409030;B
20240411;102057;3983.8;39;10090409031;B
20240411;102057;3984.2;5;10090409032;B
20240411;102057;3984.2;9;10090409033;B
20240411;102100;3984.2;1;10090413296;B
20240411;102105;3984.4;5;10090418564;S
20240411;102109;3984.4;37;10090422747;S
20240411;102109;3984.4;50;10090422748;S
20240411;102109;3984.2;13;10090422749;S
20240411;102115;3984.4;1;10090427793;B
20240411;102115;3984.4;1;10090427822;B
20240411;102115;3984.4;1;10090428011;B
20240411;102122;3984;4;10090436270;S
20240411;102122;3984;1;10090436271;S
20240411;102122;3983.8;10;10090436272;S
20240411;102122;3983.8;13;10090436273;S
20240411;102126;3983.4;2;10090439735;B
20240411;102139;3983.6;2;10090453246;B
20240411;102148;3983.2;2;10090461081;S
20240411;102148;3983;10;10090461082;S
20240411;102150;3983.4;1;10090463362;B
20240411;102150;3983.6;1;10090463363;B
20240411;102150;3984;3;10090463364;B
20240411;102203;3983.8;9;10090479484;B
20240411;102204;3983;2;10090480595;S
20240411;102216;3983.4;1;10090492579;B
20240411;102216;3983.6;1;10090492709;B
20240411;102220;3982.4;1;10090496707;S
20240411;102231;3983.6;1;10090508289;B
20240411;102231;3983.6;1;10090510419;B
20240411;102235;3983.4;2;10090514266;B
20240411;102236;3982.4;1;10090515401;S
20240411;102236;3982.4;4;10090515402;S
20240411;102236;3982.4;7;10090515403;S
20240411;102237;3982.4;3;10090516437;B
20240411;102244;3982.4;1;10090525361;B
20240411;102251;3982;1;10090531659;S
20240411;102251;3982;10;10090531660;S
20240411;102251;3982;8;10090531661;S
20240411;102251;3981.8;31;10090531662;S
20240411;102251;3982;12;10090532042;B
20240411;102258;3982.2;8;10090540273;B
20240411;102314;3982.4;1;10090561033;B
20240411;102315;3982.2;2;10090561431;S
20240411;102315;3982;1;10090561432;S
20240411;102315;3982;1000;10090561433;S
20240411;102315;3982;8;10090561434;S
20240411;102315;3981.4;8;10090561891;B
20240411;102315;3981.4;58;10090561892;B
20240411;102315;3981.6;40;10090561893;B
20240411;102315;3981.6;50;10090561894;B
20240411;102315;3981.8;88;10090561895;B
20240411;102315;3982;1;10090561896;B
20240411;102316;3981.8;1;10090562941;B
20240411;102329;3981.4;1;10090577712;B
20240411;102330;3981.8;49;10090578514;B
20240411;102330;3981.8;11;10090578515;B
20240411;102330;3982;832;10090578516;B
20240411;102330;3982;7;10090578517;B
20240411;102333;3982;1;10090583131;B
20240411;102336;3982;1;10090587072;B
20240411;102338;3981.4;6;10090589587;S
20240411;102342;3982;4;10090593653;B
20240411;102351;3981.8;3;10090603578;B
20240411;102353;3981.4;1;10090607488;S
20240411;102353;3981.6;8;10090607751;B
20240411;102353;3981.8;5;10090607752;B
20240411;102405;3981.6;8;10090620009;B
20240411;102405;3981.8;2;10090620010;B
20240411;102416;3981;1;10090632617;S
20240411;102421;3981.2;2;10090637040;B
20240411;102421;3981;5;10090637054;S
20240411;102423;3980.4;50;10090640266;S
20240411;102423;3980.2;1;10090640267;S
20240411;102423;3980.2;1;10090640268;S
20240411;102423;3980.2;5;10090640269;S
20240411;102423;3980.2;7;10090640270;S
20240411;102423;3980;1;10090640271;S
20240411;102423;3980;50;10090640272;S
20240411;102423;3980;30;10090640273;S
20240411;102423;3980;1;10090640274;S
20240411;102424;3979.8;4;10090640386;B
20240411;102424;3980;7;10090640387;B
20240411;102433;3980.6;1;10090650149;B
20240411;102439;3980.2;1;10090655607;S
20240411;102439;3980;23;10090655608;S
20240411;102450;3980.2;2;10090666720;S
20240411;102450;3980.6;2;10090666804;B
20240411;102450;3980.8;5;10090666805;B
20240411;102450;3981.4;7;10090666806;B
20240411;102450;3981.8;40;10090666807;B
20240411;102450;3981.8;64;10090666808;B
20240411;102455;3980.4;5;10090674011;S
20240411;102455;3980.4;68;10090674012;S
20240411;102455;3980.4;7;10090674013;S
20240411;102455;3980.4;2;10090674014;S
20240411;102506;3981.2;11;10090687063;S
20240411;102513;3980.2;1;10090694054;S
20240411;102519;3981.2;7;10090701168;B
20240411;102519;3981.2;1;10090701169;B
20240411;102519;3981.6;4;10090701170;B
20240411;102519;3981.6;47;10090701171;B
20240411;102520;3981.8;1;10090702962;B
20240411;102525;3980.6;3;10090708089;S
20240411;102540;3981.4;7;10090726125;B
20240411;102540;3981.8;5;10090726126;B
20240411;102540;3981.8;1;10090726127;B
20240411;102540;3981.8;68;10090726128;B
20240411;102540;3982;59;10090726129;B
20240411;102543;3981.8;1;10090730276;S
20240411;102543;3981;1;10090730277;S
20240411;102543;3981;6;10090730278;S
20240411;102602;3981.8;1;10090752319;B
20240411;102612;3980.6;5;10090758050;S
20240411;102615;3981.6;68;10090758658;B
20240411;102617;3980.6;15;10090758866;S
20240411;102620;3981;2;10090760360;B
20240411;102621;3980.4;1;10090761585;S
20240411;102623;3980.8;1;10090761883;S
20240411;102627;3981.6;1;10090762429;B
20240411;102643;3980.6;1;10090764520;B
20240411;102653;3980.4;2;10090766555;S
20240411;102659;3980.6;7;10090767380;B
20240411;102659;3980.6;1;10090767381;B
20240411;102710;3981.8;1;10090774043;B
20240411;102710;3981.8;1;10090774044;B
20240411;102712;3981;46;10090774849;S
20240411;102712;3980.8;7;10090774850;S
20240411;102712;3980.8;50;10090774851;S
20240411;102712;3980.6;2;10090774852;S
20240411;102712;3980.6;68;10090774853;S
20240411;102712;3980.4;3;10090774854;S
20240411;102712;3980.4;2;10090774855;S
20240411;102712;3980.4;50;10090774856;S
20240411;102712;3980.2;1;10090774857;S
20240411;102712;3980;220;10090774858;S
20240411;102712;3980;1;10090774859;S
20240411;102712;3980;40;10090774860;S
20240411;102712;3980;1;10090774861;S
20240411;102712;3980;1;10090774862;S
20240411;102712;3980;1;10090774863;S
20240411;102712;3979.6;39;10090774864;S
20240411;102712;3979;25;10090774865;S
20240411;102712;3979;10;10090774866;S
20240411;102712;3979;50;10090774867;S
20240411;102712;3978.6;48;10090774868;S
20240411;102712;3978.6;1;10090774869;S
20240411;102712;3978.4;16;10090774870;S
20240411;102712;3978.4;84;10090774871;S
20240411;102712;3978.2;2;10090774872;S
20240411;102712;3978.2;3;10090774873;S
20240411;102712;3978.2;30;10090774874;S
20240411;102712;3978;1;10090774875;S
20240411;102712;3978;50;10090774876;S
20240411;102712;3978;2;10090774877;S
20240411;102712;3978;1;10090774878;S
20240411;102712;3978;10;10090774879;S
20240411;102712;3978;1;10090774880;S
20240411;102712;3978;2;10090774881;S
20240411;102712;3978;100;10090774882;S
20240411;102712;3977.8;10;10090774883;S
20240411;102712;3977.8;22;10090774884;S
20240411;102721;3978.2;8;10090777583;S
20240411;102721;3977.8;68;10090777584;S
20240411;102721;3977.6;91;10090777585;S
20240411;102721;3977.6;100;10090777586;S
20240411;102721;3977.4;23;10090777587;S
20240411;102721;3977.4;5;10090777588;S
20240411;102721;3977.2;40;10090777589;S
20240411;102721;3977;10;10090777590;S
20240411;102721;3977;10;10090777591;S
20240411;102721;3977;42;10090777592;S
20240411;102721;3977;1;10090777593;S
20240411;102721;3977;50;10090777594;S
20240411;102721;3977;1;10090777595;S
20240411;102721;3977;45;10090777596;S
20240411;102721;3976.6;10;10090777597;S
20240411;102721;3976.4;11;10090777598;S
20240411;102721;3976.4;39;10090777599;S
20240411;102721;3976;10;10090777600;S
20240411;102721;3976;100;10090777601;S
20240411;102721;3976;1;10090777602;S
20240411;102721;3976;3;10090777603;S
20240411;102721;3975.8;60;10090777604;S
20240411;102721;3975.6;50;10090777605;S
20240411;102721;3975.2;70;10090777606;S
20240411;102721;3975;50;10090777607;S
20240411;102721;3975;10;10090777608;S
20240411;102721;3975;2;10090777609;S
20240411;102721;3975;4;10090777610;S
20240411;102721;3975;1;10090777611;S
20240411;102721;3975;50;10090777612;S
20240411;102721;3975;10;10090777613;S
20240411;102721;3975;3;10090777614;S
20240411;102721;3975;22;10090777615;S
20240411;102721;3975;3;10090777708;S
20240411;102721;3974.8;1;10090777709;S
20240411;102721;3974.8;66;10090777710;S
20240411;102722;3974.6;1;10090777754;S
20240411;102722;3974.6;9;10090778647;S
20240411;102722;3974.6;1;10090778648;S
20240411;102722;3974.6;2;10090778663;S
20240411;102722;3974.6;2;10090778664;S
20240411;102722;3974.6;1;10090778665;S
20240411;102722;3974.4;5;10090778666;S
20240411;102722;3974.4;203;10090778667;S
20240411;102725;3975.2;1;10090779544;B
20240411;102727;3975.6;1;10090780144;B
20240411;102744;3974.8;17;10090787489;S
20240411;102744;3974.8;4;10090787517;S
20240411;102753;3976.6;1;10090790670;S
20240411;102754;3976.8;50;10090791395;B
20240411;102754;3977;42;10090791396;B
20240411;102754;3977;58;10090791397;B
20240411;102754;3976.4;1;10090791493;S
20240411;102754;3975.4;3;10090791494;S
20240411;102758;3975.4;3;10090793555;S
20240411;102759;3975.2;1;10090793780;S
20240411;102806;3974.6;34;10090797372;S
20240411;102811;3975.2;2;10090798717;B
20240411;102811;3975.4;48;10090798718;B
20240411;102813;3975.4;2;10090799911;B
20240411;102813;3975.6;1;10090799912;B
20240411;102817;3975.6;1;10090801577;B
20240411;102818;3977.2;1;10090802089;B
20240411;102822;3977.2;1;10090802907;S
20240411;102826;3976.2;1;10090804537;S
20240411;102826;3976.2;6;10090804538;S
20240411;102827;3977.4;6;10090804761;B
20240411;102827;3977.6;18;10090804762;B
20240411;102830;3977.4;10;10090805934;B
20240411;102833;3977.2;1;10090806758;S
20240411;102840;3976;2;10090807779;S
20240411;102841;3976;1;10090809158;S
20240411;102851;3976.8;1;10090810267;B
20240411;102854;3976.8;49;10090810754;B
20240411;102854;3976.8;1;10090810755;B
20240411;102908;3976.6;1;10090817008;S
20240411;102921;3976.6;9;10090822648;S
20240411;102934;3976.6;1;10090827621;S
20240411;102934;3976.4;6;10090827622;S
20240411;102934;3976.4;1;10090827623;S
20240411;102934;3976;10;10090827624;S
20240411;102934;3975.6;2;10090827625;S
20240411;102935;3976.4;6;10090827669;B
20240411;102941;3976.4;25;10090830746;B
20240411;102941;3976.4;39;10090830747;B
20240411;102941;3976.6;6;10090830748;B
20240411;102941;3976.6;2;10090830749;B
20240411;102941;3976.6;2;10090830750;B
20240411;102949;3976.6;1;10090832038;S
20240411;103000;3975.6;1;10090835990;S
20240411;103003;3976.4;3;10090837641;B
20240411;103003;3976.4;10;10090837642;B
20240411;103003;3976.6;6;10090837643;B
20240411;103011;3976.6;10;10090840286;S
20240411;103014;3976.6;2;10090841895;S
20240411;103015;3976.8;1;10090842427;B
20240411;103015;3976.6;30;10090842574;S
20240411;103015;3976.6;6;10090842575;S
20240411;103015;3976.6;53;10090842576;S
20240411;103015;3976.6;38;10090842577;S
20240411;103017;3976.6;2;10090842945;S
20240411;103017;3975.2;1;10090842946;S
20240411;103017;3975.2;1;10090842947;S
20240411;103017;3975.2;2;10090842948;S
20240411;103039;3976.6;6;10090850168;B
20240411;103039;3976.6;1;10090850169;B
20240411;103039;3976.6;3;10090850170;B
20240411;103046;3976.2;1;10090851508;S
20240411;103046;3976.2;2;10090851509;S
20240411;103046;3975.4;1;10090851510;S
20240411;103046;3975.4;6;10090851511;S
20240411;103048;3975.4;5;10090852114;S
20240411;103048;3975;5;10090852115;S
20240411;103048;3975;50;10090852116;S
20240411;103048;3975;3;10090852117;S
20240411;103048;3975;80;10090852118;S
20240411;103048;3975;10;10090852119;S
20240411;103048;3975;1;10090852120;S
20240411;103048;3974.8;5;10090852121;S
20240411;103048;3974.4;2;10090852122;S
20240411;103048;3974.4;2;10090852123;S
20240411;103048;3974.4;3;10090852124;S
20240411;103048;3974.4;2;10090852125;S
20240411;103048;3974;10;10090852126;S
20240411;103048;3974;1;10090852127;S
20240411;103048;3974;1;10090852128;S
20240411;103048;3974;1;10090852129;S
20240411;103048;3974;58;10090852130;S
20240411;103048;3973.8;40;10090852131;S
20240411;103048;3973.6;4;10090852132;S
20240411;103048;3973.6;2;10090852133;S
20240411;103048;3973.4;5;10090852134;S
20240411;103048;3973.4;1;10090852135;S
20240411;103048;3973.4;1;10090852136;S
20240411;103048;3973.4;39;10090852137;S
20240411;103048;3973.2;50;10090852138;S
20240411;103048;3973.2;90;10090852139;S
20240411;103048;3973;50;10090852140;S
20240411;103048;3973;10;10090852141;S
20240411;103048;3973;1;10090852142;S
20240411;103048;3973;1;10090852143;S
20240411;103048;3973;1;10090852144;S
20240411;103048;3973;1;10090852145;S
20240411;103048;3973;2;10090852146;S
20240411;103048;3972.6;50;10090852147;S
20240411;103048;3972.6;1;10090852148;S
20240411;103048;3972.2;10;10090852149;S
20240411;103048;3972.2;5;10090852150;S
20240411;103048;3972.2;50;10090852151;S
20240411;103048;3972;10;10090852152;S
20240411;103048;3972;97;10090852153;S
20240411;103048;3972;2;10090852154;S
20240411;103048;3972;10;10090852155;S
20240411;103048;3971.8;3;10090852156;S
20240411;103048;3971.8;78;10090852157;S
20240411;103048;3972.2;50;10090852166;S
20240411;103048;3972;6;10090852167;S
20240411;103048;3972;50;10090852168;S
20240411;103048;3972;39;10090852169;S
20240411;103048;3971.6;40;10090852170;S
20240411;103048;3971.4;1;10090852171;S
20240411;103048;3971.2;20;10090852172;S
20240411;103048;3971;10;10090852173;S
20240411;103048;3971;2;10090852174;S
20240411;103048;3971;1;10090852175;S
20240411;103048;3971;5;10090852176;S
20240411;103048;3970.8;1;10090852177;S
20240411;103048;3970.8;2;10090852178;S
20240411;103048;3970.4;10;10090852179;S
20240411;103048;3970.2;1;10090852180;S
20240411;103048;3970.2;2;10090852181;S
20240411;103048;3970.2;50;10090852182;S
20240411;103048;3970.2;100;10090852183;S
20240411;103048;3970;3;10090852184;S
20240411;103048;3970;1;10090852185;S
20240411;103048;3970;10;10090852186;S
20240411;103048;3970;1;10090852187;S
20240411;103048;3970;1;10090852188;S
20240411;103048;3970;22;10090852189;S
20240411;103048;3970;1;10090852190;S
20240411;103048;3970;1;10090852191;S
20240411;103048;3970;1;10090852192;S
20240411;103048;3970;226;10090852193;S
20240411;103048;3970;50;10090852194;S
20240411;103048;3970;645;10090852195;S
20240411;103048;3970.2;6;10090852196;S
20240411;103048;3970;29;10090852197;S
20240411;103048;3970;6;10090852199;S
20240411;103048;3970;3;10090852247;S
20240411;103048;3970;17;10090852248;S
20240411;103049;3970;43;10090852336;S
20240411;103049;3970;7;10090852337;S
20240411;103049;3970;3;10090852344;S
20240411;103049;3970.8;1;10090852348;B
20240411;103049;3970;15;10090852349;S
20240411;103055;3970.8;1;10090854100;B
20240411;103058;3970.6;1;10090854629;B
20240411;103059;3971.2;1;10090854695;B
20240411;103059;3971.4;5;10090854696;B
20240411;103059;3971.6;2;10090854697;B
20240411;103059;3971.8;5;10090854698;B
20240411;103059;3971.8;2;10090854699;B
20240411;103100;3970.8;5;10090854822;S
20240411;103100;3970.6;5;10090854823;S
20240411;103100;3972;1;10090854838;B
20240411;103106;3971;1;10090855873;S
20240411;103115;3971;12;10090857233;S
20240411;103118;3971;24;10090857742;S
20240411;103118;3971;50;10090857743;S
20240411;103118;3970.8;500;10090857744;S
20240411;103118;3970.8;5;10090857745;S
20240411;103118;3970.6;5;10090857746;S
20240411;103118;3970.2;1;10090857747;S
20240411;103118;3970.2;75;10090857748;S
20240411;103118;3970;85;10090857749;S
20240411;103118;3970;1;10090857750;S
20240411;103118;3970;50;10090857751;S
20240411;103118;3970;1;10090857752;S
20240411;103118;3970;10;10090857753;S
20240411;103118;3970;39;10090857754;S
20240411;103118;3969.8;1;10090857755;S
20240411;103118;3969.8;30;10090857756;S
20240411;103118;3969.6;5;10090857757;S
20240411;103118;3969;10;10090857758;S
20240411;103118;3969;10;10090857759;S
20240411;103118;3969;40;10090857760;S
20240411;103118;3969;50;10090857761;S
20240411;103118;3968.8;8;10090857762;S
20240411;103118;3968.8;12;10090857763;S
20240411;103118;3968.2;42;10090857764;S
20240411;103118;3968.2;16;10090857765;S
20240411;103118;3968.2;23;10090857774;S
20240411;103118;3968;1;10090857775;S
20240411;103119;3968.4;1;10090857930;S
20240411;103119;3968;9;10090857931;S
20240411;103119;3968;1;10090857932;S
20240411;103119;3968;5;10090857933;S
20240411;103122;3969;1;10090858369;B
20240411;103122;3969.2;49;10090858370;B
20240411;103124;3969.2;3;10090858748;B
20240411;103126;3968;30;10090859233;S
20240411;103126;3967.8;7;10090859234;S
20240411;103129;3967.8;1;10090859801;S
20240411;103131;3967.8;7;10090860105;S
20240411;103134;3968.4;1;10090860578;B
20240411;103136;3968.4;1;10090860773;B
20240411;103136;3967.8;7;10090860838;S
20240411;103137;3968.4;1;10090860941;B
20240411;103137;3967.8;2;10090861015;S
20240411;103137;3968.4;1;10090861017;B
20240411;103138;3968.4;1;10090861100;B
20240411;103138;3968.6;1;10090861285;B
20240411;103141;3968.4;1;10090861728;B
20240411;103142;3967.8;3;10090861888;S
20240411;103144;3968.4;1;10090862304;S
20240411;103144;3967.8;117;10090862305;S
20240411;103144;3967.8;32;10090862306;S
20240411;103145;3966.6;2;10090862420;S
20240411;103147;3966.4;39;10090862842;S
20240411;103147;3966.4;6;10090862843;S
20240411;103147;3966.2;3;10090862844;S
20240411;103147;3966;20;10090862845;S
20240411;103147;3966;32;10090862846;S
20240411;103147;3965.6;39;10090862878;S
20240411;103147;3965.4;10;10090862879;S
20240411;103147;3965;1;10090862880;S
20240411;103147;3965;30;10090862881;S
20240411;103147;3965;1;10090862882;S
20240411;103155;3966;1;10090864422;S
20240411;103157;3966.6;1;10090864687;B
20240411;103158;3966.2;1;10090864971;S
20240411;103200;3966.4;5;10090865314;B
20240411;103201;3966.4;9;10090865732;B
20240411;103201;3966.6;5;10090865733;B
20240411;103201;3966.6;1;10090865734;B
20240411;103201;3967;5;10090865735;B
20240411;103201;3967.4;5;10090865736;B
20240411;103201;3967.8;2;10090865737;B
20240411;103201;3968.4;2;10090865738;B
20240411;103201;3969;11;10090865739;B
20240411;103201;3969;14;10090865740;B
20240411;103201;3969;40;10090865741;B
20240411;103201;3969;6;10090865742;B
20240411;103203;3967;1;10090866133;S
20240411;103203;3966.8;5;10090866134;S
20240411;103203;3966.8;4;10090866135;S
20240411;103206;3966.8;5;10090866765;S
20240411;103207;3966.8;34;10090867005;S
20240411;103207;3966.6;5;10090867006;S
20240411;103207;3966;1;10090867007;S
20240411;103207;3965.8;2;10090867008;S
20240411;103207;3965.8;5;10090867009;S
20240411;103207;3965.8;5;10090867010;S
20240411;103207;3965.6;6;10090867011;S
20240411;103210;3965.4;39;10090867398;S
20240411;103210;3965.2;50;10090867399;S
20240411;103210;3965;95;10090867400;S
20240411;103211;3965.2;39;10090867483;S
20240411;103211;3965.2;5;10090867484;S
20240411;103211;3965.2;100;10090867485;S
20240411;103211;3965;100;10090867486;S
20240411;103211;3965;2;10090867487;S
20240411;103211;3965;32;10090867488;S
20240411;103211;3965;1;10090867489;S
20240411;103211;3965;1;10090867490;S
20240411;103211;3965;5;10090867491;S
20240411;103211;3965;5;10090867492;S
20240411;103211;3965;132;10090867493;S
20240411;103211;3965;198;10090867598;S
20240411;103211;3964;10;10090867599;S
20240411;103211;3964;4;10090867600;S
20240411;103211;3963.6;1;10090867601;S
20240411;103211;3963.6;12;10090867602;S
20240411;103211;3963.6;40;10090867603;S
20240411;103211;3963.4;5;10090867604;S
20240411;103211;3963.4;39;10090867605;S
20240411;103211;3963.2;2;10090867606;S
20240411;103211;3963.2;1;10090867607;S
20240411;103211;3963;2;10090867608;S
20240411;103211;3963;1;10090867609;S
20240411;103211;3962.8;2;10090867610;S
20240411;103211;3962.6;2;10090867611;S
20240411;103211;3962.6;152;10090867612;S
20240411;103211;3962.6;5;10090867613;S
20240411;103211;3962.4;50;10090867614;S
20240411;103211;3962.2;1;10090867615;S
20240411;103211;3962.2;57;10090867616;S
20240411;103212;3963.8;1;10090867678;B
20240411;103215;3964.6;50;10090868052;B
20240411;103217;3964.8;1;10090868363;B
20240411;103220;3964;1;10090868931;S
20240411;103220;3964;3;10090868932;S
20240411;103220;3965;5;10090868933;B
20240411;103220;3963.8;12;10090868938;S
20240411;103220;3964.8;5;10090868981;B
20240411;103220;3964.8;45;10090868982;B
20240411;103224;3963.4;6;10090869452;S
20240411;103224;3964.8;50;10090869467;B
20240411;103225;3963.6;25;10090869660;S
20240411;103228;3965;4;10090870144;B
20240411;103231;3966;5;10090870731;B
20240411;103231;3966;39;10090870732;B
20240411;103231;3966.8;6;10090870733;B
20240411;103231;3966.6;5;10090870743;B
20240411;103231;3966.6;8;10090870744;B
20240411;103232;3967;5;10090870895;B
20240411;103232;3967;25;10090870896;B
20240411;103235;3966;30;10090871192;S
20240411;103235;3965.6;1;10090871193;S
20240411;103235;3965.6;5;10090871194;S
20240411;103235;3965.6;3;10090871195;S
20240411;103235;3966.6;5;10090871219;B
20240411;103235;3966.6;45;10090871220;B
20240411;103238;3966.6;50;10090871753;B
20240411;103239;3965.4;30;10090871885;S
20240411;103240;3966.6;5;10090872028;B
20240411;103240;3966.8;5;10090872029;B
20240411;103241;3965.4;2;10090872051;S
20240411;103241;3966.6;1;10090872080;B
20240411;103243;3967.4;39;10090872486;B
20240411;103243;3967.6;1;10090872487;B
20240411;103243;3967.6;1;10090872488;B
20240411;103243;3967.6;9;10090872489;B
20240411;103244;3967.8;1;10090872694;B
20240411;103258;3967.8;10;10090875230;B
20240411;103301;3967.8;28;10090875873;B
20240411;103301;3967.8;20;10090875874;B
20240411;103301;3968;5;10090875875;B
20240411;103303;3968.2;1;10090876076;B
20240411;103303;3968.2;3;10090876077;B
20240411;103308;3968;1;10090876858;S
20240411;103309;3968.2;1;10090877013;B
20240411;103311;3968;1;10090877447;S
20240411;103313;3968;1;10090877712;S
20240411;103313;3968;5;10090877713;S
20240411;103313;3968;1;10090877714;S
20240411;103313;3968;1;10090877715;S
20240411;103313;3968;1;10090877716;S
20240411;103314;3968.2;30;10090877845;B
20240411;103315;3968;1;10090878011;S
20240411;103318;3968.2;1;10090878346;B
20240411;103318;3968;1;10090878348;S
20240411;103319;3968.2;2;10090878418;B
20240411;103329;3968.2;1;10090879731;B
20240411;103329;3968.2;10;10090879734;B
20240411;103330;3968;1;10090879966;S
20240411;103332;3968.2;5;10090880404;B
20240411;103335;3968;8;10090880896;S
20240411;103336;3968;33;10090881084;S
20240411;103336;3968;10;10090881085;S
20240411;103336;3968;11;10090881086;S
20240411;103337;3968;16;10090881122;S
20240411;103337;3968;2;10090881123;S
20240411;103337;3968;2;10090881129;B
20240411;103337;3968;2;10090881135;B
20240411;103337;3968;2;10090881138;B
20240411;103337;3968;2;10090881148;B
20240411;103337;3968;2;10090881150;B
20240411;103337;3968;2;10090881185;B
20240411;103337;3968;1;10090881195;B
20240411;103346;3968;3;10090882472;B
20240411;103348;3968;15;10090882773;B
20240411;103350;3967.8;1;10090883120;S
20240411;103350;3967.8;5;10090883121;S
20240411;103350;3967.6;1;10090883122;S
20240411;103350;3967.6;17;10090883123;S
20240411;103350;3968;4;10090883147;B
20240411;103350;3968;4;10090883148;B
20240411;103350;3968;5;10090883149;B
20240411;103350;3968;22;10090883150;B
20240411;103358;3968;15;10090884784;S
20240411;103358;3968;6;10090884785;S
20240411;103358;3968;1;10090884786;S
20240411;103358;3967.8;5;10090884787;S
20240411;103358;3967.8;30;10090884788;S
20240411;103359;3967.4;50;10090885192;S
20240411;103359;3967.2;5;10090885193;S
20240411;103359;3967.2;40;10090885194;S
20240411;103359;3967.2;5;10090885195;S
20240411;103411;3967;7;10090887313;S
20240411;103416;3967;43;10090888268;S
20240411;103416;3966.8;77;10090888269;S
20240411;103418;3966.6;50;10090888686;S
20240411;103418;3966.4;5;10090888687;S
20240411;103418;3966.4;5;10090888688;S
20240411;103418;3966.4;5;10090888689;S
20240411;103418;3966.4;2;10090888690;S
20240411;103418;3966.2;50;10090888691;S
20240411;103418;3966.2;5;10090888692;S
20240411;103418;3966;150;10090888693;S
20240411;103418;3966;100;10090888694;S
20240411;103418;3966;10;10090888695;S
20240411;103418;3966;116;10090888696;S
20240411;103418;3965.8;50;10090888697;S
20240411;103418;3965.8;40;10090888698;S
20240411;103418;3965.2;2;10090888699;S
20240411;103418;3965.2;5;10090888700;S
20240411;103418;3965.2;5;10090888701;S
20240411;103418;3965.2;6;10090888702;S
20240411;103418;3965;1;10090888703;S
20240411;103418;3965;3;10090888704;S
20240411;103418;3965;1;10090888705;S
20240411;103418;3965;20;10090888706;S
20240411;103418;3965;2;10090888707;S
20240411;103418;3965;1;10090888708;S
20240411;103418;3965;10;10090888709;S
20240411;103418;3965;50;10090888710;S
20240411;103418;3965;4;10090888711;S
20240411;103418;3965;58;10090888712;S
20240411;103418;3965;50;10090888713;S
20240411;103418;3964.8;194;10090888714;S
20240411;103419;3964.8;171;10090888776;S
20240411;103419;3964.6;40;10090888777;S
20240411;103419;3964.6;100;10090888778;S
20240411;103419;3964.6;58;10090888779;S
20240411;103420;3964.6;442;10090889042;S
20240411;103420;3964.4;6;10090889043;S
20240411;103420;3964.4;52;10090889044;S
20240411;103421;3965.4;1;10090889220;B
20240411;103424;3965.4;2;10090889489;B
20240411;103424;3965.4;1;10090889539;B
20240411;103425;3965.4;1;10090889606;B
20240411;103430;3964.8;1;10090890058;S
20240411;103430;3964.2;1;10090890059;S
20240411;103430;3964.2;28;10090890060;S
20240411;103432;3965;4;10090890374;B
20240411;103435;3964.8;5;10090890897;B
20240411;103435;3965;5;10090890898;B
20240411;103436;3965;1;10090891065;B
20240411;103437;3965;1;10090891161;B
20240411;103437;3965;1;10090891186;B
20240411;103437;3965;1;10090891201;B
20240411;103437;3965;1;10090891225;B
20240411;103438;3965;1;10090891242;B
20240411;103438;3965;1;10090891243;B
20240411;103438;3965;1;10090891300;B
20240411;103438;3964.8;1;10090891308;S
20240411;103438;3964.6;19;10090891309;S
20240411;103438;3965;1;10090891315;B
20240411;103439;3965;1;10090891420;B
20240411;103439;3965;1;10090891465;B
20240411;103442;3966.8;1;10090891913;S
20240411;103447;3966.6;2;10090892546;S
20240411;103447;3966.4;1;10090892547;S
20240411;103459;3966.6;10;10090894893;B
20240411;103503;3966.6;2;10090895792;B
20240411;103504;3966.4;11;10090895997;S
20240411;103505;3966.4;1;10090896090;S
20240411;103514;3966.4;8;10090897960;S
20240411;103514;3966.2;24;10090897961;S
20240411;103516;3966.4;4;10090898454;B
20240411;103516;3966.4;1;10090898455;B
20240411;103518;3966.2;5;10090898819;S
20240411;103518;3966.2;5;10090898820;S
20240411;103524;3966;5;10090900173;S
20240411;103533;3966.2;1;10090901662;B
20240411;103533;3966.2;1;10090901663;B
20240411;103534;3966;9;10090901882;S
20240411;103534;3966;5;10090901883;S
20240411;103534;3966;62;10090901884;S
20240411;103537;3966.2;13;10090902356;B
20240411;103538;3966;2;10090902457;S
20240411;103542;3966.2;5;10090903969;B
20240411;103544;3966;1;10090904577;S
20240411;103547;3966;2;10090905047;S
20240411;103606;3966;3;10090907471;S
20240411;103606;3966;2;10090907472;S
20240411;103606;3966;10;10090907473;S
20240411;103606;3966;5;10090907474;S
20240411;103614;3966.2;4;10090908520;B
20240411;103616;3966.2;1;10090908825;S
20240411;103616;3966.2;5;10090908826;S
20240411;103640;3966;1;10090912063;S
20240411;103640;3966;10;10090912064;S
20240411;103640;3966;2;10090912065;S
20240411;103640;3966;100;10090912066;S
20240411;103640;3966;1;10090912067;S
20240411;103640;3965.8;5;10090912068;S
20240411;103640;3965.8;381;10090912069;S
20240411;103640;3965.8;21;10090912076;S
20240411;103640;3965.8;19;10090912077;S
20240411;103640;3965.8;19;10090912078;S
20240411;103640;3965.8;19;10090912079;S
20240411;103640;3965.8;19;10090912080;S
20240411;103640;3965.8;19;10090912081;S
20240411;103640;3965.8;3;10090912082;S
20240411;103648;3965.4;5;10090913150;B
20240411;103648;3965.4;40;10090913151;B
20240411;103648;3966;6;10090913152;B
20240411;103648;3966.2;22;10090913153;B
20240411;103648;3966.4;1;10090913154;B
20240411;103648;3966.6;1;10090913155;B
20240411;103648;3966.6;8;10090913156;B
20240411;103648;3966.6;17;10090913157;B
20240411;103649;3965.2;5;10090913423;S
20240411;103649;3965.2;5;10090913424;S
20240411;103649;3965;5;10090913425;S
20240411;103649;3965;50;10090913426;S
20240411;103649;3965;27;10090913427;S
20240411;103649;3965;100;10090913428;S
20240411;103649;3965;166;10090913429;S
20240411;103649;3965;5;10090913430;S
20240411;103649;3964.6;50;10090913431;S
20240411;103649;3964.4;5;10090913432;S
20240411;103649;3964.4;5;10090913433;S
20240411;103649;3964.2;1;10090913434;S
20240411;103649;3964;10;10090913435;S
20240411;103649;3964;5;10090913436;S
20240411;103649;3964;50;10090913437;S
20240411;103649;3964;4;10090913438;S
20240411;103649;3964;1;10090913439;S
20240411;103649;3963.8;5;10090913440;S
20240411;103649;3963.8;25;10090913441;S
20240411;103649;3963.8;5;10090913442;S
20240411;103649;3963.6;3;10090913443;S
20240411;103649;3963.6;1;10090913444;S
20240411;103649;3963.6;50;10090913445;S
20240411;103649;3963.6;1;10090913446;S
20240411;103649;3963.6;1;10090913447;S
20240411;103649;3963.6;5;10090913448;S
20240411;103649;3963.4;40;10090913449;S
20240411;103649;3963.4;3;10090913450;S
20240411;103649;3963.2;5;10090913451;S
20240411;103649;3963.2;50;10090913452;S
20240411;103649;3963.2;39;10090913453;S
20240411;103649;3963;10;10090913454;S
20240411;103649;3963;1;10090913455;S
20240411;103649;3963;10;10090913456;S
20240411;103649;3963;1;10090913457;S
20240411;103649;3963;3;10090913458;S
20240411;103649;3962.8;50;10090913459;S
20240411;103649;3962.8;5;10090913460;S
20240411;103649;3962.8;30;10090913461;S
20240411;103649;3962.8;10;10090913462;S
20240411;103649;3962.6;1;10090913463;S
20240411;103649;3962.6;10;10090913464;S
20240411;103649;3962.6;10;10090913465;S
20240411;103649;3962.4;1;10090913466;S
20240411;103649;3962.4;50;10090913467;S
20240411;103649;3962.4;5;10090913468;S
20240411;103649;3962.4;38;10090913469;S
20240411;103649;3962.2;38;10090913470;S
20240411;103650;3962.2;55;10090913509;S
20240411;103652;3963;1;10090914030;B
20240411;103656;3963.4;1;10090914962;B
20240411;103658;3962.2;6;10090915659;S
20240411;103659;3963.2;1;10090915829;B
20240411;103659;3963.6;1;10090915830;B
20240411;103659;3963.8;1;10090915864;B
20240411;103703;3964;2;10090916497;B
20240411;103705;3964.8;1;10090916784;B
20240411;103708;3964.8;1;10090917383;B
20240411;103713;3964.8;48;10090917985;B
20240411;103713;3964.8;5;10090917986;B
20240411;103713;3965;56;10090917987;B
20240411;103713;3965;10;10090917988;B
20240411;103713;3965;15;10090917989;S
20240411;103720;3964;1;10090918775;S
20240411;103720;3963.8;1;10090918776;S
20240411;103725;3963.8;1;10090919516;S
20240411;103725;3963.8;1;10090919517;S
20240411;103725;3963.4;1;10090919518;S
20240411;103729;3963.4;1;10090919805;S
20240411;103729;3963.2;2;10090919806;S
20240411;103729;3963.2;2;10090919807;S
20240411;103731;3964.6;1;10090920168;B
20240411;103742;3964;1;10090921416;S
20240411;103747;3963.2;3;10090922171;S
20240411;103747;3963.2;3;10090922172;S
20240411;103749;3964;1;10090922416;B
20240411;103750;3964;5;10090922500;B
20240411;103752;3963.2;1;10090922718;S
20240411;103752;3963.2;1;10090922719;S
20240411;103752;3963.2;1;10090922720;S
20240411;103800;3964;1;10090923577;B
20240411;103807;3963;15;10090924435;S
20240411;103807;3963;2;10090924436;S
20240411;103809;3963;8;10090924953;S
20240411;103809;3963;1;10090924954;S
20240411;103809;3963;3;10090924955;S
20240411;103811;3963.6;1;10090925536;B
20240411;103815;3963.6;1;10090926228;B
20240411;103816;3963;22;10090926415;S
20240411;103816;3963;2;10090926416;S
20240411;103816;3962.8;11;10090926417;S
20240411;103816;3962.8;5;10090926418;S
20240411;103816;3962.8;2;10090926419;S
20240411;103816;3962.8;6;10090926420;S
20240411;103816;3962.6;1;10090926421;S
20240411;103816;3962.6;10;10090926422;S
20240411;103816;3962.4;5;10090926423;S
20240411;103816;3962.4;5;10090926424;S
20240411;103816;3962.4;2;10090926425;S
20240411;103816;3962.2;24;10090926426;S
20240411;103816;3962.2;20;10090926427;S
20240411;103816;3962.2;12;10090926428;S
20240411;103816;3962.2;10;10090926429;S
20240411;103816;3962;1;10090926430;S
20240411;103816;3962;1;10090926431;S
20240411;103816;3962;50;10090926432;S
20240411;103816;3962;5;10090926433;S
20240411;103816;3962;40;10090926434;S
20240411;103816;3962;25;10090926435;S
20240411;103816;3962;5;10090926436;S
20240411;103816;3961.8;5;10090926437;S
20240411;103816;3961.8;10;10090926438;S
20240411;103816;3961.6;1;10090926439;S
20240411;103816;3961.6;5;10090926440;S
20240411;103816;3961.6;1;10090926441;S
20240411;103816;3961.6;5;10090926442;S
20240411;103816;3961.2;5;10090926443;S
20240411;103816;3961.2;5;10090926444;S
20240411;103816;3961.2;5;10090926445;S
20240411;103816;3961.2;10;10090926446;S
20240411;103816;3961;1;10090926447;S
20240411;103816;3961;5;10090926448;S
20240411;103816;3961;20;10090926449;S
20240411;103816;3961;3;10090926450;S
20240411;103816;3961;1;10090926451;S
20240411;103816;3961;25;10090926452;S
20240411;103816;3961;39;10090926453;S
20240411;103816;3960.8;5;10090926454;S
20240411;103816;3960.8;5;10090926455;S
20240411;103816;3960.8;1;10090926456;S
20240411;103816;3960.8;100;10090926457;S
20240411;103816;3960.6;5;10090926458;S
20240411;103816;3960.6;600;10090926459;S
20240411;103816;3960.4;10;10090926460;S
20240411;103816;3960.4;5;10090926461;S
20240411;103816;3960.4;5;10090926462;S
20240411;103816;3960.2;2;10090926463;S
20240411;103816;3960.2;10;10090926464;S
20240411;103816;3960.2;1;10090926465;S
20240411;103816;3960.2;20;10090926466;S
20240411;103816;3960.2;5;10090926467;S
20240411;103816;3960.2;1;10090926468;S
20240411;103816;3960.2;1;10090926469;S
20240411;103816;3960.2;1;10090926470;S
20240411;103816;3960.2;1;10090926471;S
20240411;103816;3960.2;1;10090926472;S
20240411;103816;3960.2;5;10090926473;S
20240411;103816;3960.2;5;10090926474;S
20240411;103816;3960;29;10090926475;S
20240411;103816;3960;25;10090926476;S
20240411;103816;3960;10;10090926477;S
20240411;103816;3960;1000;10090926478;S
20240411;103816;3960;1;10090926479;S
20240411;103816;3960;5;10090926480;S
20240411;103816;3960;12;10090926481;S
20240411;103816;3960;1;10090926482;S
20240411;103816;3960;1;10090926483;S
20240411;103816;3960;3;10090926484;S
20240411;103816;3960;3;10090926485;S
20240411;103816;3960;4;10090926486;S
20240411;103816;3960;204;10090926487;S
20240411;103816;3960;4;10090926555;S
20240411;103816;3961.2;10;10090926590;B
20240411;103816;3961;16;10090926601;B
20240411;103816;3961.6;3;10090926626;B
20240411;103819;3962;1;10090927471;B
20240411;103820;3961.2;3;10090927607;S
20240411;103820;3961;10;10090927608;S
20240411;103820;3961;50;10090927609;S
20240411;103820;3961;138;10090927610;S
20240411;103820;3961;20;10090927611;S
20240411;103820;3961;500;10090927612;S
20240411;103820;3960.2;40;10090927613;S
20240411;103820;3960;42;10090927614;S
20240411;103820;3960;5;10090927615;S
20240411;103820;3960;14;10090927616;S
20240411;103820;3960;10;10090927617;S
20240411;103820;3960;2;10090927618;S
20240411;103820;3960;20;10090927619;S
20240411;103820;3960;100;10090927620;S
20240411;103820;3960;20;10090927621;S
20240411;103820;3960;12;10090927622;S
20240411;103820;3960;1;10090927623;S
20240411;103820;3960;10;10090927624;S
20240411;103820;3960;300;10090927625;S
20240411;103820;3960;435;10090927626;S
20240411;103822;3960.8;1;10090927923;B
20240411;103822;3960;565;10090927989;S
20240411;103822;3960;3;10090927990;S
20240411;103822;3960;1;10090927991;S
20240411;103822;3960;3;10090927992;S
20240411;103822;3960;1;10090927993;S
20240411;103822;3960;1;10090927994;S
20240411;103822;3960;1;10090927995;S
20240411;103822;3960;1;10090927996;S
20240411;103822;3960;10;10090927997;S
20240411;103822;3959.8;3;10090927998;S
20240411;103822;3959.8;20;10090927999;S
20240411;103822;3959.6;1;10090928014;S
20240411;103822;3959.6;4;10090928016;S
20240411;103822;3959;1;10090928017;S
20240411;103822;3959;5;10090928018;S
20240411;103822;3958.4;10;10090928019;S
20240411;103822;3958.4;5;10090928020;S
20240411;103822;3958.2;5;10090928021;S
20240411;103822;3958;1;10090928022;S
20240411;103822;3958;1;10090928023;S
20240411;103822;3958;1;10090928024;S
20240411;103822;3958;50;10090928025;S
20240411;103822;3958;10;10090928026;S
20240411;103822;3957.8;47;10090928027;S
20240411;103822;3957.8;20;10090928028;S
20240411;103822;3957.4;3;10090928033;S
20240411;103823;3957.4;8;10090928095;S
20240411;103824;3957.4;5;10090928206;S
20240411;103824;3957;5;10090928207;S
20240411;103824;3957;30;10090928218;S
20240411;103824;3958.2;1;10090928251;B
20240411;103830;3958.2;10;10090928885;B
20240411;103834;3958.2;1;10090929374;B
20240411;103835;3958.2;1;10090929539;B
20240411;103836;3958.4;7;10090929579;B
20240411;103840;3958.4;3;10090930003;S
20240411;103840;3958.2;12;10090930004;S
20240411;103840;3958.2;1;10090930019;S
20240411;103844;3958.6;2;10090930618;B
20240411;103853;3959;1;10090931937;S
20240411;103853;3959;1;10090931938;S
20240411;103853;3958.4;1;10090931939;S
20240411;103853;3958.4;4;10090931940;S
20240411;103853;3958.4;1;10090931941;S
20240411;103853;3958.4;2;10090931942;S
20240411;103857;3959;1;10090932265;B
20240411;103858;3959;5;10090932363;B
20240411;103858;3959;25;10090932364;B
20240411;103859;3959.6;37;10090932556;B
20240411;103900;3959.6;2;10090932576;B
20240411;103900;3959.8;1;10090932577;B
20240411;103900;3959.8;5;10090932578;B
20240411;103900;3961.2;40;10090932579;B
20240411;103900;3961.2;12;10090932580;B
20240411;103906;3959.8;1;10090933220;S
20240411;103909;3960.4;1;10090933517;B
20240411;103912;3960.4;13;10090933832;B
20240411;103919;3960.4;4;10090934517;B
20240411;103919;3960.6;40;10090934518;B
20240411;103919;3961;6;10090934519;B
20240411;103923;3960.8;3;10090935325;S
20240411;103923;3961.2;1;10090935506;B
20240411;103926;3960.8;1;10090935978;S
20240411;103928;3961.4;40;10090936619;B
20240411;103928;3961.6;39;10090936620;B
20240411;103928;3961.6;4;10090936621;B
20240411;103933;3962;4;10090937953;B
20240411;103933;3962;1;10090937954;B
20240411;103934;3961.6;10;10090938065;S
20240411;103934;3961.6;14;10090938109;S
20240411;103946;3961.6;1;10090941053;S
20240411;103947;3962;10;10090941172;B
20240411;103950;3961.6;1;10090941936;S
20240411;104001;3962;8;10090944417;B
20240411;104008;3962;5;10090945644;B
20240411;104012;3961.6;70;10090946249;S
20240411;104017;3961.8;1;10090947101;B
20240411;104021;3962;1;10090947659;B
20240411;104021;3962;5;10090947662;B
20240411;104027;3961.6;3;10090948404;S
20240411;104033;3961.6;2;10090949050;S
20240411;104039;3961.8;5;10090950223;B
20240411;104039;3961.8;5;10090950224;B
20240411;104049;3961.6;5;10090951771;S
20240411;104050;3961.6;2;10090951802;S
20240411;104053;3961.6;113;10090952199;S
20240411;104053;3961.6;7;10090952200;S
20240411;104053;3961.6;1;10090952201;S
20240411;104058;3960.8;1;10090952640;S
20240411;104058;3960.8;1;10090952641;S
20240411;104058;3960.8;2;10090952642;S
20240411;104058;3960.6;5;10090952643;S
20240411;104058;3960.6;2;10090952644;S
20240411;104058;3960.2;2;10090952645;S
20240411;104058;3960.4;10;10090952671;B
20240411;104059;3960;10;10090952815;S
20240411;104059;3960;1;10090952816;S
20240411;104059;3960;1;10090952817;S
20240411;104059;3960;2;10090952818;S
20240411;104059;3960;7;10090952819;S
20240411;104100;3960.4;10;10090952910;B
20240411;104107;3960;2;10090953931;S
20240411;104109;3960.4;1;10090954283;B
20240411;104113;3960.4;19;10090954713;B
20240411;104113;3960.6;7;10090954714;B
20240411;104114;3960.8;4;10090954822;S
20240411;104114;3960;91;10090954823;S
20240411;104114;3960;25;10090954824;S
20240411;104114;3960;9;10090954825;S
20240411;104114;3960;7;10090954826;S
20240411;104114;3960;10;10090954827;S
20240411;104123;3960;1;10090956205;B
20240411;104131;3959.8;4;10090957066;S
20240411;104132;3960;50;10090957340;B
20240411;104132;3960;3;10090957344;B
20240411;104132;3960;2;10090957345;B
20240411;104133;3959.8;1;10090957480;S
20240411;104133;3959.8;12;10090957481;S
20240411;104133;3959.8;22;10090957482;S
20240411;104135;3959.8;7;10090957735;B
20240411;104135;3959.8;3;10090957736;B
20240411;104143;3959.6;2;10090958801;B
20240411;104146;3959.6;1;10090959095;B
20240411;104148;3959.8;1;10090959378;B
20240411;104155;3959.2;2;10090960065;S
20240411;104155;3959.2;8;10090960066;S
20240411;104211;3959.6;1;10090962912;B
20240411;104211;3959.6;2;10090962952;B
20240411;104212;3959.2;8;10090962985;S
20240411;104212;3959;1;10090962986;S
20240411;104212;3959;1;10090962987;S
20240411;104212;3959;5;10090962988;S
20240411;104212;3959;1;10090962989;S
20240411;104212;3958.8;5;10090962990;S
20240411;104212;3958.8;5;10090962991;S
20240411;104214;3959;4;10090963242;B
20240411;104219;3959;20;10090963751;B
20240411;104224;3959;7;10090964349;B
20240411;104226;3959;1;10090964570;B
20240411;104241;3958.8;1;10090966297;S
20240411;104251;3958.8;3;10090967373;S
20240411;104255;3958.8;8;10090967790;S
20240411;104255;3958.8;3;10090967791;S
20240411;104255;3958.4;2;10090967792;S
20240411;104255;3958.4;1;10090967793;S
20240411;104256;3958.4;11;10090967889;S
20240411;104256;3958.4;1;10090967890;S
20240411;104256;3958.4;3;10090967891;S
20240411;104256;3958.2;46;10090967892;S
20240411;104256;3958.2;2;10090967893;S
20240411;104256;3958.2;2;10090967894;S
20240411;104256;3958.2;237;10090967895;S
20240411;104256;3958.2;51;10090967896;S
20240411;104256;3958.2;10;10090967897;S
20240411;104256;3958.2;159;10090967898;S
20240411;104256;3958.2;43;10090967899;S
20240411;104256;3958.2;25;10090967900;S
20240411;104256;3958.2;1;10090967901;S
20240411;104256;3958.2;1;10090967902;S
20240411;104256;3958.2;5;10090967903;S
20240411;104256;3958;1;10090967904;S
20240411;104256;3958;136;10090967905;S
20240411;104256;3958;7;10090967906;S
20240411;104256;3958;1;10090967907;S
20240411;104256;3958;1;10090967908;S
20240411;104256;3958;1;10090967909;S
20240411;104256;3958;10;10090967910;S
20240411;104256;3958;3;10090967911;S
20240411;104256;3957.8;5;10090967912;S
20240411;104256;3957.8;1;10090967913;S
20240411;104256;3957;15;10090967914;S
20240411;104256;3957;10;10090967915;S
20240411;104256;3957;5;10090967916;S
20240411;104256;3957;1;10090967917;S
20240411;104256;3957;27;10090967918;S
20240411;104256;3957;3;10090967919;S
20240411;104256;3957;1;10090967920;S
20240411;104256;3957;50;10090967921;S
20240411;104256;3957;25;10090967922;S
20240411;104256;3957;1;10090967923;S
20240411;104256;3957;25;10090967924;S
20240411;104256;3957;5;10090967925;S
20240411;104256;3956.8;10;10090967926;S
20240411;104256;3956.8;2;10090967927;S
20240411;104256;3956.6;5;10090967928;S
20240411;104256;3956.6;5;10090967929;S
20240411;104256;3956.4;10;10090967970;S
20240411;104256;3956.2;5;10090967971;S
20240411;104256;3956.2;5;10090967972;S
20240411;104256;3956;10;10090967973;S
20240411;104256;3956;1;10090967974;S
20240411;104256;3956;20;10090967975;S
20240411;104256;3956;2;10090967976;S
20240411;104256;3956;10;10090967977;S
20240411;104256;3956;2;10090967978;S
20240411;104256;3955.8;5;10090967979;S
20240411;104256;3955.8;1;10090967980;S
20240411;104256;3955.8;39;10090967981;S
20240411;104256;3955.6;10;10090967982;S
20240411;104256;3955.6;2;10090967983;S
20240411;104256;3955.4;1;10090967984;S
20240411;104256;3955.4;1;10090967985;S
20240411;104256;3955.4;5;10090967986;S
20240411;104256;3955.2;10;10090967987;S
20240411;104256;3955;11;10090967988;S
20240411;104256;3955.2;1;10090968001;S
20240411;104256;3956;1;10090968002;B
20240411;104257;3955;8;10090968006;S
20240411;104257;3955.6;20;10090968107;B
20240411;104257;3956.2;1;10090968122;B
20240411;104259;3956.6;5;10090968258;B
20240411;104305;3957.2;1;10090969111;S
20240411;104308;3957.4;2;10090969600;B
20240411;104311;3957.2;2;10090970050;S
20240411;104312;3957.4;3;10090970078;B
20240411;104320;3957.4;1;10090971371;S
20240411;104320;3957.2;17;10090971372;S
20240411;104320;3956.8;5;10090971373;S
20240411;104320;3956.6;6;10090971374;S
20240411;104320;3956.6;2;10090971375;S
20240411;104320;3956;10;10090971376;S
20240411;104320;3956;1;10090971377;S
20240411;104320;3955.8;1;10090971378;S
20240411;104320;3955.8;29;10090971379;S
20240411;104320;3955.6;1;10090971380;S
20240411;104320;3955.6;40;10090971381;S
20240411;104320;3955.6;39;10090971382;S
20240411;104320;3955.6;3;10090971383;S
20240411;104320;3955.2;1;10090971384;S
20240411;104320;3955.2;1;10090971385;S
20240411;104320;3955;1;10090971386;S
20240411;104320;3955;1;10090971387;S
20240411;104320;3955;1;10090971388;S
20240411;104320;3955;3;10090971389;S
20240411;104320;3955;1;10090971390;S
20240411;104320;3955;5;10090971391;S
20240411;104320;3955;1;10090971392;S
20240411;104320;3955;10;10090971393;S
20240411;104320;3955;1;10090971394;S
20240411;104320;3955;50;10090971395;S
20240411;104320;3955;2;10090971396;S
20240411;104320;3955;10;10090971397;S
20240411;104320;3955;25;10090971398;S
20240411;104320;3955;2;10090971399;S
20240411;104320;3955;25;10090971400;S
20240411;104320;3955;1;10090971401;S
20240411;104320;3954.8;3;10090971402;S
20240411;104320;3954.8;1;10090971403;S
20240411;104320;3954.8;10;10090971404;S
20240411;104320;3954.8;5;10090971405;S
20240411;104320;3954.6;1;10090971406;S
20240411;104320;3954.6;1;10090971407;S
20240411;104320;3954.6;1;10090971408;S
20240411;104320;3954.6;2;10090971409;S
20240411;104320;3954.6;10;10090971410;S
20240411;104320;3954.6;1;10090971411;S
20240411;104320;3954.6;15;10090971412;S
20240411;104320;3954.6;1;10090971413;S
20240411;104320;3954.6;1;10090971414;S
20240411;104320;3954.4;1;10090971415;S
20240411;104320;3954.4;1;10090971416;S
20240411;104320;3954.4;10;10090971417;S
20240411;104320;3954.4;15;10090971418;S
20240411;104320;3954.2;50;10090971419;S
20240411;104320;3954.2;50;10090971420;S
20240411;104320;3954;25;10090971421;S
20240411;104320;3954.2;1;10090971430;S
20240411;104320;3954.2;38;10090971634;S
20240411;104320;3954.2;12;10090971635;S
20240411;104326;3955.6;37;10090973228;S
20240411;104326;3955.4;44;10090973229;S
20240411;104332;3955.6;1;10090974516;B
20240411;104332;3956;2;10090974517;B
20240411;104332;3956.2;4;10090974518;B
20240411;104332;3957;39;10090974519;B
20240411;104332;3957.2;30;10090974520;B
20240411;104335;3957;3;10090976962;S
20240411;104335;3957;3;10090976963;S
20240411;104335;3956.8;500;10090976964;S
20240411;104335;3955.6;169;10090976965;S
20240411;104335;3955.6;100;10090976966;S
20240411;104335;3955.4;40;10090976967;S
20240411;104335;3955.4;4;10090976968;S
20240411;104337;3955;1;10090977207;S
20240411;104337;3954.8;5;10090977208;S
20240411;104343;3955.2;1;10090977992;B
20240411;104353;3954.2;10;10090979570;S
20240411;104353;3954.2;1;10090979571;S
20240411;104359;3954.8;4;10090980452;B
20240411;104359;3954.8;50;10090980453;B
20240411;104359;3954.8;24;10090980454;B
20240411;104359;3955;24;10090980455;B
20240411;104359;3955;16;10090980456;B
20240411;104359;3955;27;10090980457;B
20240411;104359;3955.2;20;10090980458;B
20240411;104359;3955.4;85;10090980459;B
20240411;104400;3955.4;10;10090980512;B
20240411;104400;3955;4;10090980525;S
20240411;104403;3955;15;10090980840;B
20240411;104403;3955;3;10090980934;B
20240411;104406;3955.2;4;10090981276;S
20240411;104406;3955.2;3;10090981277;S
20240411;104407;3955.2;1;10090981417;S
20240411;104407;3955.2;2;10090981426;S
20240411;104408;3955.2;3;10090981477;S
20240411;104408;3955.2;13;10090981501;S
20240411;104408;3955;3;10090981502;S
20240411;104408;3955;38;10090981570;S
20240411;104408;3955;39;10090981571;S
20240411;104408;3955;4;10090981572;S
20240411;104408;3954.8;40;10090981573;S
20240411;104408;3954.2;4;10090981574;S
20240411;104408;3954.2;10;10090981575;S
20240411;104408;3954;33;10090981576;S
20240411;104408;3954;8;10090981577;S
20240411;104408;3954;1;10090981578;S
20240411;104408;3954;6;10090981579;S
20240411;104408;3954;5;10090981580;S
20240411;104408;3953.6;1;10090981581;S
20240411;104408;3953.6;1;10090981582;S
20240411;104408;3953.6;37;10090981583;S
20240411;104408;3953.6;2;10090981584;S
20240411;104408;3953.6;5;10090981585;S
20240411;104408;3953.6;2;10090981586;S
20240411;104408;3953.6;1;10090981587;S
20240411;104408;3953.4;1;10090981588;S
20240411;104408;3953.4;37;10090981589;S
20240411;104408;3953.2;37;10090981590;S
20240411;104408;3953.2;2;10090981591;S
20240411;104408;3953.2;5;10090981592;S
20240411;104408;3953;37;10090981593;S
20240411;104408;3953;25;10090981594;S
20240411;104408;3953;100;10090981595;S
20240411;104408;3953;10;10090981596;S
20240411;104408;3952.8;37;10090981597;S
20240411;104408;3952.8;5;10090981598;S
20240411;104408;3952.8;5;10090981599;S
20240411;104408;3952.8;5;10090981600;S
20240411;104408;3952.8;15;10090981601;S
20240411;104408;3952.8;50;10090981602;S
20240411;104408;3952.6;39;10090981603;S
20240411;104408;3952.6;37;10090981604;S
20240411;104408;3952.6;10;10090981605;S
20240411;104408;3952.4;39;10090981606;S
20240411;104408;3952.4;25;10090981607;S
20240411;104408;3953.6;8;10090981612;S
20240411;104409;3954.8;5;10090981640;B
20240411;104409;3953.6;3;10090981678;S
20240411;104411;3953.6;1;10090981830;S
20240411;104412;3953.8;2;10090981927;B
20240411;104412;3954.4;1;10090981928;B
20240411;104414;3954;30;10090982125;S
20240411;104415;3954;3;10090982235;S
20240411;104416;3953.8;7;10090982305;S
20240411;104424;3954.4;25;10090983212;S
20240411;104424;3954.4;10;10090983213;S
20240411;104424;3954.2;3;10090983214;S
20240411;104424;3954;2;10090983215;S
20240411;104424;3954.8;2;10090983220;B
20240411;104428;3955;15;10090983613;B
20240411;104428;3955;35;10090983614;B
20240411;104428;3954.2;2;10090983679;S
20240411;104435;3955;65;10090984251;B
20240411;104435;3955.2;250;10090984252;B
20240411;104435;3955.2;3;10090984253;B
20240411;104435;3955.4;85;10090984254;B
20240411;104435;3955.6;1;10090984260;S
20240411;104436;3955.8;3;10090984328;S
20240411;104436;3955.6;16;10090984329;S
20240411;104436;3955.6;36;10090984330;S
20240411;104437;3956;14;10090984421;S
20240411;104438;3955.6;17;10090984476;S
20240411;104438;3955.4;3;10090984477;S
20240411;104440;3955.6;3;10090984740;S
20240411;104440;3955.6;50;10090984741;S
20240411;104440;3955.6;2;10090984742;S
20240411;104440;3955.4;19;10090984743;S
20240411;104441;3956.4;1;10090984793;B
20240411;104441;3956.4;1;10090984844;B
20240411;104446;3956.4;3;10090985345;B
20240411;104446;3956.6;3;10090985346;B
20240411;104446;3956.8;5;10090985347;B
20240411;104446;3956.8;5;10090985348;B
20240411;104446;3957.2;56;10090985349;B
20240411;104453;3958;5;10090985817;B
20240411;104453;3958;3;10090985818;B
20240411;104453;3958;39;10090985819;B
20240411;104455;3958.2;14;10090986350;S
20240411;104455;3958;161;10090986351;S
20240411;104455;3958.6;2;10090986474;S
20240411;104457;3958.4;3;10090986709;B
20240411;104457;3958.8;31;10090986710;B
20240411;104457;3958.8;1;10090986711;B
20240411;104457;3959;1;10090986712;B
20240411;104457;3959;101;10090986713;B
20240411;104457;3959.2;100;10090986714;B
20240411;104457;3959.2;39;10090986715;B
20240411;104458;3959.6;10;10090986942;B
20240411;104459;3959.6;5;10090987016;B
20240411;104459;3959.6;3;10090987017;B
20240411;104501;3959.6;3;10090987316;B
20240411;104501;3959.8;7;10090987317;B
20240411;104504;3959.6;5;10090987748;S
20240411;104506;3959.6;5;10090987998;S
20240411;104506;3959.6;5;10090987999;S
20240411;104506;3959.6;5;10090988000;S
20240411;104508;3959.2;3;10090988166;B
20240411;104510;3958.2;1;10090988399;S
20240411;104520;3958.8;3;10090989676;B
20240411;104521;3958.8;7;10090989790;S
20240411;104524;3959;2;10090990133;B
20240411;104531;3959;2;10090990824;B
20240411;104532;3958.4;4;10090990933;S
20240411;104532;3958.2;1;10090990934;S
20240411;104532;3958.2;2;10090990935;S
20240411;104535;3959;1;10090991197;B
20240411;104554;3959.4;5;10090993807;S
20240411;104554;3959.4;3;10090993808;S
20240411;104554;3959.4;5;10090993809;S
20240411;104554;3959.2;25;10090993810;S
20240411;104554;3959;9;10090993811;S
20240411;104554;3959;103;10090993812;S
20240411;104554;3959.4;39;10090993846;B
20240411;104554;3959.4;40;10090993847;B
20240411;104554;3959.6;3;10090993848;B
20240411;104554;3959.6;3;10090993849;B
20240411;104554;3959.6;1;10090993850;B
20240411;104554;3959.8;5;10090993851;B
20240411;104554;3960;9;10090993852;B
20240411;104610;3959;50;10090996625;S
20240411;104611;3959;7;10090996845;S
20240411;104615;3959.6;40;10090997942;B
20240411;104615;3959.6;39;10090997943;B
20240411;104615;3959.8;8;10090997944;B
20240411;104615;3960;33;10090997945;B
20240411;104617;3959.8;39;10090998336;B
20240411;104617;3960;235;10090998337;B
20240411;104617;3960;100;10090998338;B
20240411;104617;3960;1;10090998339;B
20240411;104617;3960;5;10090998340;B
20240411;104617;3960;5;10090998341;B
20240411;104617;3960;1;10090998342;B
20240411;104617;3960;14;10090998343;B
20240411;104620;3959.2;8;10090998726;S
20240411;104620;3959;30;10090998727;S
20240411;104620;3959;50;10090998728;S
20240411;104620;3959;30;10090998729;S
20240411;104620;3959;1;10090998730;S
20240411;104620;3959;4;10090998731;S
20240411;104620;3959;27;10090998732;S
20240411;104624;3959.2;1;10090999198;B
20240411;104634;3958.6;1;10091000369;S
20240411;104634;3959;10;10091000377;B
20240411;104645;3958.8;1;10091002650;B
20240411;104649;3958.8;1;10091003047;B
20240411;104651;3958.8;2;10091003183;B
20240411;104658;3958.8;10;10091004281;B
20240411;104659;3958.6;6;10091004295;S
20240411;104701;3958.8;1;10091004707;B
20240411;104714;3958.8;24;10091005961;B
20240411;104714;3958.8;1;10091005962;B
20240411;104716;3958.6;1;10091006155;S
20240411;104716;3958.6;40;10091006156;S
20240411;104716;3958.6;8;10091006157;S
20240411;104716;3958.6;100;10091006158;S
20240411;104716;3958.6;20;10091006159;S
20240411;104716;3958.4;31;10091006160;S
20240411;104717;3958.4;2;10091006404;S
20240411;104722;3958.6;9;10091007148;B
20240411;104724;3958.6;5;10091007317;B
20240411;104731;3958.6;8;10091007954;B
20240411;104731;3958.6;39;10091007955;B
20240411;104739;3958.6;3;10091008777;S
20240411;104739;3958.4;7;10091008778;S
20240411;104749;3958.8;1;10091009745;B
20240411;104750;3958.6;3;10091009840;S
20240411;104750;3958.4;2;10091009841;S
20240411;104753;3958.4;3;10091010103;S
20240411;104753;3958.6;1;10091010149;B
20240411;104755;3958.6;32;10091010294;B
20240411;104755;3958.4;75;10091010304;S
20240411;104755;3958.2;5;10091010305;S
20240411;104755;3958.2;1;10091010306;S
20240411;104755;3958.2;8;10091010307;S
20240411;104755;3958;92;10091010308;S
20240411;104755;3958;10;10091010309;S
20240411;104755;3957.6;3;10091010310;S
20240411;104755;3957;50;10091010311;S
20240411;104755;3957;3;10091010312;S
20240411;104756;3956.6;2;10091010378;S
20240411;104758;3956.6;1;10091010596;S
20240411;104800;3957;2;10091010832;B
20240411;104807;3956.8;2;10091011665;B
20240411;104809;3956.8;1;10091011936;B
20240411;104815;3956.8;1;10091012540;B
20240411;104817;3956.6;12;10091012668;S
20240411;104835;3956.8;1;10091014843;B
20240411;104835;3956.8;5;10091014844;B
20240411;104835;3956.8;2;10091014845;B
20240411;104835;3956.8;13;10091014846;B
20240411;104835;3957;29;10091014847;B
20240411;104839;3957;4;10091015341;B
20240411;104840;3956.6;2;10091015443;S
20240411;104848;3956.6;5;10091016370;S
20240411;104852;3956.6;4;10091016925;S
20240411;104858;3957;11;10091017733;B
20240411;104859;3957;21;10091017763;B
20240411;104901;3956.6;1;10091018078;S
20240411;104902;3956.6;12;10091018134;S
20240411;104902;3956.6;13;10091018135;S
20240411;104902;3956.6;23;10091018136;S
20240411;104902;3956.6;40;10091018137;S
20240411;104902;3956.4;38;10091018138;S
20240411;104902;3956.4;130;10091018139;S
20240411;104903;3957;9;10091018417;B
20240411;104905;3956.6;10;10091018566;S
20240411;104913;3957;5;10091019504;B
20240411;104918;3956.6;1;10091019972;S
20240411;104930;3957;50;10091021109;B
20240411;104932;3956.6;5;10091021286;S
20240411;104938;3957;122;10091022004;B
20240411;104938;3957;7;10091022005;B
20240411;104945;3957.8;1;10091022551;S
20240411;104951;3957.8;1;10091023086;S
20240411;104951;3958;30;10091023123;B
20240411;104952;3958;25;10091023141;B
20240411;104952;3958;1;10091023142;B
20240411;104952;3958;4;10091023143;B
20240411;104952;3958;3;10091023157;B
20240411;104952;3958.2;27;10091023158;B
20240411;104956;3958.6;39;10091023681;B
20240411;104956;3958.8;2;10091023682;B
20240411;104956;3958.8;15;10091023683;B
20240411;104956;3959;25;10091023684;B
20240411;104956;3959;1;10091023685;B
20240411;104956;3959.4;150;10091023686;B
20240411;104956;3960;725;10091023687;B
20240411;104956;3960;7;10091023688;B
20240411;104956;3960;5;10091023689;B
20240411;104956;3960;30;10091023690;B
20240411;104956;3960;1;10091023691;B
20240411;105000;3959.6;39;10091023980;B
20240411;105002;3959.6;1;10091024197;S
20240411;105004;3959.8;14;10091024351;B
20240411;105004;3959.8;39;10091024352;B
20240411;105004;3960;387;10091024353;B
20240411;105004;3960;40;10091024354;B
20240411;105007;3959.8;1;10091024595;S
20240411;105009;3960;250;10091024754;B
20240411;105015;3960;2;10091025581;B
20240411;105016;3960;25;10091025679;B
20240411;105032;3959.8;2;10091028389;S
20240411;105032;3959.6;2;10091028390;S
20240411;105032;3958.8;50;10091028393;B
20240411;105032;3958.8;15;10091028394;B
20240411;105032;3959;39;10091028395;B
20240411;105032;3959.2;50;10091028396;B
20240411;105032;3959.4;46;10091028397;S
20240411;105032;3959.4;46;10091028398;S
20240411;105032;3959.4;46;10091028399;S
20240411;105032;3959.4;46;10091028400;S
20240411;105032;3959.4;154;10091028403;S
20240411;105032;3959.4;8;10091028404;S
20240411;105035;3958.2;15;10091028697;B
20240411;105053;3958;1;10091030215;S
20240411;105053;3958;56;10091030216;S
20240411;105054;3958;25;10091030379;S
20240411;105059;3958.2;10;10091030718;B
20240411;105100;3958;12;10091030843;S
20240411;105113;3958;57;10091031884;S
20240411;105113;3958;15;10091031885;S
20240411;105113;3957.2;5;10091031886;S
20240411;105113;3957;174;10091031887;S
20240411;105121;3957.8;1;10091032681;B
20240411;105122;3957.2;7;10091032799;S
20240411;105130;3957.8;1;10091033453;B
20240411;105131;3957.4;2;10091033617;S
20240411;105131;3957.4;1;10091033621;S
20240411;105141;3957.4;14;10091034948;S
20240411;105142;3957.4;1;10091035013;B
20240411;105142;3957.6;14;10091035014;B
20240411;105142;3957.6;15;10091035015;B
20240411;105156;3958.2;10;10091036420;B
20240411;105156;3958.2;14;10091036421;B
20240411;105156;3958.4;40;10091036422;B
20240411;105156;3959;3;10091036423;B
20240411;105156;3959.2;36;10091036424;B
20240411;105156;3959.4;68;10091036425;B
20240411;105156;3959.4;76;10091036426;B
20240411;105156;3959.6;5;10091036427;B
20240411;105156;3959.6;100;10091036428;B
20240411;105156;3959.8;10;10091036429;B
20240411;105156;3959.8;5;10091036430;B
20240411;105156;3959.8;120;10091036431;B
20240411;105156;3960;13;10091036432;B
20240411;105156;3958.6;10;10091036517;S
20240411;105157;3958.2;1;10091036571;S
20240411;105203;3959;2;10091037140;B
20240411;105207;3958.8;1;10091037767;B
20240411;105212;3958.6;48;10091038228;B
20240411;105223;3958.8;1;10091039176;B
20240411;105225;3958.8;2;10091039374;B
20240411;105225;3959;16;10091039375;B
20240411;105231;3959;7;10091039953;B
20240411;105233;3959;33;10091040100;B
20240411;105238;3959;20;10091040423;B
20240411;105238;3958.6;1;10091040459;B
20240411;105250;3958.8;5;10091041820;B
20240411;105250;3959;40;10091041821;B
20240411;105250;3959;13;10091041822;B
20240411;105250;3959;36;10091041823;B
20240411;105250;3959.6;35;10091041824;B
20240411;105259;3959.4;5;10091042835;B
20240411;105300;3959.4;5;10091042895;S
20240411;105300;3959.2;1;10091042896;S
20240411;105300;3959.2;5;10091042897;S
20240411;105300;3959;1;10091042898;S
20240411;105305;3959;1;10091043324;S
20240411;105309;3959;1;10091043706;S
20240411;105309;3959;4;10091043707;S
20240411;105314;3959;1;10091044131;S
20240411;105314;3959;2;10091044132;S
20240411;105326;3959.6;1;10091045061;B
20240411;105329;3959.6;25;10091045314;B
20240411;105349;3959.2;2;10091047121;S
20240411;105354;3959.2;1;10091047479;B
20240411;105357;3959.2;1;10091047710;B
20240411;105357;3959.2;13;10091047711;B
20240411;105357;3959.4;3;10091047712;B
20240411;105357;3959.4;20;10091047713;B
20240411;105358;3959.4;1;10091047760;B
20240411;105407;3959.4;15;10091048363;B
20240411;105409;3959.4;1;10091048487;B
20240411;105414;3959.2;1;10091048914;S
20240411;105414;3959;1;10091048915;S
20240411;105414;3959.4;1;10091048921;B
20240411;105432;3959.4;15;10091050426;B
20240411;105439;3959.4;8;10091051150;B
20240411;105439;3959.4;20;10091051151;B
20240411;105459;3959.6;11;10091053348;B
20240411;105504;3959.6;3;10091053974;B
20240411;105504;3959.6;7;10091053987;B
20240411;105504;3959.8;1;10091053988;B
20240411;105504;3959.8;1;10091053989;B
20240411;105504;3959.8;5;10091053990;B
20240411;105504;3959.8;11;10091053991;B
20240411;105507;3959.8;5;10091054248;B
20240411;105507;3960;8;10091054249;B
20240411;105509;3960;100;10091054462;B
20240411;105511;3960;3;10091054644;B
20240411;105513;3960;1;10091054852;B
20240411;105517;3960;9;10091055131;B
20240411;105517;3960;76;10091055132;B
20240411;105524;3960;200;10091055896;B
20240411;105525;3960;20;10091055932;B
20240411;105527;3960;2;10091056091;B
20240411;105528;3960;150;10091056169;B
20240411;105536;3960;1;10091056836;B
20240411;105541;3960;1;10091057397;B
20240411;105543;3960;9;10091057526;B
20240411;105555;3960;7;10091058765;B
20240411;105558;3959.8;38;10091059194;S
20240411;105558;3959.8;2;10091059195;S
20240411;105558;3959.8;5;10091059196;S
20240411;105558;3959.8;1;10091059197;S
20240411;105558;3959.6;6;10091059198;S
20240411;105558;3959.4;6;10091059199;S
20240411;105558;3959.4;6;10091059200;S
20240411;105558;3959.2;1;10091059201;S
20240411;105558;3959;1;10091059202;S
20240411;105558;3958.8;1;10091059203;S
20240411;105558;3958.8;1;10091059204;S
20240411;105618;3958.8;2;10091061736;B
20240411;105618;3958.8;1;10091061737;B
20240411;105618;3958.8;2;10091061738;B
20240411;105630;3959;15;10091062897;B
20240411;105640;3959.4;25;10091063712;S
20240411;105644;3959;1;10091064087;S
20240411;105646;3959;1;10091064242;S
20240411;105659;3959.2;10;10091065213;B
20240411;105705;3959.2;1;10091065762;B
20240411;105719;3959.2;20;10091066940;B
20240411;105729;3959.2;1;10091067627;B
20240411;105733;3959.2;1;10091067992;B
20240411;105736;3959.2;1;10091068193;B
20240411;105743;3959;60;10091068756;S
20240411;105758;3959.2;1;10091070005;B
20240411;105803;3959;1;10091070657;S
20240411;105807;3959.2;3;10091071115;B
20240411;105840;3959.2;2;10091075129;B
20240411;105840;3959.2;1;10091075185;B
20240411;105841;3959;31;10091075288;S
20240411;105841;3959;1;10091075289;S
20240411;105841;3959;10;10091075290;S
20240411;105841;3959;5;10091075291;S
20240411;105841;3959;13;10091075292;S
20240411;105845;3959;1;10091075569;S
20240411;105847;3959;4;10091075691;S
20240411;105847;3959.2;1;10091075863;B
20240411;105849;3959;10;10091076256;S
20240411;105858;3959.2;1;10091077279;B
20240411;105858;3959.2;5;10091077350;B
20240411;105858;3959.2;6;10091077351;B
