<DATE>;<TIME>;<LAST>;<VOL>;<ID>;<OPER>
20240520;095947;4259.600000000001;1;10389904943;B
20240520;095947;4259.600000000001;3;10389904944;B
20240520;095947;4259.600000000001;3;10389904945;B
20240520;095947;4259.600000000001;1;10389904946;B
20240520;095947;4259.600000000001;1;10389904947;B
20240520;095947;4259.600000000001;9;10389904948;B
20240520;095947;4259.600000000001;1;10389904949;B
20240520;095947;4259.600000000001;1;10389904950;B
20240520;095947;4259.600000000001;1;10389904951;B
20240520;095947;4259.600000000001;19;10389904952;B
20240520;095947;4259.600000000001;5;10389904953;B
20240520;095947;4259.600000000001;2;10389904954;B
20240520;095947;4259.600000000001;1;10389904955;B
20240520;095947;4259.600000000001;1;10389904956;B
20240520;095947;4259.600000000001;6;10389904957;B
20240520;095947;4259.600000000001;2;10389904958;B
20240520;095947;4259.600000000001;1;10389904959;B
20240520;095947;4259.600000000001;1;10389904960;B
20240520;095947;4259.600000000001;1;10389904961;B
20240520;095947;4259.600000000001;1;10389904962;B
20240520;095947;4259.600000000001;1;10389904963;S
20240520;095947;4259.600000000001;2;10389904964;S
20240520;095947;4259.600000000001;1;10389904965;S
20240520;095947;4259.600000000001;2;10389904966;S
20240520;095947;4259.600000000001;1;10389904967;S
20240520;095947;4259.600000000001;4;10389904968;S
20240520;095947;4259.600000000001;6;10389904969;S
20240520;095947;4259.600000000001;2;10389904970;S
20240520;095947;4259.600000000001;3;10389904971;S
20240520;095947;4259.600000000001;2;10389904972;S
20240520;095947;4259.600000000001;4;10389904973;S
20240520;095947;4259.600000000001;5;10389904974;S
20240520;095947;4259.600000000001;11;10389904975;B
20240520;095947;4259.600000000001;1;10389904976;B
20240520;095947;4259.600000000001;1;10389904977;B
20240520;095947;4259.600000000001;9;10389904978;B
20240520;095947;4259.600000000001;1;10389904979;S
20240520;095947;4259.600000000001;1;10389904980;S
20240520;095947;4259.600000000001;3;10389904981;S
20240520;095947;4259.600000000001;4;10389904982;S
20240520;095947;4259.600000000001;1;10389904983;S
20240520;095947;4259.600000000001;18;10389904984;S
20240520;095947;4259.600000000001;1;10389904985;S
20240520;095947;4259.600000000001;4;10389904986;S
20240520;095947;4259.600000000001;3;10389904987;S
20240520;095947;4259.600000000001;3;10389904988;S
20240520;095947;4259.600000000001;2;10389904989;S
20240520;095947;4259.600000000001;1;10389904990;S
20240520;095947;4259.600000000001;1;10389904991;S
20240520;095947;4259.600000000001;1;10389904992;S
20240520;095947;4259.600000000001;1;10389904993;S
20240520;095947;4259.600000000001;1;10389904994;S
20240520;095947;4259.600000000001;1;10389904995;S
20240520;095947;4259.600000000001;2;10389904996;S
20240520;095947;4259.600000000001;3;10389904997;S
20240520;095947;4259.600000000001;1;10389904998;S
20240520;095947;4259.600000000001;2;10389904999;S
20240520;095947;4259.600000000001;1;10389905000;S
20240520;095947;4259.600000000001;1;10389905001;S
20240520;095947;4259.600000000001;1;10389905002;S
20240520;095947;4259.600000000001;1;10389905003;S
20240520;095947;4259.600000000001;1;10389905004;S
20240520;095947;4259.600000000001;2;10389905005;S
20240520;095947;4259.600000000001;8;10389905006;S
20240520;095947;4259.600000000001;10;10389905007;S
20240520;095947;4259.600000000001;6;10389905008;S
20240520;095947;4259.600000000001;1;10389905009;S
20240520;095947;4259.600000000001;2;10389905010;S
20240520;095947;4259.600000000001;1;10389905011;S
20240520;095947;4259.600000000001;2;10389905012;S
20240520;095947;4259.600000000001;1;10389905013;S
20240520;095947;4259.600000000001;1;10389905014;S
20240520;095947;4259.600000000001;1;10389905015;S
20240520;095947;4259.600000000001;1;10389905016;S
20240520;095947;4259.600000000001;1;10389905017;S
20240520;095947;4259.600000000001;4;10389905018;S
20240520;095947;4259.600000000001;5;10389905019;S
20240520;095947;4259.600000000001;3;10389905020;S
20240520;095947;4259.600000000001;1;10389905021;S
20240520;095947;4259.600000000001;2;10389905022;S
20240520;095947;4259.600000000001;1;10389905023;S
20240520;095947;4259.600000000001;1;10389905024;S
20240520;095947;4259.600000000001;8;10389905025;S
20240520;095947;4259.600000000001;6;10389905026;S
20240520;095947;4259.600000000001;5;10389905027;S
20240520;095947;4259.600000000001;38;10389905028;S
20240520;095947;4259.600000000001;1;10389905029;S
20240520;095947;4259.600000000001;1;10389905030;S
20240520;095947;4259.600000000001;1;10389905031;S
20240520;095947;4259.600000000001;1;10389905032;S
20240520;095947;4259.600000000001;1;10389905033;S
20240520;095947;4259.600000000001;1;10389905034;S
20240520;095947;4259.600000000001;1;10389905035;S
20240520;095947;4259.600000000001;1;10389905036;S
20240520;095947;4259.600000000001;1;10389905037;S
20240520;095947;4259.600000000001;1;10389905038;S
20240520;095947;4259.600000000001;12;10389905039;S
20240520;095947;4259.600000000001;5;10389905040;S
20240520;095947;4259.600000000001;1;10389905041;S
20240520;095947;4259.600000000001;6;10389905042;B
20240520;095947;4259.600000000001;1;10389905043;B
20240520;095947;4259.600000000001;10;10389905044;B
20240520;095947;4259.600000000001;3;10389905045;B
20240520;095947;4259.600000000001;3;10389905046;B
20240520;095947;4259.600000000001;1;10389905047;B
20240520;095947;4259.600000000001;6;10389905048;S
20240520;095947;4259.600000000001;1;10389905049;S
20240520;095947;4259.600000000001;1;10389905050;S
20240520;095947;4259.600000000001;40;10389905051;S
20240520;095947;4259.600000000001;10;10389905052;B
20240520;095947;4259.600000000001;2;10389905053;S
20240520;095947;4259.600000000001;5;10389905054;S
20240520;095947;4259.600000000001;23;10389905055;S
20240520;095947;4259.600000000001;5;10389905056;S
20240520;095947;4259.600000000001;15;10389905057;S
20240520;095947;4259.600000000001;1;10389905058;S
20240520;095947;4259.600000000001;42;10389905059;S
20240520;095947;4259.600000000001;4;10389905060;S
20240520;095947;4259.600000000001;10;10389905061;S
20240520;095947;4259.600000000001;110;10389905062;S
20240520;095947;4259.600000000001;40;10389905063;S
20240520;095947;4259.600000000001;82;10389905064;S
20240520;095947;4259.600000000001;3;10389905065;B
20240520;095947;4259.600000000001;3;10389905066;B
20240520;095947;4259.600000000001;1;10389905067;S
20240520;095947;4259.600000000001;5;10389905068;S
20240520;095947;4259.600000000001;36;10389905069;S
20240520;095947;4259.600000000001;48;10389905070;S
20240520;095947;4259.600000000001;3;10389905071;S
20240520;095947;4259.600000000001;3;10389905072;S
20240520;095947;4259.600000000001;15;10389905073;S
20240520;095947;4259.600000000001;26;10389905074;S
20240520;095947;4259.600000000001;5;10389905075;S
20240520;095947;4259.600000000001;1;10389905076;S
20240520;095947;4259.600000000001;250;10389905077;S
20240520;095947;4259.600000000001;39;10389905078;S
20240520;095947;4259.600000000001;81;10389905079;S
20240520;095947;4259.600000000001;21;10389905080;S
20240520;095947;4259.600000000001;82;10389905081;S
20240520;095947;4259.600000000001;2;10389905082;S
20240520;095947;4259.600000000001;18;10389905083;B
20240520;095947;4259.600000000001;1;10389905084;S
20240520;095947;4259.600000000001;60;10389905085;S
20240520;095947;4259.600000000001;1;10389905086;S
20240520;095947;4259.600000000001;9;10389905087;S
20240520;095947;4259.600000000001;82;10389905088;S
20240520;095947;4259.600000000001;1;10389905089;S
20240520;095947;4259.600000000001;223;10389905090;S
20240520;095947;4259.600000000001;1;10389905091;S
20240520;095947;4259.600000000001;5;10389905092;S
20240520;095947;4259.600000000001;1;10389905093;S
20240520;095947;4259.600000000001;10;10389905094;S
20240520;095947;4259.600000000001;1;10389905095;B
20240520;100000;4259.600000000001;1;10389909362;B
20240520;100000;4259.8;500;10389909363;B
20240520;100000;4260;159;10389909364;B
20240520;100000;4260;175;10389909365;B
20240520;100000;4260;4;10389909366;B
20240520;100000;4260;325;10389909367;B
20240520;100000;4260;150;10389909368;B
20240520;100000;4262;170;10389909369;B
20240520;100000;4263.2;2;10389909370;B
20240520;100000;4263.2;2;10389909371;B
20240520;100000;4263.2;1;10389909372;B
20240520;100000;4263.2;1;10389909373;B
20240520;100000;4263.8;4;10389909374;B
20240520;100000;4264;82;10389909375;B
20240520;100000;4264.8;36;10389909376;B
20240520;100000;4265;2;10389909377;B
20240520;100000;4265;80;10389909378;B
20240520;100000;4267.8;2;10389909379;B
20240520;100000;4267.8;90;10389909380;B
20240520;100000;4268;1;10389909381;B
20240520;100000;4268;53;10389909382;B
20240520;100000;4268;19;10389909383;B
20240520;100000;4268;500;10389909384;B
20240520;100000;4269;1;10389909385;B
20240520;100000;4269;82;10389909386;B
20240520;100000;4269;11;10389909387;B
20240520;100000;4269;1;10389909388;B
20240520;100000;4269;1;10389909389;B
20240520;100000;4269.600000000001;50;10389909390;B
20240520;100000;4270;9;10389909391;B
20240520;100000;4270;1;10389909392;B
20240520;100000;4270;5;10389909393;B
20240520;100000;4270;11;10389909394;B
20240520;100000;4270;40;10389909395;B
20240520;100000;4270;3;10389909396;B
20240520;100000;4270;1;10389909397;B
20240520;100000;4270;1;10389909398;B
20240520;100000;4270;4;10389909399;B
20240520;100000;4270;5;10389909400;B
20240520;100000;4270;7;10389909401;B
20240520;100000;4270;2;10389909402;B
20240520;100000;4270;1;10389909403;B
20240520;100000;4270;21;10389909404;B
20240520;100000;4270;8;10389909405;B
20240520;100000;4270;1;10389909406;B
20240520;100000;4271;1;10389909407;B
20240520;100000;4271;13;10389909408;B
20240520;100000;4271;6;10389909409;B
20240520;100000;4271;1;10389909410;B
20240520;100000;4271;2;10389909411;B
20240520;100000;4271;1;10389909412;B
20240520;100000;4271;1;10389909413;B
20240520;100000;4271;15;10389909414;B
20240520;100000;4271;1;10389909415;B
20240520;100000;4271;8;10389909416;B
20240520;100000;4271;4;10389909417;B
20240520;100000;4271;1;10389909418;B
20240520;100000;4271;1;10389909419;B
20240520;100000;4271;1;10389909420;B
20240520;100000;4271;4;10389909421;B
20240520;100000;4271;4;10389909422;B
20240520;100000;4271;3;10389909423;B
20240520;100000;4271;3;10389909424;B
20240520;100000;4271;9;10389909425;B
20240520;100000;4271;4;10389909426;B
20240520;100000;4271;6;10389909427;B
20240520;100000;4271;4;10389909428;B
20240520;100000;4271;1;10389909429;B
20240520;100000;4271;4;10389909430;B
20240520;100000;4271;2;10389909431;B
20240520;100000;4271;2;10389909432;B
20240520;100000;4271;15;10389909433;B
20240520;100000;4271;4;10389909434;B
20240520;100000;4271;2;10389909435;B
20240520;100000;4271;20;10389909436;B
20240520;100000;4271;11;10389909437;B
20240520;100000;4271;10;10389909438;B
20240520;100000;4271;13;10389909439;B
20240520;100000;4271;15;10389909440;B
20240520;100000;4271;1;10389909441;B
20240520;100000;4271;92;10389909442;B
20240520;100000;4271;1;10389909443;B
20240520;100000;4271;2;10389909444;B
20240520;100000;4271;2;10389909445;B
20240520;100000;4271;1;10389909446;B
20240520;100000;4271;4;10389909447;B
20240520;100000;4271;80;10389909448;B
20240520;100001;4259;6;10389910136;S
20240520;100001;4258;6;10389910137;S
20240520;100001;4257.8;48;10389910138;S
20240520;100001;4259.8;4;10389910417;S
20240520;100001;4260.2;8;10389910715;B
20240520;100001;4260.2;7;10389910724;B
20240520;100001;4260.2;50;10389910905;S
20240520;100001;4264;1;10389911073;S
20240520;100001;4260.4;9;10389911074;S
20240520;100001;4260.600000000001;71;10389911095;S
20240520;100001;4260.4;149;10389911096;S
20240520;100001;4260.2;1;10389911354;S
20240520;100001;4260.600000000001;31;10389911626;S
20240520;100001;4260.4;90;10389911627;S
20240520;100001;4260;5;10389911628;S
20240520;100002;4260.2;7;10389911718;S
20240520;100002;4260.2;10;10389912298;S
20240520;100002;4260.2;2;10389912312;S
20240520;100002;4260.2;20;10389912331;S
20240520;100002;4260.2;2;10389912350;S
20240520;100002;4260;1;10389912988;S
20240520;100002;4260;10;10389912989;S
20240520;100002;4259.8;16;10389912990;S
20240520;100002;4259.8;8;10389912991;S
20240520;100002;4258;6;10389912992;S
20240520;100002;4258;10;10389913024;S
20240520;100002;4257.2;80;10389913025;S
20240520;100002;4257;24;10389913026;S
20240520;100002;4261.4;2;10389913036;B
20240520;100003;4261.4;10;10389913156;B
20240520;100003;4259.2;8;10389913359;S
20240520;100003;4259;5;10389913587;S
20240520;100003;4257;63;10389913588;S
20240520;100004;4260;1;10389913938;S
20240520;100004;4257.2;1;10389913939;S
20240520;100004;4257.2;4;10389914119;S
20240520;100004;4257;46;10389914120;S
20240520;100004;4257;1;10389914215;S
20240520;100004;4257.8;1;10389914474;B
20240520;100004;4257.8;1;10389914478;B
20240520;100004;4260.600000000001;3;10389914483;B
20240520;100004;4257.2;5;10389914485;S
20240520;100004;4257;1;10389914486;S
20240520;100004;4257.2;2;10389914492;S
20240520;100004;4260.600000000001;2;10389915134;B
20240520;100004;4261;23;10389915135;B
20240520;100005;4257.2;1;10389915268;S
20240520;100005;4257.2;2;10389915270;S
20240520;100005;4257.2;3;10389915271;S
20240520;100005;4257.2;20;10389915274;S
20240520;100005;4257;5;10389915275;S
20240520;100005;4260.8;1;10389915278;B
20240520;100005;4257;1;10389915285;S
20240520;100005;4257.2;5;10389915854;S
20240520;100005;4257;15;10389915855;S
20240520;100005;4261.8;1;10389915861;B
20240520;100005;4261.8;1;10389915867;B
20240520;100005;4257.2;5;10389915874;S
20240520;100005;4257;100;10389915875;S
20240520;100005;4257;2;10389915880;S
20240520;100005;4257;3;10389915972;S
20240520;100005;4261.8;1;10389915975;B
20240520;100005;4261.8;1;10389915983;B
20240520;100005;4261.8;1;10389915989;B
20240520;100005;4257;8;10389916721;S
20240520;100005;4261.4;1;10389916724;B
20240520;100005;4257;1;10389916728;S
20240520;100005;4257;1;10389916731;S
20240520;100005;4261.4;1;10389916734;B
20240520;100005;4257;15;10389917585;S
20240520;100005;4261.4;5;10389917592;B
20240520;100005;4257;5;10389917607;S
20240520;100005;4257;1;10389917655;S
20240520;100005;4257;4;10389917661;S
20240520;100005;4257;1;10389917662;S
20240520;100005;4257;1;10389917663;S
20240520;100005;4257;1;10389917664;S
20240520;100005;4257;2;10389917665;S
20240520;100005;4257;2;10389917673;S
20240520;100005;4261.4;8;10389917775;B
20240520;100005;4261.600000000001;3;10389917776;B
20240520;100005;4257;1;10389917778;S
20240520;100005;4261.600000000001;5;10389917899;B
20240520;100005;4262;5;10389917900;B
20240520;100005;4262.2;14;10389917901;B
20240520;100005;4257;2;10389917907;S
20240520;100005;4257;3;10389917917;S
20240520;100005;4256;1;10389917918;S
20240520;100005;4255.2;1;10389917919;S
20240520;100005;4255.2;5;10389917920;S
20240520;100005;4255.2;5;10389917921;S
20240520;100005;4255;2;10389917922;S
20240520;100005;4255;100;10389917923;S
20240520;100005;4255;1;10389917924;S
20240520;100005;4255;50;10389917925;S
20240520;100005;4255;25;10389917926;S
20240520;100005;4253.8;2;10389917927;S
20240520;100005;4252.600000000001;51;10389917928;S
20240520;100005;4252.600000000001;34;10389917966;S
20240520;100005;4252.2;70;10389917967;S
20240520;100005;4252.2;5;10389917968;S
20240520;100005;4252;1;10389917969;S
20240520;100005;4252;40;10389917970;S
20240520;100005;4252;1;10389917971;S
20240520;100005;4252;10;10389917972;S
20240520;100005;4251.2;30;10389917973;S
20240520;100005;4251.2;1;10389917974;S
20240520;100005;4251;20;10389917975;S
20240520;100005;4251;100;10389917976;S
20240520;100005;4251;300;10389917977;S
20240520;100005;4251;1;10389917978;S
20240520;100005;4251;200;10389917979;S
20240520;100005;4251;3;10389917980;S
20240520;100005;4250.4;12;10389917981;S
20240520;100005;4250.4;1;10389917982;S
20240520;100005;4250.2;1;10389917983;S
20240520;100005;4250.2;1;10389917984;S
20240520;100005;4250.2;1;10389917985;S
20240520;100005;4250;88;10389917986;S
20240520;100005;4257;5;10389918084;B
20240520;100005;4257.2;5;10389918085;B
20240520;100005;4257.2;2;10389918185;S
20240520;100005;4250.2;3;10389918186;S
20240520;100005;4258.600000000001;1;10389918192;B
20240520;100005;4250.2;2;10389918193;S
20240520;100005;4250;62;10389918194;S
20240520;100005;4250;1;10389918195;S
20240520;100005;4250;1;10389918196;S
20240520;100005;4250;1;10389918197;S
20240520;100005;4250;10;10389918198;S
20240520;100005;4250;123;10389918199;S
20240520;100006;4250.2;8;10389918547;S
20240520;100006;4250;27;10389918548;S
20240520;100006;4250;100;10389918549;S
20240520;100006;4250;2;10389918579;S
20240520;100006;4250;23;10389918640;S
20240520;100006;4250;3;10389918641;S
20240520;100006;4250;103;10389918642;S
20240520;100006;4250.2;1;10389918680;S
20240520;100006;4250;29;10389918681;S
20240520;100006;4250;20;10389918703;S
20240520;100006;4250;4;10389918760;S
20240520;100006;4254.8;1;10389918794;B
20240520;100006;4250;9;10389918834;S
20240520;100006;4250;2;10389918835;S
20240520;100006;4250;2;10389918836;S
20240520;100006;4250;4;10389918837;S
20240520;100006;4250;12;10389918845;S
20240520;100006;4250;8;10389918856;S
20240520;100006;4256;1;10389919054;B
20240520;100006;4256;1;10389919056;B
20240520;100006;4250.2;5;10389919059;S
20240520;100006;4250;12;10389919060;S
20240520;100006;4250;2;10389919063;S
20240520;100006;4256;3;10389919280;B
20240520;100006;4256.600000000001;7;10389919281;B
20240520;100006;4250;1;10389919874;S
20240520;100006;4255;1;10389919880;B
20240520;100006;4255;2;10389919881;B
20240520;100006;4250;2;10389919888;S
20240520;100006;4250;25;10389920035;S
20240520;100006;4250;3;10389920068;S
20240520;100006;4255;2;10389920189;B
20240520;100006;4256.4;3;10389920190;B
20240520;100006;4250.2;2;10389920195;S
20240520;100006;4250.2;2;10389920196;S
20240520;100006;4256.4;1;10389920198;B
20240520;100006;4250;4;10389920203;S
20240520;100006;4255.2;30;10389920208;B
20240520;100006;4256;10;10389920218;B
20240520;100006;4252.2;20;10389920249;S
20240520;100006;4250.2;10;10389920250;S
20240520;100006;4256.600000000001;2;10389920300;B
20240520;100006;4254;1;10389920325;S
20240520;100006;4254;4;10389920327;S
20240520;100006;4254;2;10389920380;S
20240520;100006;4255;1;10389920704;S
20240520;100006;4254;3;10389920705;S
20240520;100006;4252.8;1;10389920706;S
20240520;100006;4250.2;2;10389920707;S
20240520;100006;4250.2;38;10389920708;S
20240520;100006;4250.2;5;10389920709;S
20240520;100006;4250;27;10389920710;S
20240520;100007;4253;1;10389920872;S
20240520;100007;4252;28;10389920900;B
20240520;100007;4253;2;10389920901;B
20240520;100007;4251.600000000001;1;10389920924;S
20240520;100007;4250;4;10389920925;S
20240520;100007;4250;1;10389920926;S
20240520;100007;4250;7;10389920927;S
20240520;100007;4255;1;10389921009;S
20240520;100007;4255;1;10389921090;S
20240520;100007;4255;8;10389921468;S
20240520;100007;4254.4;2;10389921469;S
20240520;100007;4256.2;1;10389921488;B
20240520;100007;4252.4;1;10389921527;S
20240520;100007;4252.4;1;10389921531;S
20240520;100007;4252.4;1;10389921539;S
20240520;100007;4252.4;7;10389921554;S
20240520;100007;4251.2;5;10389921555;S
20240520;100007;4250.2;18;10389921556;S
20240520;100007;4250.2;45;10389921691;S
20240520;100007;4255;2;10389922222;S
20240520;100007;4255;1;10389922234;S
20240520;100007;4255;2;10389922242;S
20240520;100007;4251.2;13;10389922243;S
20240520;100007;4251.2;1;10389922254;S
20240520;100007;4253;10;10389922274;S
20240520;100007;4253;15;10389922302;S
20240520;100007;4251.2;5;10389922303;S
20240520;100007;4251.2;1;10389922359;S
20240520;100007;4251;1;10389922421;S
20240520;100007;4251;2;10389922539;S
20240520;100007;4251;1;10389922670;S
20240520;100008;4256.2;1;10389923229;B
20240520;100008;4252;1;10389923235;S
20240520;100008;4251.2;21;10389923236;S
20240520;100008;4256.2;1;10389923245;B
20240520;100008;4251;1;10389923253;S
20240520;100008;4251;1;10389923260;S
20240520;100008;4251;1;10389923272;S
20240520;100008;4256.2;2;10389923280;B
20240520;100008;4256.8;5;10389923281;B
20240520;100008;4256.600000000001;1;10389923682;B
20240520;100008;4252;1;10389924237;B
20240520;100008;4251.2;3;10389924563;S
20240520;100008;4251;1;10389924564;S
20240520;100008;4251;2;10389924794;S
20240520;100009;4256.600000000001;3;10389925924;B
20240520;100009;4256.8;1;10389925925;B
20240520;100009;4251;1;10389925933;S
20240520;100009;4250.4;2;10389925934;S
20240520;100009;4256.600000000001;4;10389925945;B
20240520;100009;4256.8;26;10389925946;B
20240520;100009;4256.4;1;10389925956;B
20240520;100009;4250.2;1;10389925965;S
20240520;100009;4250.4;2;10389926123;S
20240520;100009;4250.2;70;10389926124;S
20240520;100009;4250.2;31;10389926125;S
20240520;100009;4250.2;33;10389926126;S
20240520;100009;4250;18;10389926127;S
20240520;100009;4250;5;10389926128;S
20240520;100009;4250;10;10389926129;S
20240520;100009;4250;331;10389926130;S
20240520;100009;4250.2;10;10389926152;S
20240520;100009;4250.2;6;10389926232;S
20240520;100009;4250.2;1;10389926237;S
20240520;100009;4256;1;10389926337;B
20240520;100009;4250.2;2;10389926341;S
20240520;100009;4250.2;2;10389926450;S
20240520;100009;4250.2;1;10389926451;S
20240520;100009;4250.2;1;10389926492;S
20240520;100009;4250.2;12;10389926493;S
20240520;100009;4250.2;36;10389926541;S
20240520;100009;4250.2;31;10389926542;S
20240520;100009;4250;33;10389926543;S
20240520;100009;4256.8;4;10389926544;B
20240520;100009;4256.8;36;10389926545;B
20240520;100009;4256.8;40;10389926547;B
20240520;100009;4252;76;10389926571;S
20240520;100009;4250.2;71;10389926572;S
20240520;100009;4250;353;10389926573;S
20240520;100009;4250.2;31;10389926682;S
20240520;100009;4250;21;10389926683;S
20240520;100009;4250;39;10389926687;S
20240520;100009;4250;1;10389926806;S
20240520;100009;4250;4;10389926807;S
20240520;100009;4250;4;10389926813;S
20240520;100009;4250;12;10389926814;S
20240520;100009;4250;1;10389926815;S
20240520;100009;4250;6;10389926816;S
20240520;100009;4250;162;10389926817;S
20240520;100010;4256.600000000001;4;10389927461;B
20240520;100010;4256.600000000001;2;10389927462;B
20240520;100010;4256.8;2;10389927463;B
20240520;100010;4256.600000000001;1;10389927494;B
20240520;100010;4256.600000000001;2;10389927603;B
20240520;100010;4250.2;2;10389927670;S
20240520;100010;4250;5;10389927672;S
20240520;100010;4250.2;30;10389927677;S
20240520;100010;4256.600000000001;2;10389928062;B
20240520;100010;4256.8;3;10389928063;B
20240520;100010;4250.2;3;10389928092;S
20240520;100011;4250;82;10389928149;S
20240520;100011;4250;2;10389928165;S
20240520;100011;4256.4;3;10389928233;B
20240520;100011;4250;12;10389928248;S
20240520;100011;4256;20;10389928437;B
20240520;100011;4250;25;10389928580;S
20240520;100011;4250;41;10389928582;S
20240520;100011;4250;500;10389928717;S
20240520;100012;4250.2;2;10389929102;S
20240520;100012;4250;18;10389929103;S
20240520;100013;4250;1;10389929249;S
20240520;100013;4255.600000000001;5;10389929262;B
20240520;100013;4255.600000000001;10;10389929432;B
20240520;100014;4250.8;5;10389930104;S
20240520;100015;4251;1;10389930191;B
20240520;100016;4251;29;10389930739;B
20240520;100017;4251.2;3;10389930876;S
20240520;100017;4256;1;10389930953;B
20240520;100017;4256;1;10389930965;B
20240520;100017;4256;1;10389931002;B
20240520;100019;4254;1;10389931224;B
20240520;100019;4254.2;3;10389931225;B
20240520;100019;4252.2;31;10389931241;S
20240520;100019;4252;4;10389931242;S
20240520;100019;4252;71;10389931243;S
20240520;100019;4251.8;8;10389931244;S
20240520;100019;4252;14;10389931309;S
20240520;100020;4252;31;10389931785;S
20240520;100020;4252;4;10389931786;S
20240520;100020;4251.8;42;10389931787;S
20240520;100020;4251;15;10389931788;S
20240520;100020;4250.8;26;10389931789;S
20240520;100020;4254;1;10389931922;B
20240520;100020;4254;3;10389931962;B
20240520;100020;4254.2;12;10389931963;B
20240520;100020;4251;3;10389932005;S
20240520;100021;4251;1;10389932026;S
20240520;100021;4251;2;10389932027;S
20240520;100021;4254;4;10389932130;B
20240520;100021;4254.2;75;10389932131;B
20240520;100021;4256.2;2;10389932132;B
20240520;100021;4256.600000000001;8;10389932133;B
20240520;100021;4256.8;142;10389932134;B
20240520;100021;4257;19;10389932135;B
20240520;100022;4257;1;10389932268;B
20240520;100022;4251.8;8;10389932305;S
20240520;100022;4251.2;71;10389932306;S
20240520;100024;4254;1;10389933072;B
20240520;100024;4252;1;10389933126;S
20240520;100024;4252.2;1;10389933201;S
20240520;100024;4252;4;10389933202;S
20240520;100024;4251.8;1;10389933203;S
20240520;100025;4252;31;10389933833;S
20240520;100025;4251.8;4;10389933834;S
20240520;100025;4251.600000000001;10;10389933835;S
20240520;100025;4251.2;71;10389933836;S
20240520;100025;4251;4;10389933837;S
20240520;100025;4251;71;10389933838;S
20240520;100025;4251;2;10389933925;B
20240520;100025;4250.8;10;10389933930;S
20240520;100026;4251;20;10389934283;B
20240520;100026;4251;13;10389934285;B
20240520;100026;4252.2;4;10389934286;B
20240520;100026;4253.8;3;10389934287;B
20240520;100026;4253.600000000001;4;10389934288;B
20240520;100026;4253.8;16;10389934289;B
20240520;100026;4254;4;10389934291;B
20240520;100026;4256.4;16;10389934292;B
20240520;100026;4251;1;10389934324;S
20240520;100026;4255;1;10389934477;B
20240520;100027;4256.4;2;10389934671;B
20240520;100027;4251;16;10389934702;S
20240520;100028;4251.600000000001;1;10389935199;S
20240520;100028;4251;21;10389935200;S
20240520;100028;4251;16;10389935201;S
20240520;100028;4250.8;150;10389935219;S
20240520;100028;4255.2;1;10389935236;B
20240520;100030;4251.4;1;10389936251;S
20240520;100030;4251.2;2;10389936277;S
20240520;100030;4251;1;10389936278;S
20240520;100030;4250.8;9;10389936279;S
20240520;100030;4250.8;500;10389936280;S
20240520;100030;4250.8;4;10389936281;S
20240520;100030;4250;2;10389936282;S
20240520;100031;4250.2;4;10389936353;S
20240520;100031;4250;6;10389936354;S
20240520;100031;4250.2;1;10389936581;S
20240520;100031;4250.2;3;10389936682;S
20240520;100031;4250;30;10389936683;S
20240520;100032;4250.2;4;10389936739;S
20240520;100032;4250;6;10389936740;S
20240520;100032;4250;67;10389936764;S
20240520;100032;4250;7;10389936849;S
20240520;100033;4250;10;10389936958;S
20240520;100034;4250;5;10389937553;S
20240520;100035;4250;9;10389937742;S
20240520;100035;4250;419;10389937835;S
20240520;100036;4250;40;10389938005;S
20240520;100036;4250;697;10389938227;S
20240520;100036;4250;60;10389938235;S
20240520;100036;4250;20;10389938236;S
20240520;100038;4250;50;10389939019;S
20240520;100039;4250;50;10389939145;S
20240520;100040;4254.2;2;10389939282;B
20240520;100041;4251;12;10389939647;S
20240520;100041;4251;5;10389939724;S
20240520;100042;4253.8;1;10389939969;B
20240520;100042;4251;169;10389940006;S
20240520;100042;4250;897;10389940007;S
20240520;100042;4250;5;10389940008;S
20240520;100042;4250;30;10389940009;S
20240520;100042;4250;7;10389940010;S
20240520;100042;4250;1;10389940011;S
20240520;100042;4250;1;10389940012;S
20240520;100042;4250;1;10389940013;S
20240520;100042;4250;12;10389940014;S
20240520;100042;4250;1;10389940015;S
20240520;100042;4250;50;10389940016;S
20240520;100042;4250;100;10389940017;S
20240520;100042;4250;1;10389940018;S
20240520;100042;4250;1;10389940019;S
20240520;100042;4250;1;10389940020;S
20240520;100042;4250;1;10389940021;S
20240520;100042;4250;1;10389940022;S
20240520;100042;4250;9;10389940023;S
20240520;100042;4250;2;10389940024;S
20240520;100042;4250;10;10389940025;S
20240520;100042;4250;1;10389940026;S
20240520;100042;4250;1;10389940027;S
20240520;100042;4250;2;10389940028;S
20240520;100042;4250;5;10389940029;S
20240520;100042;4250;1;10389940030;S
20240520;100042;4250;1;10389940031;S
20240520;100042;4250;2;10389940032;S
20240520;100042;4250;1;10389940033;S
20240520;100042;4250;1;10389940034;S
20240520;100042;4250;3;10389940035;S
20240520;100042;4250;1;10389940036;S
20240520;100042;4250;4;10389940037;S
20240520;100042;4249;77;10389940038;S
20240520;100042;4249;2;10389940039;S
20240520;100042;4248;1;10389940040;S
20240520;100042;4246.600000000001;1;10389940041;S
20240520;100042;4246.600000000001;2;10389940042;S
20240520;100042;4245.600000000001;1;10389940043;S
20240520;100042;4245.2;12;10389940044;S
20240520;100042;4245;2;10389940045;S
20240520;100042;4245;2;10389940046;S
20240520;100042;4244;50;10389940047;S
20240520;100042;4243.8;1;10389940048;S
20240520;100042;4242.4;1;10389940049;S
20240520;100042;4242.4;70;10389940050;S
20240520;100042;4242;1;10389940051;S
20240520;100042;4241.8;1;10389940052;S
20240520;100042;4241.8;1;10389940053;S
20240520;100042;4241.8;2;10389940054;S
20240520;100042;4241.8;2;10389940055;S
20240520;100042;4241.600000000001;1;10389940056;S
20240520;100042;4241.600000000001;53;10389940057;S
20240520;100042;4241.600000000001;1;10389940075;S
20240520;100042;4241.600000000001;3;10389940078;S
20240520;100042;4241.600000000001;6;10389940079;S
20240520;100042;4241.4;3;10389940080;S
20240520;100042;4245;1;10389940087;B
20240520;100043;4241.600000000001;1;10389940155;S
20240520;100043;4241.600000000001;1;10389940178;S
20240520;100043;4241.600000000001;1;10389940184;S
20240520;100043;4241.600000000001;2;10389940185;S
20240520;100043;4245.4;2;10389940195;B
20240520;100043;4245.4;1;10389940197;B
20240520;100043;4245.4;2;10389940198;B
20240520;100043;4241.600000000001;5;10389940205;S
20240520;100043;4242.2;1;10389940261;S
20240520;100043;4242;1;10389940262;S
20240520;100043;4241.4;5;10389940263;S
20240520;100043;4241.2;1;10389940264;S
20240520;100043;4241.2;1;10389940265;S
20240520;100043;4241;80;10389940266;S
20240520;100043;4241;1;10389940267;S
20240520;100043;4245.2;15;10389940285;B
20240520;100043;4245.4;5;10389940286;B
20240520;100043;4245.600000000001;5;10389940287;B
20240520;100043;4246;5;10389940288;B
20240520;100043;4246.2;5;10389940289;B
20240520;100043;4246;5;10389940290;B
20240520;100043;4246.2;5;10389940291;B
20240520;100044;4241.4;1;10389940485;S
20240520;100044;4241.4;1;10389940498;S
20240520;100044;4241.4;5;10389940500;S
20240520;100044;4241.4;3;10389940511;S
20240520;100044;4241.2;2;10389940512;S
20240520;100044;4241.2;2;10389940528;S
20240520;100044;4241.2;6;10389940530;S
20240520;100044;4241.2;5;10389940531;S
20240520;100044;4241;14;10389940532;S
20240520;100044;4241;26;10389940534;S
20240520;100044;4241;18;10389940583;S
20240520;100044;4244.600000000001;20;10389940615;B
20240520;100045;4244;3;10389940733;S
20240520;100045;4243.8;2;10389940734;S
20240520;100045;4242.4;1;10389940735;S
20240520;100045;4241;4;10389940736;S
20240520;100045;4241;5;10389940920;S
20240520;100045;4244.2;1;10389941074;B
20240520;100045;4244.600000000001;4;10389941075;B
20240520;100046;4241;12;10389941093;S
20240520;100046;4241;1;10389941094;S
20240520;100046;4240.2;5;10389941095;S
20240520;100046;4240;1;10389941096;S
20240520;100046;4240;1;10389941097;S
20240520;100046;4240;15;10389941098;S
20240520;100046;4240;2;10389941110;S
20240520;100046;4244.600000000001;1;10389941159;B
20240520;100046;4244.600000000001;2;10389941193;B
20240520;100046;4240;6;10389941196;S
20240520;100046;4240;2;10389941201;S
20240520;100046;4244.600000000001;24;10389941203;B
20240520;100046;4244.8;4;10389941204;B
20240520;100046;4244.8;122;10389941205;B
20240520;100046;4240;1;10389941206;S
20240520;100046;4240;10;10389941207;S
20240520;100046;4240;5;10389941208;S
20240520;100046;4240;1;10389941209;S
20240520;100046;4240;1;10389941210;S
20240520;100046;4240;7;10389941211;S
20240520;100046;4240;1;10389941212;S
20240520;100046;4244.4;31;10389941242;B
20240520;100046;4244.600000000001;5;10389941243;B
20240520;100046;4244.8;17;10389941244;B
20240520;100046;4244.600000000001;5;10389941247;B
20240520;100046;4244.8;45;10389941248;B
20240520;100046;4244.8;1;10389941265;B
20240520;100046;4244.8;1;10389941314;B
20240520;100046;4240.2;5;10389941333;S
20240520;100046;4240;2;10389941334;S
20240520;100046;4240;1;10389941335;S
20240520;100046;4240;1;10389941336;S
20240520;100046;4240;40;10389941337;S
20240520;100046;4240;10;10389941338;S
20240520;100046;4240;3;10389941339;S
20240520;100046;4239.8;1;10389941340;S
20240520;100046;4239.8;5;10389941341;S
20240520;100046;4239;2;10389941342;S
20240520;100046;4238.2;1;10389941343;S
20240520;100046;4238.2;8;10389941344;S
20240520;100046;4238;1;10389941345;S
20240520;100046;4238;1;10389941346;S
20240520;100046;4238;1;10389941347;S
20240520;100046;4237.8;10;10389941348;S
20240520;100046;4237.600000000001;1;10389941349;S
20240520;100046;4237.2;37;10389941350;S
20240520;100046;4237.4;4;10389941360;S
20240520;100046;4240.600000000001;2;10389941463;B
20240520;100046;4244.2;8;10389941488;B
20240520;100046;4244.600000000001;5;10389941489;B
20240520;100046;4244.600000000001;18;10389941490;B
20240520;100046;4244.8;94;10389941491;B
20240520;100046;4240.2;9;10389941507;S
20240520;100046;4240;3;10389941514;S
20240520;100047;4240.2;3;10389941637;S
20240520;100047;4240;30;10389941638;S
20240520;100047;4240;17;10389941700;S
20240520;100047;4238.2;1;10389941701;S
20240520;100047;4237.600000000001;2;10389941702;S
20240520;100047;4237.600000000001;20;10389941703;S
20240520;100047;4237.600000000001;20;10389941705;S
20240520;100047;4237.600000000001;69;10389941707;S
20240520;100047;4237.600000000001;2;10389941725;S
20240520;100047;4237.600000000001;29;10389941730;S
20240520;100047;4237.600000000001;18;10389941731;S
20240520;100047;4242.8;1;10389941759;B
20240520;100048;4240;1;10389942026;S
20240520;100048;4240;10;10389942027;S
20240520;100048;4240;2;10389942028;S
20240520;100048;4239;1;10389942029;S
20240520;100048;4238.2;9;10389942030;S
20240520;100048;4240.2;1;10389942065;S
20240520;100048;4240.2;1;10389942137;S
20240520;100048;4239.4;2;10389942138;S
20240520;100048;4238.4;8;10389942139;S
20240520;100048;4238;10;10389942140;S
20240520;100048;4238;1;10389942141;S
20240520;100048;4237.8;1;10389942142;S
20240520;100048;4237.600000000001;5;10389942143;S
20240520;100048;4237.4;3;10389942144;S
20240520;100048;4237.4;5;10389942145;S
20240520;100048;4237.2;71;10389942146;S
20240520;100048;4237.2;31;10389942147;S
20240520;100048;4237;1;10389942148;S
20240520;100048;4237;1;10389942149;S
20240520;100048;4237;1;10389942150;S
20240520;100048;4237;500;10389942151;S
20240520;100048;4236.2;1;10389942152;S
20240520;100048;4236;1;10389942153;S
20240520;100048;4235.2;1;10389942154;S
20240520;100048;4235;1;10389942155;S
20240520;100048;4235;1;10389942156;S
20240520;100048;4235;1;10389942157;S
20240520;100048;4235;20;10389942158;S
20240520;100048;4234.8;1;10389942159;S
20240520;100048;4234.600000000001;1;10389942160;S
20240520;100048;4234;3;10389942161;S
20240520;100048;4233.4;10;10389942162;S
20240520;100048;4233.2;1;10389942163;S
20240520;100048;4233.2;1;10389942164;S
20240520;100048;4232;1;10389942165;S
20240520;100048;4231.8;23;10389942166;S
20240520;100048;4231.600000000001;23;10389942167;S
20240520;100048;4231.600000000001;40;10389942168;S
20240520;100048;4231.4;23;10389942169;S
20240520;100048;4231.2;23;10389942170;S
20240520;100048;4231.2;1;10389942171;S
20240520;100048;4231.2;100;10389942172;S
20240520;100048;4231;23;10389942173;S
20240520;100048;4231;3;10389942174;S
20240520;100048;4230.8;23;10389942175;S
20240520;100048;4230.8;8;10389942176;S
20240520;100048;4230.8;1;10389942177;S
20240520;100048;4230.600000000001;23;10389942178;S
20240520;100048;4230.4;23;10389942179;S
20240520;100048;4230.2;23;10389942180;S
20240520;100048;4230;23;10389942181;S
20240520;100048;4230;2;10389942182;S
20240520;100048;4240;35;10389942184;S
20240520;100048;4239.8;10;10389942203;B
20240520;100048;4239.8;1;10389942214;B
20240520;100048;4239.8;10;10389942219;B
20240520;100048;4239.600000000001;8;10389942225;B
20240520;100048;4241.2;2;10389942226;B
20240520;100048;4236;2;10389942246;S
20240520;100048;4236;1;10389942247;S
20240520;100048;4230.8;11;10389942248;S
20240520;100048;4236.4;4;10389942262;B
20240520;100048;4239.2;1;10389942276;B
20240520;100048;4233.8;1;10389942277;S
20240520;100048;4231.2;9;10389942278;S
20240520;100048;4231.2;30;10389942287;S
20240520;100048;4231.2;1;10389942288;S
20240520;100048;4231.2;2;10389942289;S
20240520;100048;4231;2;10389942290;S
20240520;100048;4231;3;10389942291;S
20240520;100048;4230.600000000001;8;10389942292;S
20240520;100048;4230.2;39;10389942293;S
20240520;100048;4235.4;1;10389942304;B
20240520;100048;4236;1;10389942337;B
20240520;100048;4237.8;5;10389942338;B
20240520;100048;4230.2;5;10389942343;S
20240520;100048;4230.2;10;10389942357;S
20240520;100049;4235;1;10389942454;B
20240520;100049;4230.2;56;10389942489;S
20240520;100049;4230.2;5;10389942490;S
20240520;100049;4230.2;9;10389942491;S
20240520;100049;4230.2;5;10389942513;S
20240520;100049;4230.2;5;10389942514;S
20240520;100049;4230;13;10389942515;S
20240520;100049;4230;20;10389942516;S
20240520;100049;4230;5;10389942517;S
20240520;100049;4230;3;10389942518;S
20240520;100049;4230;1;10389942519;S
20240520;100049;4230;5;10389942520;S
20240520;100049;4230;8;10389942521;S
20240520;100049;4230.2;5;10389942545;S
20240520;100049;4230;2;10389942546;S
20240520;100049;4230.2;2;10389942558;S
20240520;100049;4234.8;5;10389942561;B
20240520;100049;4234.8;8;10389942562;B
20240520;100049;4234.600000000001;5;10389942563;B
20240520;100049;4234.8;45;10389942564;B
20240520;100049;4230.2;3;10389942566;S
20240520;100049;4230.2;14;10389942567;S
20240520;100049;4234.600000000001;5;10389942568;B
20240520;100049;4235;5;10389942569;B
20240520;100049;4236.2;1;10389942571;B
20240520;100049;4235.2;7;10389942574;S
20240520;100049;4235.2;2;10389942598;S
20240520;100049;4235.2;5;10389942599;S
20240520;100049;4236.2;2;10389942614;B
20240520;100049;4236.600000000001;5;10389942615;B
20240520;100049;4236.600000000001;3;10389942616;B
20240520;100049;4235.2;30;10389942617;S
20240520;100049;4235.2;1;10389942630;S
20240520;100049;4235.2;35;10389942658;S
20240520;100049;4235.2;11;10389942664;S
20240520;100049;4235.2;5;10389942668;S
20240520;100049;4235.2;50;10389942681;S
20240520;100049;4235.4;1;10389942762;S
20240520;100049;4236.600000000001;1;10389942768;B
20240520;100049;4235.4;2;10389942774;S
20240520;100049;4235.4;7;10389942785;S
20240520;100049;4235.4;3;10389942786;S
20240520;100049;4235.2;20;10389942787;S
20240520;100049;4235.2;6;10389942788;S
20240520;100049;4235.2;5;10389942789;S
20240520;100049;4235.2;4;10389942793;S
20240520;100049;4235.2;9;10389942800;S
20240520;100049;4235;1;10389942801;S
20240520;100049;4235;4;10389942802;S
20240520;100050;4236.600000000001;1;10389942853;B
20240520;100050;4236.4;10;10389942871;S
20240520;100050;4235.8;4;10389942872;S
20240520;100050;4236.8;1;10389942916;B
20240520;100050;4235.8;2;10389942953;S
20240520;100050;4235;1;10389942954;S
20240520;100050;4234.4;1;10389942955;S
20240520;100050;4234;4;10389942956;S
20240520;100050;4232.8;2;10389942957;S
20240520;100050;4232.2;50;10389942958;S
20240520;100050;4232;1;10389942959;S
20240520;100050;4231.4;5;10389942960;S
20240520;100050;4231;1;10389942961;S
20240520;100050;4230.8;5;10389942962;S
20240520;100050;4230.600000000001;39;10389942963;S
20240520;100050;4230.4;1;10389942964;S
20240520;100050;4230.4;200;10389942965;S
20240520;100050;4230.4;1;10389942966;S
20240520;100050;4230.2;4;10389942967;S
20240520;100050;4230;20;10389942968;S
20240520;100050;4230;63;10389942969;S
20240520;100050;4230.4;1;10389942993;S
20240520;100050;4230.2;3;10389942994;S
20240520;100050;4230.2;1;10389942995;S
20240520;100050;4230;179;10389942996;S
20240520;100050;4230.2;4;10389943118;S
20240520;100050;4230;16;10389943119;S
20240520;100051;4234.4;1;10389943228;B
20240520;100051;4235.2;4;10389943271;B
20240520;100051;4235.2;6;10389943272;B
20240520;100051;4236;20;10389943515;B
20240520;100051;4236;1;10389943523;B
20240520;100052;4236;1;10389943583;B
20240520;100052;4236.2;2;10389943757;B
20240520;100052;4236.2;1;10389943761;B
20240520;100053;4236.2;1;10389943796;B
20240520;100053;4236.8;1;10389943862;B
20240520;100053;4236.8;1;10389944025;B
20240520;100054;4236.8;1;10389944218;B
20240520;100054;4236.8;1;10389944246;B
20240520;100054;4236.600000000001;2;10389944270;B
20240520;100055;4236.8;8;10389944567;B
20240520;100055;4237;11;10389944568;B
20240520;100055;4237;1;10389944647;B
20240520;100056;4236.600000000001;1;10389944794;S
20240520;100056;4236.4;1;10389944795;S
20240520;100056;4237;1;10389944809;B
20240520;100056;4236.8;201;10389944885;B
20240520;100056;4237;299;10389944886;B
20240520;100056;4236.2;1;10389944890;S
20240520;100056;4236;1;10389944891;S
20240520;100056;4235.4;17;10389944892;S
20240520;100056;4236.4;1;10389944906;S
20240520;100056;4237;150;10389944915;B
20240520;100057;4237;1;10389945014;B
20240520;100057;4237;1;10389945034;B
20240520;100057;4237;35;10389945223;B
20240520;100057;4237;1;10389945267;B
20240520;100058;4236.8;1;10389945554;S
20240520;100058;4236.4;1;10389945555;S
20240520;100058;4236.2;1;10389945556;S
20240520;100058;4236.2;1;10389945557;S
20240520;100058;4236;1;10389945558;S
20240520;100058;4236;1;10389945712;S
20240520;100059;4237;25;10389945899;B
20240520;100059;4237;1;10389945900;B
20240520;100059;4237.4;3;10389945901;B
20240520;100059;4239.4;5;10389945902;B
20240520;100059;4239.8;66;10389945903;B
20240520;100100;4237;1;10389946356;S
20240520;100100;4236.8;1;10389946357;S
20240520;100101;4239.2;1;10389946522;B
20240520;100102;4239.2;1;10389946779;B
20240520;100103;4237.8;1;10389947110;B
20240520;100104;4237.8;3;10389947333;B
20240520;100104;4239.2;2;10389947334;B
20240520;100104;4239.2;1;10389947468;B
20240520;100104;4239.600000000001;4;10389947469;B
20240520;100105;4239.600000000001;1;10389947516;B
20240520;100105;4237;1;10389947598;S
20240520;100105;4237;1;10389947599;S
20240520;100105;4237;3;10389947600;S
20240520;100105;4237;1;10389947619;S
20240520;100105;4239.600000000001;5;10389947663;B
20240520;100105;4239.600000000001;5;10389947689;B
20240520;100106;4237.8;2;10389947870;S
20240520;100108;4237.8;2;10389948292;S
20240520;100108;4237.600000000001;31;10389948293;S
20240520;100108;4237.600000000001;8;10389948294;S
20240520;100108;4237.4;2;10389948321;S
20240520;100108;4237.4;28;10389948442;S
20240520;100108;4237.2;1;10389948443;S
20240520;100108;4237;1;10389948444;S
20240520;100108;4237;2;10389948445;S
20240520;100108;4236.8;1;10389948446;S
20240520;100108;4236.600000000001;1;10389948447;S
20240520;100108;4236.4;1;10389948448;S
20240520;100108;4236.2;1;10389948449;S
20240520;100108;4236;1;10389948450;S
20240520;100108;4236;4;10389948451;S
20240520;100108;4235.8;1;10389948452;S
20240520;100108;4235.8;28;10389948453;S
20240520;100108;4235.600000000001;1;10389948454;S
20240520;100108;4235.2;5;10389948455;S
20240520;100108;4234.600000000001;31;10389948456;S
20240520;100108;4234.4;8;10389948457;S
20240520;100108;4234.2;30;10389948458;S
20240520;100109;4234.8;24;10389948689;S
20240520;100109;4234.600000000001;6;10389948690;S
20240520;100109;4234.600000000001;16;10389948753;S
20240520;100109;4234.600000000001;20;10389948847;S
20240520;100110;4234.600000000001;4;10389948965;S
20240520;100110;4234.600000000001;71;10389948966;S
20240520;100110;4234.4;100;10389948967;S
20240520;100110;4234;35;10389948968;S
20240520;100110;4233.600000000001;35;10389948969;S
20240520;100110;4232.4;10;10389948970;S
20240520;100110;4232.600000000001;4;10389949114;S
20240520;100110;4232.600000000001;16;10389949115;S
20240520;100110;4232.4;71;10389949116;S
20240520;100110;4236.600000000001;1;10389949394;B
20240520;100113;4237.4;4;10389950057;B
20240520;100113;4237.4;6;10389950058;B
20240520;100115;4236.8;10;10389950754;B
20240520;100116;4237;7;10389950970;S
20240520;100116;4237;5;10389950971;S
20240520;100117;4237.2;4;10389951072;B
20240520;100117;4237.2;6;10389951073;B
20240520;100118;4235;10;10389951244;S
20240520;100118;4234.8;2;10389951245;S
20240520;100118;4237;4;10389951328;B
20240520;100118;4237.2;29;10389951329;B
20240520;100118;4237.600000000001;136;10389951330;B
20240520;100118;4237.8;119;10389951331;B
20240520;100118;4237.8;9;10389951332;B
20240520;100119;4234.8;3;10389951497;S
20240520;100119;4234;1;10389951498;S
20240520;100119;4233.4;5;10389951499;S
20240520;100119;4233.2;4;10389951500;S
20240520;100119;4233;105;10389951501;S
20240520;100119;4233;3;10389951548;S
20240520;100121;4236.600000000001;1;10389952004;B
20240520;100123;4233.2;1;10389952302;S
20240520;100124;4236.600000000001;3;10389952399;B
20240520;100124;4236.600000000001;11;10389952400;B
20240520;100124;4233.2;9;10389952472;S
20240520;100124;4233;16;10389952473;S
20240520;100126;4233;29;10389952827;S
20240520;100126;4232.8;5;10389952828;S
20240520;100126;4232.8;11;10389952829;S
20240520;100127;4233;4;10389953213;B
20240520;100127;4235.600000000001;3;10389953220;B
20240520;100127;4236.2;7;10389953221;B
20240520;100128;4233.4;4;10389953425;S
20240520;100128;4233.4;3;10389953426;S
20240520;100129;4233.4;4;10389953597;S
20240520;100129;4233.2;11;10389953598;S
20240520;100129;4233.2;5;10389953644;S
20240520;100131;4234.600000000001;4;10389954106;B
20240520;100131;4234.8;6;10389954107;B
20240520;100131;4234.8;4;10389954163;B
20240520;100131;4235;11;10389954229;S
20240520;100134;4236;5;10389955116;B
20240520;100134;4236;4;10389955117;B
20240520;100134;4236.4;35;10389955118;B
20240520;100134;4236.600000000001;10;10389955119;B
20240520;100134;4236.600000000001;4;10389955120;B
20240520;100134;4235.8;1;10389955155;S
20240520;100134;4235.8;1;10389955156;S
20240520;100134;4235.8;1;10389955157;S
20240520;100134;4235.600000000001;1;10389955158;S
20240520;100134;4235.4;1;10389955159;S
20240520;100134;4235.2;1;10389955160;S
20240520;100134;4235;5;10389955161;S
20240520;100134;4233.600000000001;3;10389955162;S
20240520;100134;4233.4;4;10389955163;S
20240520;100134;4233.4;4;10389955164;S
20240520;100134;4233.2;84;10389955165;S
20240520;100134;4233;1;10389955166;S
20240520;100134;4232.8;1;10389955167;S
20240520;100134;4232.8;6;10389955168;S
20240520;100134;4232.600000000001;30;10389955169;S
20240520;100134;4232.4;259;10389955170;S
20240520;100136;4232.600000000001;4;10389956069;S
20240520;100136;4232.4;18;10389956070;S
20240520;100136;4235;4;10389956114;B
20240520;100136;4235.2;5;10389956115;B
20240520;100137;4232.4;1;10389956181;S
20240520;100137;4232.4;2;10389956185;S
20240520;100139;4234.8;1;10389956653;B
20240520;100139;4235.600000000001;5;10389956654;B
20240520;100139;4236.2;4;10389956655;B
20240520;100139;4236.4;1;10389956656;B
20240520;100139;4232.600000000001;1;10389956784;S
20240520;100139;4232.4;339;10389956785;S
20240520;100139;4232.4;1;10389956786;S
20240520;100139;4232.2;4;10389956787;S
20240520;100139;4231.600000000001;5;10389956788;S
20240520;100139;4231;1;10389956789;S
20240520;100139;4230.8;5;10389956790;S
20240520;100139;4230.8;10;10389956791;S
20240520;100139;4230.8;1;10389956792;S
20240520;100139;4230.600000000001;1;10389956793;S
20240520;100139;4230.4;10;10389956794;S
20240520;100139;4230.4;5;10389956795;S
20240520;100139;4230.4;1;10389956796;S
20240520;100139;4230.4;5;10389956797;S
20240520;100139;4230.4;5;10389956798;S
20240520;100139;4230.4;1;10389956799;S
20240520;100139;4230.2;50;10389956800;S
20240520;100139;4230;554;10389956801;S
20240520;100140;4230.4;1;10389956954;S
20240520;100140;4230.2;4;10389956955;S
20240520;100141;4233.8;1;10389957139;B
20240520;100141;4230.2;4;10389957145;S
20240520;100141;4230.2;1;10389957146;S
20240520;100141;4230;23;10389957147;S
20240520;100141;4230;1;10389957151;S
20240520;100141;4232.8;5;10389957221;S
20240520;100142;4232.8;2;10389957363;S
20240520;100142;4230;98;10389957364;S
20240520;100142;4230;3;10389957375;S
20240520;100142;4230;5;10389957393;S
20240520;100143;4231;30;10389957444;S
20240520;100143;4231;2;10389957486;S
20240520;100143;4230;248;10389957487;S
20240520;100143;4230;28;10389957575;S
20240520;100144;4232.4;2;10389957601;S
20240520;100144;4232.4;1;10389957602;S
20240520;100144;4231;1;10389957666;S
20240520;100145;4231;2;10389957968;S
20240520;100145;4231;34;10389958037;S
20240520;100145;4232;2;10389958041;B
20240520;100145;4233.4;4;10389958042;B
20240520;100145;4233.600000000001;18;10389958043;B
20240520;100146;4231;13;10389958133;S
20240520;100146;4230;1;10389958134;S
20240520;100146;4230;500;10389958267;S
20240520;100147;4232.4;1;10389958461;B
20240520;100147;4230;10;10389958470;S
20240520;100147;4231;4;10389958521;B
20240520;100147;4231;4;10389958560;S
20240520;100147;4230.600000000001;9;10389958583;B
20240520;100148;4230;3;10389958617;S
20240520;100149;4230;50;10389959064;S
20240520;100149;4230.4;3;10389959213;B
20240520;100150;4230.2;1;10389959341;S
20240520;100150;4230;13;10389959346;S
20240520;100150;4230;10;10389959393;S
20240520;100152;4230;1;10389959766;S
20240520;100152;4230;700;10389959805;S
20240520;100153;4230;9;10389960008;S
20240520;100154;4230.2;2;10389960255;B
20240520;100155;4230.2;3;10389960590;B
20240520;100155;4230.2;22;10389960591;B
20240520;100155;4230.2;25;10389960593;S
20240520;100155;4230;75;10389960594;S
20240520;100155;4230.2;20;10389960655;B
20240520;100155;4230;1;10389960680;S
20240520;100156;4230;98;10389960729;S
20240520;100158;4230;1;10389961143;S
20240520;100158;4230;5;10389961264;S
20240520;100159;4230.2;87;10389961365;B
20240520;100200;4230.4;2;10389961539;B
20240520;100200;4231.2;4;10389961540;B
20240520;100201;4231;8;10389962134;S
20240520;100202;4231.2;1;10389962331;B
20240520;100202;4231;22;10389962373;S
20240520;100204;4231;2;10389962706;S
20240520;100204;4231;2;10389962815;S
20240520;100204;4231;6;10389962827;S
20240520;100204;4231;10;10389962856;S
20240520;100204;4230.600000000001;1;10389962858;S
20240520;100204;4230.4;7;10389962859;S
20240520;100204;4230.4;7;10389962861;S
20240520;100206;4231.2;1;10389963158;B
20240520;100208;4231.2;1;10389963489;B
20240520;100208;4231.2;15;10389963512;B
20240520;100209;4230.600000000001;4;10389964016;S
20240520;100209;4230.4;43;10389964017;S
20240520;100209;4230.4;48;10389964018;S
20240520;100209;4230.2;160;10389964019;S
20240520;100209;4231;10;10389964119;B
20240520;100210;4230.4;11;10389964179;S
20240520;100210;4230.4;9;10389964248;S
20240520;100211;4230.2;2;10389964479;S
20240520;100211;4230.4;91;10389964521;B
20240520;100212;4230.4;33;10389964618;S
20240520;100212;4230.2;5;10389964768;S
20240520;100213;4230.8;42;10389964890;B
20240520;100213;4231;8;10389964891;B
20240520;100213;4230.8;1;10389964953;B
20240520;100214;4230.4;1;10389965080;S
20240520;100214;4230.4;4;10389965304;S
20240520;100214;4230.4;1;10389965305;S
20240520;100215;4230.4;2;10389965541;S
20240520;100216;4230.8;5;10389965929;B
20240520;100217;4230.4;1;10389966141;S
20240520;100219;4230.4;2;10389966971;S
20240520;100219;4230.600000000001;4;10389966979;B
20240520;100219;4230.600000000001;6;10389966980;B
20240520;100219;4230.4;10;10389967044;S
20240520;100219;4230.4;22;10389967068;S
20240520;100220;4230.4;12;10389967329;S
20240520;100220;4230.2;23;10389967330;S
20240520;100223;4230.2;40;10389967918;S
20240520;100223;4230.4;1;10389967971;B
20240520;100223;4230.4;1;10389967993;B
20240520;100224;4230.2;2;10389968049;S
20240520;100224;4230.2;8;10389968081;S
20240520;100224;4230.4;10;10389968160;B
20240520;100225;4230.2;10;10389968236;S
20240520;100225;4230.2;1;10389968237;S
20240520;100225;4230.2;2;10389968238;S
20240520;100225;4230.2;5;10389968239;S
20240520;100225;4230.2;1;10389968240;S
20240520;100225;4230.2;1;10389968241;S
20240520;100225;4230.2;2;10389968242;S
20240520;100225;4230.4;1;10389968259;B
20240520;100228;4230.2;8;10389968919;S
20240520;100228;4230.2;3;10389968920;S
20240520;100228;4230.2;1;10389969041;S
20240520;100228;4230.2;26;10389969060;S
20240520;100228;4230;24;10389969061;S
20240520;100229;4230;2;10389969151;S
20240520;100231;4230;1;10389969432;S
20240520;100231;4230.2;5;10389969682;B
20240520;100232;4230.2;4;10389969766;B
20240520;100232;4230.4;5;10389969767;B
20240520;100232;4230.4;14;10389969768;B
20240520;100233;4230.4;2;10389969929;B
20240520;100233;4230.4;8;10389969930;B
20240520;100233;4230.2;9;10389969941;S
20240520;100234;4230.2;1;10389970182;S
20240520;100234;4230.4;1;10389970447;B
20240520;100236;4230.4;5;10389970869;B
20240520;100236;4230.600000000001;94;10389970870;B
20240520;100236;4231;42;10389970871;B
20240520;100236;4231;9;10389970872;B
20240520;100236;4230.2;5;10389971026;S
20240520;100236;4230.2;2;10389971027;S
20240520;100237;4231;50;10389971184;B
20240520;100240;4230.4;1;10389971774;S
20240520;100240;4230.2;4;10389971775;S
20240520;100240;4230.2;4;10389971853;S
20240520;100240;4230.2;10;10389971854;S
20240520;100240;4230.2;10;10389971855;S
20240520;100240;4230.2;10;10389971856;S
20240520;100240;4230.2;2;10389971857;S
20240520;100241;4230.2;1;10389971900;B
20240520;100241;4230;62;10389971911;S
20240520;100241;4230.2;5;10389971940;B
20240520;100241;4230;22;10389971998;S
20240520;100241;4230;2;10389972046;S
20240520;100242;4230;1;10389972093;S
20240520;100242;4230.2;1;10389972167;B
20240520;100242;4230.2;1;10389972176;B
20240520;100242;4230;3;10389972180;S
20240520;100242;4230;5;10389972269;S
20240520;100243;4230.2;4;10389972382;B
20240520;100243;4230.2;5;10389972435;B
20240520;100244;4230.2;7;10389972715;B
20240520;100244;4230.2;5;10389972716;B
20240520;100244;4230.4;1;10389972768;S
20240520;100244;4230.4;17;10389972799;S
20240520;100244;4230;5;10389972800;S
20240520;100245;4231;20;10389972918;B
20240520;100245;4230;130;10389972964;S
20240520;100246;4230.2;5;10389973021;B
20240520;100246;4230.8;2;10389973022;B
20240520;100246;4231;13;10389973023;B
20240520;100246;4230.8;1;10389973155;B
20240520;100248;4230.8;1;10389973374;B
20240520;100248;4231;38;10389973375;B
20240520;100248;4231;20;10389973376;B
20240520;100248;4231;20;10389973377;B
20240520;100248;4231;5;10389973378;B
20240520;100249;4231.4;1;10389973551;S
20240520;100250;4232;1;10389973714;B
20240520;100250;4231.8;1;10389973810;S
20240520;100250;4231.8;1;10389973811;S
20240520;100250;4231.8;1;10389973812;S
20240520;100250;4231.8;1;10389973813;S
20240520;100250;4231.8;1;10389973814;S
20240520;100250;4231.8;1;10389973815;S
20240520;100250;4231.600000000001;1;10389973816;S
20240520;100250;4231.2;1;10389973817;S
20240520;100250;4231;52;10389973818;S
20240520;100250;4232;1;10389973848;B
20240520;100251;4232.4;1;10389973960;B
20240520;100251;4232.600000000001;3;10389973961;B
20240520;100251;4232.8;5;10389973962;B
20240520;100251;4233;20;10389973963;B
20240520;100251;4233;2;10389973964;B
20240520;100251;4233.600000000001;30;10389973965;B
20240520;100251;4234.4;58;10389973966;B
20240520;100253;4233.600000000001;1;10389974330;S
20240520;100253;4233.4;1;10389974331;S
20240520;100253;4233.2;1;10389974332;S
20240520;100253;4233;1;10389974333;S
20240520;100253;4232.600000000001;1;10389974334;S
20240520;100253;4232.2;1;10389974335;S
20240520;100253;4232;1;10389974336;S
20240520;100253;4231.8;1;10389974337;S
20240520;100253;4231.600000000001;2;10389974338;S
20240520;100254;4233;5;10389974525;S
20240520;100254;4233.600000000001;25;10389974661;S
20240520;100254;4233.4;5;10389974662;S
20240520;100255;4233.4;4;10389974722;S
20240520;100255;4233.4;1;10389974749;S
20240520;100255;4232.4;38;10389974750;S
20240520;100255;4234.8;5;10389974837;B
20240520;100255;4235;3;10389974838;B
20240520;100255;4236;8;10389974839;B
20240520;100255;4236;5;10389974840;B
20240520;100255;4236.4;35;10389974841;B
20240520;100255;4236.2;1;10389974860;B
20240520;100256;4232.4;2;10389974894;S
20240520;100256;4233.4;2;10389975044;S
20240520;100256;4236.2;1;10389975052;B
20240520;100257;4233.4;10;10389975326;S
20240520;100258;4233.2;2;10389975337;S
20240520;100258;4233.2;3;10389975338;S
20240520;100258;4233;51;10389975339;S
20240520;100258;4232.8;44;10389975340;S
20240520;100259;4233;1;10389975480;S
20240520;100259;4233;1;10389975494;S
20240520;100259;4232.4;16;10389975495;S
20240520;100300;4236.2;1;10389975791;B
20240520;100300;4237;1;10389975792;B
20240520;100300;4237;1;10389975793;B
20240520;100302;4233;4;10389976035;S
20240520;100302;4233;1;10389976062;S
20240520;100302;4232.600000000001;1;10389976063;S
20240520;100302;4232.600000000001;18;10389976064;S
20240520;100302;4232.4;32;10389976065;S
20240520;100303;4235.600000000001;5;10389976265;B
20240520;100303;4235.600000000001;3;10389976266;B
20240520;100303;4235.8;4;10389976267;B
20240520;100303;4236.600000000001;3;10389976268;B
20240520;100303;4236.4;1;10389976330;B
20240520;100304;4232.8;1;10389976685;S
20240520;100305;4232.8;4;10389976787;S
20240520;100305;4232.8;8;10389976788;B
20240520;100307;4232.8;5;10389977183;S
20240520;100307;4232.600000000001;3;10389977184;S
20240520;100307;4232.4;12;10389977185;S
20240520;100308;4235.2;5;10389977394;B
20240520;100308;4235.600000000001;1;10389977395;B
20240520;100308;4236;1;10389977396;B
20240520;100309;4235;5;10389977511;B
20240520;100313;4233.600000000001;2;10389978474;S
20240520;100313;4232.8;3;10389978475;S
20240520;100317;4233.600000000001;1;10389979251;S
20240520;100318;4233.600000000001;1;10389979406;S
20240520;100319;4234.4;1;10389979733;B
20240520;100319;4234.4;5;10389979734;B
20240520;100319;4234.8;1;10389979735;B
20240520;100319;4235.8;34;10389979736;B
20240520;100319;4235.8;3;10389979737;B
20240520;100319;4236;31;10389979738;B
20240520;100319;4236;44;10389979739;B
20240520;100319;4236.2;10;10389979740;B
20240520;100319;4236.2;15;10389979741;B
20240520;100319;4236.4;10;10389979742;B
20240520;100319;4236.8;75;10389979743;B
20240520;100320;4234.8;1;10389979943;S
20240520;100320;4234.8;5;10389979977;S
20240520;100322;4237;2;10389980541;B
20240520;100322;4237.4;1;10389980542;B
20240520;100322;4237.4;2;10389980543;B
20240520;100323;4236.2;1;10389980769;B
20240520;100324;4237.4;22;10389980852;B
20240520;100324;4237.600000000001;5;10389980853;B
20240520;100324;4237.600000000001;1;10389980854;B
20240520;100324;4236.8;19;10389980984;S
20240520;100324;4235.8;2;10389980985;S
20240520;100324;4235;5;10389980986;S
20240520;100324;4234.8;22;10389980987;S
20240520;100326;4237.600000000001;29;10389981297;B
20240520;100326;4237.600000000001;40;10389981298;B
20240520;100326;4237.8;66;10389981299;B
20240520;100326;4237.8;115;10389981300;B
20240520;100326;4236;2;10389981303;S
20240520;100326;4234.8;5;10389981304;S
20240520;100326;4234.8;13;10389981305;S
20240520;100328;4236.600000000001;5;10389981787;S
20240520;100328;4235.2;1;10389981828;S
20240520;100329;4236;10;10389981973;S
20240520;100329;4235;10;10389981974;S
20240520;100330;4236.600000000001;15;10389982068;B
20240520;100330;4237.600000000001;5;10389982069;B
20240520;100330;4237.600000000001;40;10389982070;B
20240520;100331;4237.600000000001;11;10389982285;S
20240520;100332;4237.600000000001;4;10389982326;S
20240520;100332;4237.600000000001;50;10389982404;S
20240520;100332;4237.600000000001;17;10389982405;S
20240520;100332;4236.4;3;10389982406;S
20240520;100332;4236.4;5;10389982452;S
20240520;100332;4236;5;10389982453;S
20240520;100332;4235.4;3;10389982454;S
20240520;100332;4235.2;5;10389982455;S
20240520;100332;4235;5;10389982456;S
20240520;100333;4235.2;30;10389982709;B
20240520;100333;4236.4;3;10389982710;B
20240520;100333;4236.8;5;10389982711;B
20240520;100333;4237.4;31;10389982712;B
20240520;100334;4237.2;1;10389982893;B
20240520;100335;4236;20;10389983018;S
20240520;100337;4236.8;5;10389983419;B
20240520;100337;4237;5;10389983420;B
20240520;100337;4237.2;2;10389983421;B
20240520;100337;4237.4;12;10389983422;B
20240520;100337;4237.4;2;10389983472;B
20240520;100337;4235.8;1;10389983548;S
20240520;100338;4237.600000000001;41;10389983644;B
20240520;100338;4237.8;209;10389983645;B
20240520;100341;4236.4;10;10389984613;S
20240520;100341;4235.8;12;10389984614;S
20240520;100342;4235.8;1;10389984827;S
20240520;100343;4237.8;1;10389984833;B
20240520;100343;4237.8;1;10389984842;B
20240520;100343;4237.8;1;10389984865;B
20240520;100343;4235.8;1;10389984924;S
20240520;100344;4236;5;10389985050;S
20240520;100344;4235.8;10;10389985051;S
20240520;100344;4235.600000000001;5;10389985052;S
20240520;100345;4237.4;43;10389985415;B
20240520;100345;4237.600000000001;600;10389985416;B
20240520;100345;4237.600000000001;42;10389985417;B
20240520;100345;4237.8;115;10389985418;B
20240520;100345;4235.600000000001;2;10389985420;S
20240520;100345;4237.600000000001;5;10389985511;B
20240520;100345;4237.8;5;10389985512;B
20240520;100346;4235.600000000001;5;10389985603;S
20240520;100346;4235.600000000001;28;10389985604;S
20240520;100346;4235.2;3;10389985605;S
20240520;100346;4235;17;10389985606;S
20240520;100346;4235.600000000001;1;10389985665;B
20240520;100346;4235.600000000001;5;10389985680;B
20240520;100346;4235.600000000001;2;10389985768;B
20240520;100347;4235.600000000001;4;10389985868;B
20240520;100347;4235.8;30;10389985869;B
20240520;100347;4236.4;3;10389985870;B
20240520;100347;4237.2;3;10389985871;B
20240520;100348;4235;2;10389985960;S
20240520;100348;4235;32;10389985961;S
20240520;100348;4237.2;3;10389986017;B
20240520;100349;4235;3;10389986345;S
20240520;100349;4234.8;17;10389986346;S
20240520;100350;4236.8;5;10389986571;B
20240520;100350;4237;1;10389986572;B
20240520;100350;4237.2;1;10389986573;B
20240520;100350;4237.2;5;10389986574;B
20240520;100350;4237.2;3;10389986575;B
20240520;100350;4237.2;5;10389986576;B
20240520;100350;4237.2;1;10389986577;B
20240520;100350;4237.4;42;10389986578;B
20240520;100350;4237.600000000001;10;10389986579;B
20240520;100350;4237.8;127;10389986580;B
20240520;100352;4237.8;3;10389986811;B
20240520;100352;4237.600000000001;5;10389986871;B
20240520;100353;4236.4;1;10389987199;S
20240520;100353;4236.2;5;10389987200;S
20240520;100354;4237.4;2;10389987323;B
20240520;100355;4236.2;5;10389987434;S
20240520;100355;4236.2;5;10389987435;S
20240520;100355;4236;1;10389987436;S
20240520;100355;4235.2;5;10389987437;S
20240520;100355;4235.2;1;10389987438;S
20240520;100355;4235;10;10389987439;S
20240520;100355;4235;23;10389987440;S
20240520;100356;4234.8;3;10389987583;S
20240520;100356;4234.8;1;10389987680;S
20240520;100357;4234.8;66;10389987775;S
20240520;100357;4234.600000000001;3;10389987776;S
20240520;100357;4234.600000000001;5;10389987777;S
20240520;100357;4234.600000000001;26;10389987778;S
20240520;100357;4234.4;5;10389987815;S
20240520;100400;4235;5;10389988540;S
20240520;100400;4235;1;10389988592;S
20240520;100402;4235;1;10389988948;S
20240520;100402;4235;1;10389988973;S
20240520;100402;4235;1;10389988994;S
20240520;100404;4235;2;10389989289;S
20240520;100405;4235;1;10389989402;S
20240520;100407;4235.8;3;10389989873;B
20240520;100407;4236;3;10389989874;B
20240520;100407;4236.4;1;10389989875;B
20240520;100407;4236.4;5;10389989876;B
20240520;100407;4236.600000000001;2;10389989877;B
20240520;100407;4236.8;30;10389989878;B
20240520;100407;4236.8;5;10389989879;B
20240520;100407;4236.8;41;10389989880;B
20240520;100407;4237;10;10389989881;B
20240520;100407;4237.2;1;10389989882;B
20240520;100407;4237.2;18;10389989883;B
20240520;100407;4237.2;1;10389989884;B
20240520;100407;4237.4;5;10389989885;B
20240520;100407;4237.600000000001;40;10389989886;B
20240520;100407;4237.8;85;10389989887;B
20240520;100407;4235.600000000001;1;10389989902;B
20240520;100407;4237.600000000001;1;10389989903;B
20240520;100407;4237.600000000001;10;10389989904;B
20240520;100407;4237.8;12;10389989905;B
20240520;100408;4236;1;10389990192;S
20240520;100408;4235.2;2;10389990193;S
20240520;100408;4235;3;10389990194;S
20240520;100410;4237;300;10389990662;B
20240520;100410;4237;2;10389990663;B
20240520;100410;4237;41;10389990664;B
20240520;100410;4237.600000000001;1;10389990665;B
20240520;100410;4237.8;156;10389990666;B
20240520;100411;4237.600000000001;142;10389990809;B
20240520;100411;4237.8;108;10389990810;B
20240520;100412;4237.8;200;10389990886;B
20240520;100412;4237.8;60;10389990887;B
20240520;100412;4237.8;500;10389990951;B
20240520;100412;4237.8;250;10389990952;B
20240520;100412;4237.8;39;10389990953;B
20240520;100413;4237;10;10389991006;S
20240520;100413;4237.8;10;10389991106;B
20240520;100413;4237.8;97;10389991117;B
20240520;100413;4237.8;10;10389991118;B
20240520;100413;4237.8;1;10389991119;B
20240520;100413;4237.8;2;10389991120;B
20240520;100413;4237.8;5;10389991121;B
20240520;100413;4238;1;10389991122;B
20240520;100413;4238;40;10389991123;B
20240520;100413;4238.2;41;10389991124;B
20240520;100414;4239.4;2;10389991352;B
20240520;100417;4238.2;10;10389991857;S
20240520;100417;4238.2;1;10389991858;S
20240520;100417;4238;10;10389991859;S
20240520;100417;4238;3;10389991860;S
20240520;100417;4237.8;1;10389991861;S
20240520;100417;4237.2;1;10389991862;S
20240520;100417;4237;1;10389991863;S
20240520;100417;4236;1;10389991864;S
20240520;100417;4236;1;10389991865;S
20240520;100417;4235.8;1;10389991866;S
20240520;100417;4236.8;4;10389991903;S
20240520;100417;4236.600000000001;142;10389991904;S
20240520;100417;4236.4;82;10389991905;S
20240520;100417;4236.4;10;10389991906;S
20240520;100417;4235.2;61;10389991907;S
20240520;100418;4239.4;1;10389992009;B
20240520;100418;4239.4;1;10389992047;B
20240520;100418;4239.600000000001;1;10389992048;B
20240520;100419;4236.4;1;10389992149;S
20240520;100419;4236.4;1;10389992164;S
20240520;100419;4235.600000000001;2;10389992165;S
20240520;100420;4238.8;1;10389992356;B
20240520;100420;4236.2;2;10389992442;S
20240520;100422;4238.4;1;10389992697;B
20240520;100422;4238.4;4;10389992698;S
20240520;100422;4236.2;3;10389992714;S
20240520;100423;4238.600000000001;1;10389992782;B
20240520;100425;4235.8;22;10389993190;S
20240520;100426;4238.2;4;10389993308;B
20240520;100426;4238.4;16;10389993309;B
20240520;100426;4238.2;2;10389993352;B
20240520;100426;4238;1;10389993391;B
20240520;100426;4238.2;2;10389993392;B
20240520;100427;4238.4;10;10389993453;B
20240520;100427;4238.600000000001;4;10389993454;B
20240520;100427;4238.8;9;10389993455;B
20240520;100427;4239;2;10389993456;B
20240520;100427;4239;1;10389993528;B
20240520;100427;4239.4;2;10389993529;B
20240520;100427;4239.8;2;10389993530;B
20240520;100427;4238.2;1;10389993567;S
20240520;100428;4238.2;1;10389993613;S
20240520;100428;4236;5;10389993614;S
20240520;100428;4235.8;16;10389993615;S
20240520;100428;4235.600000000001;3;10389993616;S
20240520;100428;4235.600000000001;3;10389993617;S
20240520;100430;4236;5;10389994044;S
20240520;100430;4235.600000000001;1;10389994045;S
20240520;100430;4235.600000000001;4;10389994046;S
20240520;100431;4238.600000000001;1;10389994452;S
20240520;100432;4236.4;1;10389994635;S
20240520;100433;4235.600000000001;1;10389994691;S
20240520;100433;4235.600000000001;5;10389994692;S
20240520;100433;4235.4;4;10389994693;S
20240520;100433;4235;60;10389994694;S
20240520;100433;4235;3;10389994695;S
20240520;100433;4235;100;10389994696;S
20240520;100433;4235;20;10389994697;S
20240520;100433;4235;2;10389994698;S
20240520;100433;4235;3;10389994699;S
20240520;100433;4235;39;10389994700;S
20240520;100433;4234.8;3;10389994701;S
20240520;100433;4234.600000000001;1;10389994702;S
20240520;100433;4234.600000000001;30;10389994703;S
20240520;100433;4234.4;52;10389994704;S
20240520;100433;4234.4;96;10389994705;S
20240520;100434;4236;8;10389995054;S
20240520;100434;4237.2;5;10389995090;B
20240520;100435;4236;1;10389995308;S
20240520;100435;4236;1;10389995388;S
20240520;100435;4235;1;10389995389;S
20240520;100436;4237.600000000001;4;10389995414;B
20240520;100436;4237.600000000001;21;10389995415;B
20240520;100436;4235;1;10389995464;S
20240520;100437;4237.4;1;10389995747;B
20240520;100438;4236.2;3;10389995945;S
20240520;100440;4237;11;10389996280;B
20240520;100441;4237;1;10389996440;B
20240520;100443;4236.2;2;10389996844;S
20240520;100444;4237;1;10389997048;B
20240520;100445;4236.2;2;10389997147;S
20240520;100445;4237;30;10389997160;B
20240520;100445;4237;15;10389997161;B
20240520;100445;4237;1;10389997195;S
20240520;100445;4236.2;18;10389997196;S
20240520;100445;4236.2;4;10389997197;S
20240520;100445;4235.8;8;10389997198;S
20240520;100447;4235.600000000001;6;10389997421;S
20240520;100447;4237.2;1;10389997469;B
20240520;100448;4238;1;10389997626;B
20240520;100448;4238;1;10389997627;B
20240520;100448;4238.2;1;10389997628;B
20240520;100448;4238.2;3;10389997629;B
20240520;100448;4238.4;37;10389997630;B
20240520;100448;4238.4;121;10389997631;B
20240520;100448;4238.600000000001;1;10389997632;B
20240520;100448;4238.8;5;10389997633;B
20240520;100448;4239.4;160;10389997634;B
20240520;100449;4235.8;29;10389997938;S
20240520;100449;4239.4;25;10389997959;B
20240520;100450;4235.8;1;10389998034;S
20240520;100451;4236;2;10389998276;S
20240520;100453;4238;1;10389998750;S
20240520;100453;4236.600000000001;1;10389998791;S
20240520;100454;4236.600000000001;3;10389998807;S
20240520;100454;4236;15;10389998808;S
20240520;100454;4235.8;65;10389998809;S
20240520;100457;4238.2;2;10389999454;B
20240520;100457;4238.4;4;10389999455;B
20240520;100457;4238.4;5;10389999456;B
20240520;100457;4238.600000000001;1;10389999457;B
20240520;100457;4238.8;1;10389999458;B
20240520;100457;4238.8;5;10389999459;B
20240520;100457;4239.2;2;10389999460;B
20240520;100458;4236.4;2;10389999813;S
20240520;100458;4236;4;10389999814;S
20240520;100458;4235.600000000001;4;10389999815;S
20240520;100458;4235.600000000001;20;10389999816;S
20240520;100459;4236.8;1;10389999969;B
20240520;100459;4237;6;10389999970;B
20240520;100500;4236;5;10390000240;S
20240520;100500;4235.8;10;10390000241;S
20240520;100501;4235.8;9;10390000439;S
20240520;100501;4236.2;10;10390000476;B
20240520;100501;4235.8;1;10390000493;S
20240520;100502;4236.2;10;10390000793;B
20240520;100502;4235.8;2;10390000814;S
20240520;100502;4235.8;4;10390000827;S
20240520;100502;4236.2;1;10390000919;B
20240520;100506;4236.2;24;10390001542;B
20240520;100506;4236.2;5;10390001584;B
20240520;100508;4236.2;1;10390001854;B
20240520;100509;4235.8;4;10390002293;S
20240520;100510;4235.8;32;10390002506;S
20240520;100510;4235.600000000001;10;10390002507;S
20240520;100510;4235.600000000001;3;10390002508;S
20240520;100511;4235.8;23;10390002643;S
20240520;100512;4236;1;10390002948;S
20240520;100512;4235.8;39;10390002949;S
20240520;100512;4235.8;146;10390002999;S
20240520;100512;4235.600000000001;35;10390003000;S
20240520;100512;4235.4;10;10390003001;S
20240520;100512;4235.2;1;10390003002;S
20240520;100512;4235;1;10390003003;S
20240520;100512;4235;20;10390003004;S
20240520;100512;4235;2;10390003005;S
20240520;100512;4235;1;10390003006;S
20240520;100512;4235;2;10390003007;S
20240520;100512;4235;1;10390003008;S
20240520;100512;4235;20;10390003009;S
20240520;100512;4235;50;10390003010;S
20240520;100512;4235;5;10390003011;S
20240520;100512;4235;1;10390003012;S
20240520;100512;4234.600000000001;4;10390003013;S
20240520;100512;4234.4;301;10390003014;S
20240520;100513;4236;3;10390003202;B
20240520;100513;4236;4;10390003370;B
20240520;100513;4236.2;41;10390003371;B
20240520;100515;4236.2;49;10390003625;B
20240520;100517;4235.2;10;10390004024;S
20240520;100517;4235.2;10;10390004025;S
20240520;100519;4236.2;79;10390004329;B
20240520;100523;4236.2;33;10390005222;B
20240520;100523;4235.600000000001;1;10390005360;S
20240520;100525;4236;1;10390005753;B
20240520;100525;4236.2;125;10390005754;B
20240520;100525;4236.2;32;10390005755;B
20240520;100525;4236.600000000001;1;10390005881;B
20240520;100526;4235.600000000001;1;10390005944;S
20240520;100527;4236.2;5;10390006312;S
20240520;100527;4236;30;10390006313;S
20240520;100529;4236;3;10390006708;S
20240520;100529;4235.8;5;10390006709;S
20240520;100529;4235.8;11;10390006710;S
20240520;100531;4236;4;10390007086;S
20240520;100533;4236;30;10390007606;S
20240520;100533;4236;20;10390007607;S
20240520;100535;4236;6;10390007987;S
20240520;100536;4236.2;1;10390008083;B
20240520;100536;4236.8;23;10390008084;B
20240520;100536;4236;11;10390008215;S
20240520;100537;4236.8;1;10390008385;B
20240520;100537;4237;1;10390008386;B
20240520;100537;4237;1;10390008387;B
20240520;100537;4237;1;10390008388;B
20240520;100537;4237;16;10390008389;B
20240520;100537;4236;1;10390008402;S
20240520;100537;4236;377;10390008411;S
20240520;100538;4237;29;10390008704;B
20240520;100539;4237;19;10390008798;S
20240520;100540;4235.600000000001;1;10390009009;S
20240520;100540;4235.600000000001;7;10390009243;S
20240520;100540;4235.4;2;10390009244;S
20240520;100541;4237;2;10390009296;S
20240520;100542;4236.2;68;10390009736;B
20240520;100542;4236.600000000001;34;10390009737;B
20240520;100542;4237.2;98;10390009738;B
20240520;100542;4237.4;3;10390009739;B
20240520;100542;4238.600000000001;10;10390009740;B
20240520;100542;4238.600000000001;64;10390009741;B
20240520;100542;4239;10;10390009742;B
20240520;100542;4239;5;10390009743;B
20240520;100542;4239;8;10390009744;B
20240520;100544;4236.600000000001;5;10390010142;S
20240520;100545;4236.8;4;10390010446;S
20240520;100545;4236.8;1;10390010515;S
20240520;100545;4236.600000000001;29;10390010516;S
20240520;100546;4236.4;4;10390010856;S
20240520;100546;4236.2;5;10390010857;S
20240520;100546;4236.2;91;10390010858;S
20240520;100548;4237;1;10390011387;S
20240520;100548;4237;3;10390011388;S
20240520;100549;4236.4;4;10390011723;S
20240520;100549;4236.2;3;10390011724;S
20240520;100552;4236.600000000001;1;10390012210;S
20240520;100552;4236.600000000001;1;10390012211;S
20240520;100553;4236.4;5;10390012363;S
20240520;100553;4236.2;15;10390012364;S
20240520;100554;4238;1;10390012542;B
20240520;100555;4237;2;10390012698;S
20240520;100555;4237;4;10390012699;S
20240520;100556;4237;4;10390012752;S
20240520;100556;4236.4;1;10390012753;S
20240520;100556;4236.2;1;10390013175;S
20240520;100558;4237.4;4;10390013361;B
20240520;100558;4237.8;5;10390013362;B
20240520;100558;4238;3;10390013363;B
20240520;100558;4238.600000000001;10;10390013364;B
20240520;100558;4238.8;1;10390013365;B
20240520;100558;4239;1;10390013366;B
20240520;100558;4239;4;10390013367;B
20240520;100558;4239;4;10390013368;B
20240520;100558;4239;4;10390013369;B
20240520;100558;4239;4;10390013370;B
20240520;100558;4239;23;10390013371;B
20240520;100558;4239;4;10390013372;B
20240520;100558;4239;4;10390013373;B
20240520;100558;4239.2;29;10390013374;B
20240520;100559;4236.600000000001;5;10390013557;S
20240520;100559;4236.4;4;10390013558;S
20240520;100559;4236.4;46;10390013559;S
20240520;100604;4238.2;1;10390014366;B
20240520;100604;4238.600000000001;1;10390014367;B
20240520;100605;4236.4;2;10390014553;S
20240520;100606;4236.600000000001;1;10390014751;S
20240520;100607;4237;24;10390014999;B
20240520;100609;4237;1;10390015557;B
20240520;100611;4236.8;1;10390015829;S
20240520;100611;4236.8;21;10390015830;S
20240520;100612;4236.600000000001;9;10390015964;S
20240520;100612;4236.4;3;10390015965;S
20240520;100612;4236.4;18;10390016006;S
20240520;100612;4236.4;17;10390016007;S
20240520;100612;4238;4;10390016009;B
20240520;100612;4238.4;5;10390016010;B
20240520;100612;4238.600000000001;1;10390016011;B
20240520;100612;4238.600000000001;3;10390016012;B
20240520;100613;4236.600000000001;1;10390016182;S
20240520;100613;4237.2;5;10390016206;B
20240520;100613;4237.4;2;10390016207;B
20240520;100614;4237.4;10;10390016367;S
20240520;100614;4237.4;5;10390016399;S
20240520;100614;4237.4;1;10390016445;S
20240520;100614;4238.2;4;10390016472;B
20240520;100614;4238.4;4;10390016473;B
20240520;100614;4238.4;1;10390016474;B
20240520;100614;4238.4;31;10390016475;B
20240520;100614;4238.600000000001;17;10390016476;B
20240520;100614;4238.8;3;10390016477;B
20240520;100614;4237.4;17;10390016497;S
20240520;100616;4237.600000000001;5;10390016887;S
20240520;100616;4237.4;20;10390016888;S
20240520;100618;4238;3;10390017147;S
20240520;100618;4238;35;10390017148;S
20240520;100618;4238.4;5;10390017194;B
20240520;100618;4238.600000000001;1;10390017195;B
20240520;100618;4238.8;31;10390017196;B
20240520;100619;4238.2;1;10390017306;S
20240520;100621;4238.2;14;10390017578;S
20240520;100621;4238.2;42;10390017579;S
20240520;100622;4238.4;4;10390017784;S
20240520;100622;4238.4;3;10390017792;S
20240520;100622;4238.4;31;10390017793;S
20240520;100622;4238.2;32;10390017794;S
20240520;100623;4238;97;10390017831;S
20240520;100623;4238;3;10390017833;S
20240520;100625;4238.4;2;10390018179;S
20240520;100625;4238.4;5;10390018265;S
20240520;100629;4238.600000000001;1;10390019037;B
20240520;100629;4238.600000000001;1;10390019038;B
20240520;100629;4238.600000000001;10;10390019039;B
20240520;100631;4238.4;30;10390019534;S
20240520;100631;4238.4;20;10390019535;S
20240520;100631;4238.4;20;10390019589;S
20240520;100632;4238.4;1;10390019664;S
20240520;100632;4238.600000000001;10;10390019703;B
20240520;100632;4238.8;1;10390019704;B
20240520;100632;4238.8;1;10390019727;B
20240520;100633;4238.4;1;10390019792;S
20240520;100634;4238.8;1;10390020037;B
20240520;100635;4238.600000000001;10;10390020352;S
20240520;100635;4238.4;10;10390020353;S
20240520;100636;4238.8;25;10390020460;B
20240520;100636;4238.600000000001;1;10390020592;S
20240520;100637;4238.600000000001;1;10390020670;S
20240520;100637;4238.600000000001;2;10390020671;S
20240520;100641;4238.4;11;10390021322;S
20240520;100641;4238.4;5;10390021323;S
20240520;100641;4238.4;17;10390021324;S
20240520;100641;4238.600000000001;30;10390021348;B
20240520;100641;4238.4;1;10390021354;S
20240520;100641;4238.4;6;10390021355;S
20240520;100641;4238.600000000001;1;10390021488;B
20240520;100643;4238.2;1;10390021652;S
20240520;100646;4238.4;1;10390022196;S
20240520;100646;4238.4;5;10390022197;S
20240520;100647;4238.600000000001;31;10390022287;B
20240520;100647;4238.8;31;10390022288;B
20240520;100647;4239;4;10390022289;B
20240520;100647;4239;4;10390022290;B
20240520;100647;4239;4;10390022291;B
20240520;100647;4239;6;10390022292;B
20240520;100647;4239.2;120;10390022293;B
20240520;100648;4238.8;1;10390022352;B
20240520;100648;4238.8;1;10390022441;B
20240520;100649;4238.8;1;10390022574;B
20240520;100649;4238.8;9;10390022575;B
20240520;100652;4238.8;8;10390023198;B
20240520;100652;4238.8;5;10390023199;B
20240520;100652;4239;71;10390023200;B
20240520;100652;4239;1;10390023201;B
20240520;100652;4239.2;30;10390023202;B
20240520;100652;4239.2;6;10390023203;B
20240520;100652;4239.2;1;10390023204;B
20240520;100652;4239.4;101;10390023205;B
20240520;100652;4240;10;10390023206;B
20240520;100652;4240;5;10390023207;B
20240520;100652;4240;1;10390023208;B
20240520;100652;4240;10;10390023209;B
20240520;100659;4239.600000000001;2;10390024510;S
20240520;100701;4239.8;1;10390024980;B
20240520;100704;4239.600000000001;10;10390025381;S
20240520;100705;4239.8;2;10390025569;S
20240520;100705;4239.8;1;10390025570;S
20240520;100705;4239.600000000001;3;10390025674;S
20240520;100705;4240;11;10390025701;B
20240520;100706;4240;24;10390025737;B
20240520;100710;4239.600000000001;1;10390026414;S
20240520;100711;4240;15;10390026436;B
20240520;100711;4240;4;10390026437;B
20240520;100711;4240;3;10390026438;B
20240520;100711;4240;5;10390026439;B
20240520;100711;4240;53;10390026440;B
20240520;100711;4240;1;10390026441;B
20240520;100711;4240;15;10390026442;B
20240520;100711;4240;1;10390026443;B
20240520;100711;4240;135;10390026444;B
20240520;100711;4240;10;10390026445;B
20240520;100711;4240;1;10390026446;B
20240520;100711;4240;7;10390026447;B
20240520;100711;4240.2;1;10390026511;B
20240520;100712;4240.2;135;10390026627;B
20240520;100712;4240.4;1;10390026628;B
20240520;100712;4240.600000000001;1;10390026629;B
20240520;100712;4240.8;1;10390026630;B
20240520;100712;4240.8;2;10390026631;B
20240520;100712;4241;10;10390026632;B
20240520;100712;4241.4;2;10390026744;B
20240520;100712;4241.4;5;10390026745;B
20240520;100712;4242;1;10390026746;B
20240520;100712;4243;58;10390026747;B
20240520;100714;4243;1;10390027068;B
20240520;100715;4242.8;1;10390027255;S
20240520;100715;4242.8;1;10390027256;S
20240520;100715;4242.600000000001;31;10390027257;S
20240520;100715;4242.600000000001;26;10390027258;S
20240520;100715;4243;1;10390027353;B
20240520;100716;4242.8;1;10390027433;B
20240520;100717;4242.600000000001;1;10390027759;S
20240520;100718;4242.600000000001;1;10390028143;S
20240520;100722;4242.600000000001;1;10390029116;S
20240520;100722;4242.600000000001;4;10390029117;S
20240520;100722;4242.4;47;10390029118;S
20240520;100722;4242.8;12;10390029139;B
20240520;100722;4242.8;26;10390029140;B
20240520;100722;4243;12;10390029141;B
20240520;100722;4242.600000000001;20;10390029238;S
20240520;100723;4243;10;10390029435;B
20240520;100724;4243;58;10390029541;B
20240520;100724;4243.2;85;10390029542;B
20240520;100724;4243.600000000001;1;10390029543;B
20240520;100724;4243.8;10;10390029544;B
20240520;100724;4244;1;10390029545;B
20240520;100724;4244;30;10390029546;B
20240520;100724;4244;1;10390029547;B
20240520;100724;4244;4;10390029548;B
20240520;100724;4244.4;1;10390029549;B
20240520;100724;4244.8;1;10390029550;B
20240520;100724;4245;320;10390029551;B
20240520;100724;4245;10;10390029552;B
20240520;100724;4245;1;10390029553;B
20240520;100724;4245;1;10390029554;B
20240520;100724;4245;6;10390029555;B
20240520;100725;4245.2;3;10390029668;S
20240520;100727;4245.2;2;10390030226;S
20240520;100728;4245.4;1;10390030249;B
20240520;100728;4246;1;10390030250;B
20240520;100728;4246.8;1;10390030251;B
20240520;100728;4247.2;1;10390030252;B
20240520;100728;4247.8;1;10390030253;B
20240520;100728;4247.8;2;10390030254;B
20240520;100730;4246;10;10390030598;B
20240520;100730;4247.600000000001;28;10390030599;B
20240520;100730;4247.600000000001;1;10390030709;B
20240520;100730;4247.600000000001;14;10390030710;B
20240520;100730;4248;5;10390030711;B
20240520;100733;4248;2;10390031177;B
20240520;100733;4248;3;10390031265;B
20240520;100733;4248;10;10390031266;B
20240520;100733;4248.600000000001;10;10390031267;B
20240520;100733;4249.600000000001;12;10390031268;B
20240520;100733;4249.600000000001;41;10390031269;B
20240520;100733;4249.8;1;10390031270;B
20240520;100733;4249.8;5;10390031271;B
20240520;100733;4249.8;5;10390031272;B
20240520;100733;4249.8;10;10390031273;B
20240520;100733;4250;3;10390031274;B
20240520;100734;4249.4;10;10390031317;S
20240520;100735;4249.8;1;10390031580;B
20240520;100736;4249.8;1;10390031688;B
20240520;100736;4249.600000000001;1;10390031763;S
20240520;100736;4249.600000000001;1;10390031764;S
20240520;100736;4249.600000000001;1;10390031773;B
20240520;100737;4249.8;1;10390031963;B
20240520;100737;4250;7;10390031964;B
20240520;100737;4250;5;10390031965;B
20240520;100737;4250;1;10390031966;B
20240520;100737;4250;1;10390031967;B
20240520;100737;4250;9;10390031968;B
20240520;100738;4250;5;10390032075;B
20240520;100738;4249.8;1;10390032122;S
20240520;100738;4249.600000000001;1;10390032123;S
20240520;100738;4249.600000000001;62;10390032124;S
20240520;100738;4249.4;1;10390032125;S
20240520;100738;4249.4;1;10390032126;S
20240520;100738;4249.4;1;10390032127;S
20240520;100738;4249.2;3;10390032133;S
20240520;100738;4248.600000000001;20;10390032153;S
20240520;100738;4248.600000000001;5;10390032171;S
20240520;100738;4250;12;10390032187;B
20240520;100739;4248.8;1;10390032312;S
20240520;100739;4248.600000000001;1;10390032313;S
20240520;100739;4249;3;10390032370;B
20240520;100739;4249.8;6;10390032371;B
20240520;100739;4249.8;21;10390032372;B
20240520;100740;4248.2;2;10390032580;S
20240520;100740;4248.2;1;10390032616;S
20240520;100741;4248.4;1;10390032704;B
20240520;100742;4248.4;3;10390032921;B
20240520;100745;4248.8;30;10390033485;B
20240520;100745;4249;20;10390033486;B
20240520;100747;4249.8;1;10390033701;B
20240520;100747;4249.600000000001;1;10390033866;B
20240520;100748;4249.4;4;10390033925;S
20240520;100748;4249.4;1;10390033951;S
20240520;100748;4249.4;6;10390033985;S
20240520;100749;4249.600000000001;1;10390034160;B
20240520;100750;4249.4;20;10390034351;S
20240520;100750;4249.4;40;10390034352;S
20240520;100751;4249.4;1;10390034409;S
20240520;100751;4249.4;49;10390034410;S
20240520;100753;4249;3;10390034693;S
20240520;100754;4249;23;10390034876;S
20240520;100754;4249;30;10390034972;S
20240520;100755;4249;7;10390035054;S
20240520;100756;4249.2;30;10390035251;B
20240520;100756;4249.600000000001;3;10390035252;B
20240520;100756;4249.8;3;10390035253;B
20240520;100756;4249.8;31;10390035254;B
20240520;100756;4250;174;10390035255;B
20240520;100756;4250;9;10390035256;B
20240520;100757;4249;100;10390035318;S
20240520;100758;4249;1;10390035453;S
20240520;100800;4249.4;1;10390035668;S
20240520;100800;4249.2;1;10390035669;S
20240520;100800;4249.2;1;10390035691;S
20240520;100800;4249.2;1;10390035692;S
20240520;100801;4248.4;1;10390035919;S
20240520;100801;4248.4;1;10390035920;S
20240520;100801;4248.4;26;10390035921;S
20240520;100803;4249.4;1;10390036131;B
20240520;100803;4249.600000000001;1;10390036132;B
20240520;100803;4249.8;71;10390036133;B
20240520;100803;4249.8;27;10390036134;B
20240520;100804;4249;2;10390036249;S
20240520;100804;4249.2;1;10390036394;B
20240520;100805;4249.2;1;10390036448;B
20240520;100805;4249;7;10390036482;S
20240520;100806;4249.2;25;10390036673;B
20240520;100807;4249.2;3;10390036876;B
20240520;100807;4249.2;9;10390036965;S
20240520;100807;4249.2;1;10390036966;S
20240520;100807;4249.600000000001;1;10390036971;B
20240520;100809;4249.4;1;10390037287;S
20240520;100809;4249.4;1;10390037288;S
20240520;100809;4249;1;10390037309;S
20240520;100811;4249.2;5;10390037736;B
20240520;100813;4249.4;1;10390037901;S
20240520;100813;4249.4;1;10390037902;S
20240520;100813;4249.2;5;10390037903;S
20240520;100813;4249.2;45;10390037904;S
20240520;100815;4249.600000000001;1;10390038252;S
20240520;100815;4249.600000000001;10;10390038253;S
20240520;100816;4249.600000000001;18;10390038430;S
20240520;100817;4249.600000000001;3;10390038603;S
20240520;100817;4249.600000000001;14;10390038658;S
20240520;100818;4249.600000000001;2;10390038841;S
20240520;100819;4249.600000000001;9;10390038995;S
20240520;100820;4249.600000000001;10;10390039253;S
20240520;100820;4249.8;31;10390039295;B
20240520;100820;4250;11;10390039296;B
20240520;100820;4250;1;10390039297;B
20240520;100820;4250;3;10390039298;B
20240520;100820;4250;1;10390039299;B
20240520;100820;4250;1800;10390039300;B
20240520;100820;4250;2;10390039301;B
20240520;100820;4250;5;10390039302;B
20240520;100820;4250;15;10390039303;B
20240520;100820;4250;200;10390039304;B
20240520;100822;4250.2;467;10390039535;S
20240520;100823;4250.4;20;10390039661;B
20240520;100823;4250.2;14;10390039688;S
20240520;100825;4250.2;2;10390040062;S
20240520;100826;4250.2;154;10390040097;S
20240520;100826;4250.4;1;10390040207;B
20240520;100826;4250.600000000001;1;10390040208;B
20240520;100826;4250.600000000001;3;10390040209;B
20240520;100826;4251;10;10390040210;B
20240520;100827;4251.2;1;10390040442;B
20240520;100828;4250.8;2;10390040608;B
20240520;100828;4251;15;10390040609;B
20240520;100828;4251.2;1;10390040610;B
20240520;100828;4251.2;2;10390040611;B
20240520;100829;4250.2;1;10390040717;S
20240520;100830;4251.2;1;10390040901;B
20240520;100830;4250.2;40;10390040995;S
20240520;100832;4250.2;11;10390041171;S
20240520;100833;4250.2;4;10390041332;S
20240520;100834;4250.4;1;10390041389;B
20240520;100834;4250.2;1;10390041421;S
20240520;100835;4250.2;1;10390041625;S
20240520;100836;4250.4;9;10390041643;B
20240520;100836;4251.2;7;10390041644;B
20240520;100836;4251.2;8;10390041645;B
20240520;100840;4250.2;2;10390042505;S
20240520;100843;4250.4;10;10390043060;S
20240520;100843;4250.4;40;10390043061;S
20240520;100844;4250.2;2;10390043273;S
20240520;100844;4250.8;1;10390043305;B
20240520;100845;4251;1;10390043419;B
20240520;100845;4251;4;10390043420;B
20240520;100846;4250.8;1;10390043720;B
20240520;100847;4250.8;3;10390043832;B
20240520;100847;4250.8;7;10390043833;B
20240520;100848;4251.2;1;10390044158;B
20240520;100852;4251;4;10390045040;S
20240520;100852;4251;6;10390045166;S
20240520;100854;4251;2;10390045373;S
20240520;100854;4251;3;10390045462;S
20240520;100856;4251;5;10390045728;S
20240520;100856;4251.2;13;10390045814;B
20240520;100859;4251.2;5;10390046443;B
20240520;100901;4251.2;5;10390046748;S
20240520;100901;4251.2;15;10390046749;S
20240520;100901;4251.4;1;10390046766;B
20240520;100901;4251.600000000001;1;10390046857;B
20240520;100901;4251.8;5;10390046858;B
20240520;100901;4251.8;4;10390046859;B
20240520;100902;4251.8;1;10390047026;B
20240520;100902;4252;10;10390047041;B
20240520;100902;4252.2;1;10390047042;B
20240520;100902;4252.2;14;10390047043;B
20240520;100903;4251.4;1;10390047121;S
20240520;100904;4251.600000000001;2;10390047334;S
20240520;100904;4251.600000000001;8;10390047335;S
20240520;100904;4252.4;10;10390047351;B
20240520;100904;4252.2;10;10390047363;S
20240520;100905;4252;1;10390047474;S
20240520;100906;4252;79;10390047555;S
20240520;100906;4252;32;10390047556;S
20240520;100906;4251;10;10390047649;S
20240520;100907;4251.2;1;10390047761;B
20240520;100907;4251.2;15;10390047762;B
20240520;100907;4251.2;8;10390047763;B
20240520;100908;4251;10;10390047943;S
20240520;100909;4251;10;10390048024;S
20240520;100910;4251;10;10390048290;S
20240520;100912;4251;10;10390048517;S
20240520;100912;4251;5;10390048566;S
20240520;100912;4251;5;10390048617;S
20240520;100914;4251;2;10390048869;S
20240520;100915;4251.2;1;10390049013;B
20240520;100915;4251.2;11;10390049172;B
20240520;100915;4251.2;20;10390049173;B
20240520;100915;4251.2;1;10390049174;B
20240520;100918;4251.2;1;10390049870;S
20240520;100919;4251.2;2;10390049924;S
20240520;100919;4251.2;26;10390049925;S
20240520;100919;4252;5;10390050075;B
20240520;100919;4252.2;8;10390050076;B
20240520;100922;4252.2;8;10390050836;S
20240520;100924;4252.2;4;10390051080;S
20240520;100927;4252.2;1;10390051483;S
20240520;100928;4252.4;1;10390051826;B
20240520;100932;4252.2;1;10390052492;S
20240520;100934;4252.2;20;10390052867;S
20240520;100935;4252.2;5;10390053111;S
20240520;100936;4252.4;1;10390053311;B
20240520;100936;4252.4;1;10390053312;B
20240520;100936;4252.4;1;10390053313;B
20240520;100936;4252.600000000001;2;10390053314;B
20240520;100936;4252.8;10;10390053315;B
20240520;100936;4253;5;10390053316;B
20240520;100936;4253.600000000001;2;10390053317;B
20240520;100936;4253.8;1;10390053318;B
20240520;100936;4253.8;1;10390053319;B
20240520;100936;4253.8;1;10390053320;B
20240520;100937;4252.4;3;10390053588;S
20240520;100937;4252.4;20;10390053589;S
20240520;100938;4252.8;1;10390053941;B
20240520;100939;4252.2;5;10390054082;S
20240520;100941;4252.4;6;10390054535;B
20240520;100941;4252.4;2;10390054536;B
20240520;100941;4253;1;10390054537;B
20240520;100942;4253;1;10390054695;S
20240520;100942;4253;10;10390054749;S
20240520;100942;4253.2;1;10390054762;B
20240520;100942;4253.4;2;10390054763;B
20240520;100942;4253.600000000001;8;10390054764;B
20240520;100944;4253;3;10390054945;S
20240520;100945;4253;7;10390055006;S
20240520;100945;4253;3;10390055007;S
20240520;100945;4253;1;10390055012;S
20240520;100945;4253;4;10390055013;S
20240520;100947;4253.4;1;10390055357;B
20240520;100948;4253;1;10390055734;S
20240520;100948;4253;24;10390055735;S
20240520;100948;4253.4;1;10390055767;B
20240520;100948;4253.600000000001;1;10390055800;B
20240520;100949;4253.4;1;10390055958;S
20240520;100949;4253.2;1;10390055959;S
20240520;100949;4253.2;10;10390055960;S
20240520;100950;4253;1;10390055967;S
20240520;100950;4253.4;1;10390056083;S
20240520;100951;4253;3;10390056325;S
20240520;100951;4253;3;10390056326;S
20240520;100955;4253.4;1;10390056970;S
20240520;100955;4253.4;9;10390056971;S
20240520;100959;4253;4;10390057620;S
20240520;100959;4253.4;2;10390057633;B
20240520;101003;4253.4;1;10390058946;S
20240520;101003;4253.4;1;10390058947;S
20240520;101003;4253.2;1;10390059141;S
20240520;101003;4253.2;4;10390059142;S
20240520;101003;4253;1;10390059273;S
20240520;101003;4253;61;10390059274;S
20240520;101004;4253;16;10390059514;S
20240520;101006;4253.2;20;10390059941;B
20240520;101006;4253.4;4;10390059942;B
20240520;101006;4253;1;10390060083;S
20240520;101007;4253;4;10390060139;S
20240520;101008;4253.2;1;10390060273;B
20240520;101008;4253.4;27;10390060274;B
20240520;101008;4253.4;1;10390060275;B
20240520;101008;4253.4;10;10390060276;B
20240520;101008;4253.4;9;10390060277;B
20240520;101008;4253.600000000001;5;10390060278;B
20240520;101008;4253.600000000001;2;10390060279;B
20240520;101008;4253.600000000001;3;10390060280;B
20240520;101008;4253.600000000001;5;10390060281;B
20240520;101008;4253.8;4;10390060282;B
20240520;101008;4253.8;3;10390060283;B
20240520;101008;4253.8;60;10390060284;B
20240520;101011;4253;13;10390060733;S
20240520;101011;4253.4;10;10390060790;B
20240520;101011;4253.600000000001;9;10390060791;B
20240520;101011;4253;5;10390060818;S
20240520;101011;4253;200;10390060819;S
20240520;101013;4253;1;10390061078;S
20240520;101013;4253;49;10390061079;S
20240520;101013;4253.2;10;10390061157;B
20240520;101016;4253;1;10390061613;B
20240520;101017;4253;1;10390061773;B
20240520;101017;4253.2;4;10390061867;S
20240520;101017;4253;3;10390061868;S
20240520;101017;4253;93;10390061869;S
20240520;101018;4252.600000000001;3;10390062093;S
20240520;101018;4252.600000000001;2;10390062094;S
20240520;101018;4252.600000000001;558;10390062095;S
20240520;101019;4252.4;1;10390062220;S
20240520;101019;4252.4;29;10390062221;S
20240520;101019;4252.8;8;10390062333;B
20240520;101019;4252.2;143;10390062418;S
20240520;101019;4252.2;263;10390062419;S
20240520;101020;4251.600000000001;3;10390062481;S
20240520;101021;4251.600000000001;33;10390062727;S
20240520;101021;4251.600000000001;138;10390062728;S
20240520;101023;4251.2;1;10390063011;S
20240520;101023;4251.2;4;10390063012;S
20240520;101023;4251.2;5;10390063013;S
20240520;101024;4252.8;1;10390063252;B
20240520;101024;4251.2;3;10390063255;S
20240520;101024;4251.2;4;10390063256;S
20240520;101024;4251.2;3;10390063257;S
20240520;101027;4252.4;40;10390063803;B
20240520;101027;4252.600000000001;10;10390063804;B
20240520;101028;4252.4;40;10390063835;B
20240520;101029;4252.8;2;10390064001;B
20240520;101030;4252.600000000001;40;10390064088;B
20240520;101030;4252.8;6;10390064089;B
20240520;101030;4253;3;10390064090;B
20240520;101030;4253.2;1;10390064095;S
20240520;101030;4252.8;40;10390064100;B
20240520;101030;4253;57;10390064101;B
20240520;101030;4253;1;10390064133;S
20240520;101032;4253.2;40;10390064504;B
20240520;101032;4253.2;10;10390064532;S
20240520;101032;4253.2;2;10390064625;B
20240520;101032;4253.2;35;10390064628;B
20240520;101033;4253;10;10390064829;S
20240520;101033;4253;40;10390064844;S
20240520;101034;4253;21;10390065049;S
20240520;101035;4253.2;40;10390065209;B
20240520;101035;4253.2;10;10390065210;B
20240520;101036;4253.2;21;10390065263;B
20240520;101036;4253.2;3;10390065264;B
20240520;101038;4253;3;10390065574;S
20240520;101038;4253;2;10390065626;S
20240520;101038;4253;7;10390065685;S
20240520;101039;4253;30;10390065749;S
20240520;101040;4253;9;10390066086;S
20240520;101040;4253;21;10390066092;S
20240520;101041;4253;9;10390066219;S
20240520;101041;4253;38;10390066220;S
20240520;101043;4253;50;10390066525;S
20240520;101043;4253;50;10390066526;S
20240520;101045;4252;27;10390067006;S
20240520;101045;4251.600000000001;3;10390067052;S
20240520;101047;4252;1;10390067419;B
20240520;101047;4252.2;1;10390067420;B
20240520;101047;4252.600000000001;1;10390067421;B
20240520;101047;4252.8;31;10390067422;B
20240520;101047;4253;14;10390067423;B
20240520;101047;4253;15;10390067424;B
20240520;101047;4253;2;10390067425;B
20240520;101047;4253;35;10390067498;S
20240520;101049;4253;10;10390067744;S
20240520;101049;4253.2;1;10390067749;B
20240520;101050;4253;10;10390067886;S
20240520;101050;4253;3;10390067905;S
20240520;101051;4253;5;10390068064;S
20240520;101053;4253;10;10390068489;S
20240520;101054;4253;13;10390068536;S
20240520;101054;4253;5;10390068561;S
20240520;101055;4253;1;10390068822;S
20240520;101055;4253;1;10390068869;S
20240520;101057;4253.2;1;10390068996;B
20240520;101057;4253.2;11;10390068997;B
20240520;101057;4253.2;5;10390068998;B
20240520;101057;4253.2;5;10390068999;B
20240520;101057;4253.2;4;10390069000;B
20240520;101057;4253.2;10;10390069001;B
20240520;101057;4253.600000000001;1;10390069002;B
20240520;101057;4253.600000000001;71;10390069003;B
20240520;101057;4253.600000000001;31;10390069004;B
20240520;101057;4253.8;40;10390069005;B
20240520;101057;4254;70;10390069006;B
20240520;101058;4253.600000000001;1;10390069194;S
20240520;101059;4253.8;2;10390069310;B
20240520;101100;4253.600000000001;1;10390069431;S
20240520;101100;4253.600000000001;1;10390069432;S
20240520;101100;4253.600000000001;1;10390069433;S
20240520;101100;4253.600000000001;15;10390069434;S
20240520;101102;4253.8;29;10390069884;B
20240520;101102;4254;21;10390069885;B
20240520;101102;4253.600000000001;1;10390069939;S
20240520;101102;4253.8;31;10390070004;B
20240520;101102;4254;80;10390070005;B
20240520;101102;4254;1;10390070006;B
20240520;101102;4254;30;10390070007;B
20240520;101102;4254.2;1;10390070011;B
20240520;101102;4254.4;1;10390070012;B
20240520;101102;4254.4;8;10390070013;B
20240520;101103;4254.4;1;10390070189;B
20240520;101104;4254.2;6;10390070402;S
20240520;101104;4254.2;1;10390070403;S
20240520;101105;4254.2;1;10390070623;S
20240520;101105;4254.4;13;10390070630;B
20240520;101105;4254.4;1;10390070631;B
20240520;101106;4254.8;1;10390070705;S
20240520;101106;4255;2;10390070896;B
20240520;101106;4255;2;10390070897;B
20240520;101106;4255;23;10390070898;B
20240520;101106;4255;1;10390070899;B
20240520;101106;4255;330;10390070900;B
20240520;101107;4255;24;10390070940;B
20240520;101107;4254.8;1;10390070942;S
20240520;101107;4254.8;1;10390070943;S
20240520;101107;4254.8;1;10390070944;S
20240520;101107;4254.8;1;10390070945;S
20240520;101107;4254.8;1;10390070946;S
20240520;101107;4254.600000000001;22;10390070947;S
20240520;101107;4254.600000000001;23;10390070948;S
20240520;101107;4254.8;1;10390070986;B
20240520;101108;4254.8;1;10390071220;S
20240520;101109;4254.8;1;10390071381;S
20240520;101109;4254.8;1;10390071382;S
20240520;101109;4254.8;1;10390071383;S
20240520;101109;4254.8;1;10390071384;S
20240520;101109;4254.8;1;10390071385;S
20240520;101111;4254.600000000001;1;10390071705;S
20240520;101111;4254.600000000001;75;10390071706;S
20240520;101112;4254.600000000001;1;10390071842;S
20240520;101112;4254.600000000001;1;10390071843;S
20240520;101112;4254.600000000001;1;10390071844;S
20240520;101112;4254.600000000001;7;10390071845;S
20240520;101113;4254.4;1;10390072084;S
20240520;101113;4254.4;1;10390072085;S
20240520;101113;4254.4;1;10390072086;S
20240520;101113;4254.2;4;10390072155;S
20240520;101114;4254.2;1;10390072370;S
20240520;101114;4254.2;1;10390072371;S
20240520;101114;4254.2;14;10390072372;S
20240520;101115;4254.2;2;10390072489;S
20240520;101115;4254.2;2;10390072554;S
20240520;101116;4254.2;7;10390072612;S
20240520;101119;4254.4;1;10390073238;B
20240520;101122;4254.600000000001;1;10390073633;B
20240520;101122;4254.8;2;10390073634;B
20240520;101122;4254.8;1;10390073635;B
