<DATE>;<TIME>;<LAST>;<VOL>;<ID>;<OPER>
20240502;095937;4149.600000000001;3;10255673393;S
20240502;095937;4149.600000000001;2;10255673394;B
20240502;095937;4149.600000000001;1;10255673395;B
20240502;095937;4149.600000000001;2;10255673396;B
20240502;095937;4149.600000000001;1;10255673397;B
20240502;095937;4149.600000000001;20;10255673398;B
20240502;095937;4149.600000000001;5;10255673399;B
20240502;095937;4149.600000000001;5;10255673400;B
20240502;095937;4149.600000000001;2;10255673401;B
20240502;095937;4149.600000000001;2;10255673402;B
20240502;095937;4149.600000000001;10;10255673403;B
20240502;095937;4149.600000000001;1;10255673404;B
20240502;095937;4149.600000000001;1;10255673405;B
20240502;095937;4149.600000000001;15;10255673406;S
20240502;095937;4149.600000000001;1;10255673407;S
20240502;095937;4149.600000000001;1;10255673408;S
20240502;095937;4149.600000000001;2;10255673409;S
20240502;095937;4149.600000000001;1;10255673410;S
20240502;095937;4149.600000000001;1;10255673411;B
20240502;095937;4149.600000000001;10;10255673412;B
20240502;095937;4149.600000000001;4;10255673413;S
20240502;095937;4149.600000000001;2;10255673414;S
20240502;095937;4149.600000000001;1;10255673415;S
20240502;095937;4149.600000000001;3;10255673416;S
20240502;095937;4149.600000000001;1;10255673417;S
20240502;095937;4149.600000000001;1;10255673418;S
20240502;095937;4149.600000000001;2;10255673419;S
20240502;095937;4149.600000000001;2;10255673420;S
20240502;095937;4149.600000000001;3;10255673421;S
20240502;095937;4149.600000000001;3;10255673422;S
20240502;095937;4149.600000000001;2;10255673423;S
20240502;095937;4149.600000000001;1;10255673424;S
20240502;095937;4149.600000000001;4;10255673425;B
20240502;095937;4149.600000000001;9;10255673426;B
20240502;095937;4149.600000000001;10;10255673427;B
20240502;095937;4149.600000000001;1;10255673428;S
20240502;095937;4149.600000000001;1;10255673429;B
20240502;095937;4149.600000000001;1;10255673430;B
20240502;095937;4149.600000000001;1;10255673431;B
20240502;095937;4149.600000000001;2;10255673432;B
20240502;095937;4149.600000000001;1;10255673433;B
20240502;095937;4149.600000000001;1;10255673434;B
20240502;095937;4149.600000000001;5;10255673435;B
20240502;095937;4149.600000000001;8;10255673436;B
20240502;095937;4149.600000000001;1;10255673437;B
20240502;095937;4149.600000000001;2;10255673438;B
20240502;095937;4149.600000000001;3;10255673439;B
20240502;095937;4149.600000000001;4;10255673440;B
20240502;095937;4149.600000000001;5;10255673441;B
20240502;095937;4149.600000000001;8;10255673442;B
20240502;095937;4149.600000000001;2;10255673443;B
20240502;095937;4149.600000000001;1;10255673444;B
20240502;095937;4149.600000000001;20;10255673445;B
20240502;095937;4149.600000000001;2;10255673446;S
20240502;095937;4149.600000000001;1;10255673447;S
20240502;095937;4149.600000000001;11;10255673448;S
20240502;095937;4149.600000000001;12;10255673449;S
20240502;095937;4149.600000000001;1;10255673450;S
20240502;095937;4149.600000000001;2;10255673451;S
20240502;095937;4149.600000000001;1;10255673452;S
20240502;095937;4149.600000000001;1;10255673453;S
20240502;095937;4149.600000000001;1;10255673454;B
20240502;095937;4149.600000000001;9;10255673455;B
20240502;095937;4149.600000000001;4;10255673456;B
20240502;095937;4149.600000000001;2;10255673457;B
20240502;095937;4149.600000000001;1;10255673458;B
20240502;095937;4149.600000000001;2;10255673459;S
20240502;095937;4149.600000000001;20;10255673460;S
20240502;095937;4149.600000000001;1;10255673461;S
20240502;095937;4149.600000000001;1;10255673462;S
20240502;095937;4149.600000000001;1;10255673463;S
20240502;095937;4149.600000000001;3;10255673464;S
20240502;095937;4149.600000000001;2;10255673465;S
20240502;095937;4149.600000000001;11;10255673466;S
20240502;095937;4149.600000000001;2;10255673467;S
20240502;095937;4149.600000000001;1;10255673468;S
20240502;095937;4149.600000000001;6;10255673469;S
20240502;095937;4149.600000000001;15;10255673470;S
20240502;095937;4149.600000000001;28;10255673471;S
20240502;100000;4149.8;1;10255679918;B
20240502;100000;4150;1;10255679960;B
20240502;100000;4150;2;10255679961;B
20240502;100000;4150;2;10255679962;B
20240502;100000;4150;1;10255679963;B
20240502;100000;4150;6;10255679964;B
20240502;100000;4151;4;10255680102;B
20240502;100000;4151;1;10255680103;B
20240502;100000;4151;1;10255680104;B
20240502;100001;4155;1;10255681193;B
20240502;100001;4155.4;2;10255681194;B
20240502;100001;4153;1;10255681731;S
20240502;100002;4153.600000000001;5;10255682225;S
20240502;100002;4155;4;10255682242;B
20240502;100002;4154.600000000001;40;10255682738;B
20240502;100002;4154.8;73;10255682739;B
20240502;100002;4155.600000000001;73;10255682740;B
20240502;100002;4155.600000000001;32;10255682741;B
20240502;100002;4155.8;32;10255682742;B
20240502;100002;4155.2;1;10255682884;S
20240502;100005;4153.2;1;10255684728;S
20240502;100005;4152.600000000001;3;10255684776;S
20240502;100005;4153;2;10255684795;S
20240502;100005;4155.4;1;10255684796;B
20240502;100005;4152.8;2;10255684966;S
20240502;100005;4153;2;10255685456;S
20240502;100005;4153.8;2;10255685747;S
20240502;100006;4154.4;5;10255686584;B
20240502;100006;4154.8;2;10255686585;B
20240502;100006;4155.600000000001;2;10255686586;B
20240502;100006;4156.4;1;10255686587;B
20240502;100006;4157.2;1;10255686869;B
20240502;100006;4154.8;1;10255687499;S
20240502;100007;4154;3;10255688991;S
20240502;100007;4154.2;2;10255689025;S
20240502;100007;4154.4;1;10255689032;S
20240502;100007;4152.4;1;10255689115;S
20240502;100007;4152.600000000001;2;10255689120;S
20240502;100007;4155.4;1;10255689121;B
20240502;100007;4155.4;1;10255689149;B
20240502;100007;4155.600000000001;1;10255689151;B
20240502;100007;4156.600000000001;9;10255689768;B
20240502;100007;4156;1;10255689971;B
20240502;100007;4155.2;1;10255689973;S
20240502;100008;4155.2;1;10255690524;S
20240502;100008;4155.2;8;10255690577;S
20240502;100008;4153.8;1;10255690728;S
20240502;100008;4152.8;5;10255690751;B
20240502;100008;4156.4;1;10255690836;B
20240502;100008;4156.2;1;10255690838;B
20240502;100008;4154;1;10255690840;S
20240502;100008;4156.2;444;10255690842;B
20240502;100008;4156.4;31;10255690843;B
20240502;100008;4157;2;10255690844;B
20240502;100008;4157;10;10255690845;B
20240502;100008;4157.2;4;10255690846;B
20240502;100008;4157.2;37;10255690847;B
20240502;100008;4157.8;35;10255690848;B
20240502;100008;4158;35;10255690849;B
20240502;100008;4158;124;10255690850;B
20240502;100008;4155.8;1;10255690894;S
20240502;100008;4156;10;10255691261;S
20240502;100009;4156.2;2;10255691605;S
20240502;100009;4156;1;10255691606;S
20240502;100009;4156;2;10255692452;S
20240502;100009;4157.8;1;10255692454;B
20240502;100009;4158;4;10255692455;B
20240502;100009;4158;1;10255692456;B
20240502;100009;4157.8;1;10255692721;B
20240502;100009;4157.8;1;10255692751;B
20240502;100009;4158;5;10255692752;B
20240502;100009;4158;5;10255693694;B
20240502;100010;4156.2;1;10255694036;S
20240502;100010;4158;1;10255694049;B
20240502;100010;4158;2;10255694220;B
20240502;100010;4158;1;10255694688;B
20240502;100010;4158;17;10255694689;B
20240502;100010;4158.2;9;10255694752;B
20240502;100010;4158;23;10255694979;S
20240502;100010;4158.2;4;10255694992;B
20240502;100010;4158.2;1;10255695140;B
20240502;100010;4158.2;14;10255695469;B
20240502;100010;4158.2;1;10255695471;B
20240502;100010;4158.2;3;10255695475;B
20240502;100010;4158.2;1;10255695522;B
20240502;100011;4158;1;10255695579;S
20240502;100011;4158.2;2;10255695619;B
20240502;100011;4158.4;8;10255695620;B
20240502;100011;4158.4;1;10255695822;B
20240502;100011;4158.4;4;10255695953;B
20240502;100013;4157.4;4;10255696294;S
20240502;100013;4157;2;10255696295;S
20240502;100013;4157;1;10255696296;S
20240502;100013;4156.4;7;10255696297;S
20240502;100013;4156.600000000001;1;10255696373;S
20240502;100013;4156.4;2;10255696374;S
20240502;100015;4157;3;10255696925;S
20240502;100016;4158.2;2;10255697160;B
20240502;100016;4158.2;4;10255697161;B
20240502;100016;4157.4;1;10255697262;S
20240502;100017;4158.2;1;10255697387;B
20240502;100017;4158.2;1;10255697506;B
20240502;100019;4158.2;3;10255698328;B
20240502;100019;4158.2;2;10255698418;B
20240502;100019;4158.2;3;10255698452;B
20240502;100021;4158;1;10255699071;B
20240502;100022;4157.4;2;10255699122;S
20240502;100022;4158;1;10255699127;B
20240502;100022;4158.2;32;10255699128;B
20240502;100022;4158.4;22;10255699129;B
20240502;100022;4158.4;76;10255699130;B
20240502;100022;4158.600000000001;13;10255699131;B
20240502;100022;4158.600000000001;22;10255699133;B
20240502;100025;4157.4;2;10255700062;S
20240502;100026;4157;1;10255700399;S
20240502;100028;4157;1;10255700779;S
20240502;100028;4156.8;9;10255700780;S
20240502;100029;4158.2;16;10255701103;B
20240502;100029;4158.8;35;10255701104;B
20240502;100029;4159;24;10255701105;B
20240502;100029;4159;1;10255701214;B
20240502;100029;4159;10;10255701276;B
20240502;100029;4159;1;10255701277;B
20240502;100029;4159;1;10255701278;B
20240502;100029;4159;12;10255701279;B
20240502;100029;4159;1;10255701280;B
20240502;100029;4159.2;6;10255701281;B
20240502;100032;4157.2;1;10255702003;S
20240502;100032;4158.8;3;10255702061;B
20240502;100032;4158.8;1;10255702186;B
20240502;100033;4157.600000000001;1;10255702452;S
20240502;100034;4158.8;1;10255702708;B
20240502;100034;4158.8;1;10255702709;B
20240502;100035;4157.8;2;10255703013;S
20240502;100035;4157.600000000001;48;10255703014;S
20240502;100037;4158.4;4;10255703509;S
20240502;100037;4157.4;1;10255703510;S
20240502;100037;4156.8;2;10255703511;S
20240502;100037;4156.8;10;10255703512;S
20240502;100037;4157;13;10255703520;S
20240502;100037;4156.600000000001;1;10255703521;S
20240502;100041;4157.8;1;10255705085;B
20240502;100043;4156.8;32;10255706706;B
20240502;100043;4156.8;37;10255706707;B
20240502;100043;4157.2;23;10255706708;B
20240502;100043;4157.600000000001;1;10255706709;B
20240502;100043;4157.600000000001;40;10255706710;B
20240502;100043;4158;67;10255706711;B
20240502;100044;4158;32;10255707239;B
20240502;100044;4158.2;2;10255707240;B
20240502;100044;4158.2;37;10255707241;B
20240502;100044;4159;73;10255707242;B
20240502;100044;4159.2;29;10255707243;B
20240502;100044;4159.2;23;10255707244;B
20240502;100044;4159.4;4;10255707245;B
20240502;100045;4157.4;6;10255707427;S
20240502;100046;4158.8;4;10255707761;B
20240502;100047;4156.8;14;10255708336;S
20240502;100049;4158.4;2;10255708912;B
20240502;100050;4159.2;32;10255709320;B
20240502;100050;4159.2;73;10255709321;B
20240502;100050;4159.2;23;10255709322;B
20240502;100050;4159.4;31;10255709323;B
20240502;100050;4159.600000000001;35;10255709324;B
20240502;100050;4159.8;6;10255709325;B
20240502;100050;4159.4;10;10255709327;B
20240502;100055;4159;10;10255711066;B
20240502;100058;4158;2;10255711843;S
20240502;100058;4157.8;1;10255711844;S
20240502;100058;4157.2;2;10255711873;S
20240502;100059;4157.2;10;10255712074;S
20240502;100059;4157;2;10255712075;S
20240502;100059;4156.600000000001;2;10255712076;S
20240502;100059;4156.4;20;10255712077;S
20240502;100101;4156;1;10255712877;S
20240502;100105;4157.8;10;10255713892;B
20240502;100106;4157.8;1;10255714034;B
20240502;100108;4157.8;21;10255714652;B
20240502;100108;4157.8;73;10255714653;B
20240502;100108;4158;20;10255714654;B
20240502;100108;4158;7;10255714655;B
20240502;100108;4158.2;2;10255714656;B
20240502;100108;4158.2;40;10255714657;B
20240502;100108;4158.8;23;10255714658;B
20240502;100108;4159;3;10255714659;B
20240502;100108;4159.2;3;10255714660;B
20240502;100108;4159.4;8;10255714661;B
20240502;100109;4158.4;1;10255714913;B
20240502;100111;4158.2;1;10255715154;B
20240502;100113;4158.2;5;10255715703;B
20240502;100116;4157.2;1;10255716287;B
20240502;100119;4158.2;11;10255716910;B
20240502;100119;4158.4;1;10255716911;B
20240502;100119;4158.600000000001;8;10255716912;B
20240502;100119;4158.8;30;10255716913;B
20240502;100120;4157.2;1;10255717090;S
20240502;100120;4157.2;1;10255717265;S
20240502;100120;4157;2;10255717266;S
20240502;100128;4158.8;43;10255718678;B
20240502;100128;4159;32;10255718679;B
20240502;100128;4159;100;10255718680;B
20240502;100128;4159;8;10255718681;B
20240502;100128;4159;3;10255718682;B
20240502;100128;4159.4;135;10255718683;B
20240502;100128;4159.4;2;10255718684;B
20240502;100128;4160;3;10255718685;B
20240502;100128;4160;1;10255718686;B
20240502;100128;4160;22;10255718687;B
20240502;100128;4160;200;10255718688;B
20240502;100128;4160;125;10255718689;B
20240502;100128;4160;40;10255718690;B
20240502;100128;4160.2;20;10255718691;B
20240502;100128;4160.2;23;10255718692;B
20240502;100128;4161.600000000001;37;10255718693;B
20240502;100128;4162.2;1;10255718694;B
20240502;100128;4162.2;1;10255718695;B
20240502;100128;4162.4;10;10255718696;B
20240502;100128;4162.600000000001;110;10255718697;B
20240502;100128;4162.8;1;10255718698;B
20240502;100128;4162.8;583;10255718699;B
20240502;100129;4163;1;10255718939;B
20240502;100134;4163;2;10255720044;B
20240502;100134;4163.2;2;10255720045;B
20240502;100140;4161;23;10255721221;S
20240502;100140;4160.8;3;10255721222;S
20240502;100140;4160.8;1;10255721223;S
20240502;100140;4160.600000000001;8;10255721224;S
20240502;100140;4160.4;15;10255721225;S
20240502;100141;4162.2;3;10255721351;B
20240502;100141;4162.2;73;10255721352;B
20240502;100141;4162.2;11;10255721353;B
20240502;100141;4162.4;40;10255721354;B
20240502;100141;4162.4;7;10255721355;B
20240502;100141;4162.8;2;10255721356;B
20240502;100141;4163;1;10255721357;B
20240502;100141;4163.4;50;10255721358;B
20240502;100141;4163.600000000001;13;10255721359;B
20240502;100146;4163;2;10255722410;B
20240502;100147;4163;8;10255722481;B
20240502;100147;4163.2;8;10255722482;B
20240502;100147;4163.2;73;10255722483;B
20240502;100147;4163.4;40;10255722484;B
20240502;100147;4163.4;21;10255722486;S
20240502;100147;4163.4;29;10255722487;S
20240502;100147;4163.4;50;10255722489;S
20240502;100147;4163.4;50;10255722490;S
20240502;100148;4163.4;20;10255722730;S
20240502;100149;4163.600000000001;1;10255722899;B
20240502;100149;4163.600000000001;10;10255722900;B
20240502;100149;4163.8;5;10255722901;B
20240502;100149;4163.8;12;10255722971;B
20240502;100150;4163.8;20;10255723020;B
20240502;100150;4163.8;1;10255723021;B
20240502;100150;4163.8;1;10255723092;B
20240502;100154;4163.8;4;10255724183;B
20240502;100154;4164;1;10255724184;B
20240502;100154;4164;2;10255724185;B
20240502;100154;4164;73;10255724186;B
20240502;100154;4164;8;10255724187;B
20240502;100154;4164;6;10255724188;S
20240502;100154;4164;44;10255724189;S
20240502;100155;4164;5;10255724443;S
20240502;100155;4164;4;10255724511;S
20240502;100157;4164;1;10255724937;S
20240502;100157;4164;5;10255724996;S
20240502;100157;4164.2;1;10255725002;B
20240502;100157;4164;3;10255725111;S
20240502;100158;4164.2;2;10255725233;B
20240502;100202;4164.2;37;10255726063;B
20240502;100202;4164.2;4;10255726064;B
20240502;100202;4164.2;5;10255726065;B
20240502;100202;4164.2;1;10255726096;S
20240502;100206;4164.4;3;10255726902;B
20240502;100207;4164.600000000001;5;10255727257;B
20240502;100207;4164.8;5;10255727258;B
20240502;100210;4164.2;7;10255727980;S
20240502;100210;4164.2;42;10255727981;S
20240502;100210;4164.2;23;10255727982;S
20240502;100210;4164;228;10255727983;S
20240502;100210;4164;1;10255728043;S
20240502;100212;4164.4;1;10255728476;S
20240502;100213;4164.4;3;10255728547;S
20240502;100213;4164.2;5;10255728548;S
20240502;100213;4164.2;8;10255728549;S
20240502;100213;4164;271;10255728550;S
20240502;100213;4164;256;10255728551;S
20240502;100216;4164;4;10255729172;B
20240502;100221;4164;50;10255729972;B
20240502;100222;4163.4;2;10255730114;S
20240502;100222;4163;1;10255730115;S
20240502;100222;4164;950;10255730134;B
20240502;100222;4164;8;10255730135;B
20240502;100228;4163.4;1;10255731417;B
20240502;100229;4164;53;10255731564;B
20240502;100229;4164;10;10255731565;B
20240502;100229;4164;3;10255731566;B
20240502;100229;4164;66;10255731567;B
20240502;100229;4164;66;10255731568;B
20240502;100229;4164;68;10255731569;B
20240502;100229;4164;68;10255731570;B
20240502;100229;4164;18;10255731571;B
20240502;100229;4164;65;10255731572;B
20240502;100229;4164;68;10255731573;B
20240502;100229;4164;68;10255731574;B
20240502;100229;4164;32;10255731575;B
20240502;100229;4164;14;10255731576;B
20240502;100229;4164;49;10255731577;B
20240502;100229;4164;13;10255731578;B
20240502;100229;4164;18;10255731579;B
20240502;100229;4164;18;10255731580;B
20240502;100229;4164;5;10255731581;B
20240502;100229;4164;14;10255731582;B
20240502;100230;4164;7;10255731835;S
20240502;100230;4164;3;10255731836;S
20240502;100231;4163.8;2;10255732020;S
20240502;100231;4164.4;25;10255732032;B
20240502;100231;4164.8;5;10255732033;B
20240502;100231;4165;10;10255732034;B
20240502;100231;4165;116;10255732035;B
20240502;100231;4165;44;10255732036;B
20240502;100235;4165;23;10255732650;B
20240502;100236;4164.4;7;10255732771;S
20240502;100236;4164.4;25;10255732772;S
20240502;100237;4164.4;12;10255732976;S
20240502;100237;4164.2;23;10255732977;S
20240502;100237;4164.2;7;10255732978;S
20240502;100237;4164;2;10255732979;S
20240502;100237;4164;6;10255732980;S
20240502;100240;4165;10;10255733688;B
20240502;100240;4165;10;10255733689;B
20240502;100240;4165;13;10255733690;B
20240502;100240;4165;2;10255733691;B
20240502;100240;4165;1;10255733692;B
20240502;100241;4165.2;2;10255733862;B
20240502;100241;4165.2;1;10255733863;B
20240502;100241;4166;3;10255733920;B
20240502;100241;4166.600000000001;7;10255733921;B
20240502;100241;4167;35;10255733922;B
20240502;100245;4167;6;10255735037;B
20240502;100245;4167;2;10255735051;B
20240502;100248;4167;25;10255736266;B
20240502;100249;4167;23;10255736354;B
20240502;100252;4166.8;2;10255736826;S
20240502;100255;4167;17;10255737487;B
20240502;100255;4167;17;10255737488;B
20240502;100255;4167;15;10255737489;B
20240502;100255;4167;3;10255737490;B
20240502;100256;4167;7;10255737758;S
20240502;100256;4167;2;10255737759;S
20240502;100258;4167.4;1;10255738180;B
20240502;100259;4167.8;1;10255738294;B
20240502;100259;4168;3;10255738295;B
20240502;100259;4168;6;10255738296;B
20240502;100303;4167.600000000001;7;10255739072;S
20240502;100303;4167.4;3;10255739073;S
20240502;100303;4167.2;5;10255739074;S
20240502;100303;4168;4;10255739182;B
20240502;100303;4168;10;10255739183;B
20240502;100303;4168.2;1;10255739184;B
20240502;100303;4168.600000000001;1;10255739185;B
20240502;100303;4168.8;4;10255739186;B
20240502;100304;4169;1;10255739542;B
20240502;100304;4169;1;10255739543;B
20240502;100307;4169;4;10255740261;B
20240502;100307;4169;1;10255740262;B
20240502;100307;4169;10;10255740263;B
20240502;100307;4169;10;10255740264;B
20240502;100307;4169.4;1;10255740265;B
20240502;100307;4169.4;5;10255740266;B
20240502;100307;4169.4;7;10255740267;B
20240502;100307;4169.600000000001;27;10255740268;B
20240502;100308;4169.8;1;10255740364;B
20240502;100308;4170;29;10255740365;B
20240502;100309;4170;2;10255740533;B
20240502;100314;4169.600000000001;1;10255741629;S
20240502;100314;4169.600000000001;11;10255741630;S
20240502;100314;4169.600000000001;5;10255741650;S
20240502;100315;4169.8;2;10255741764;B
20240502;100315;4169.8;3;10255741894;B
20240502;100317;4169.600000000001;1;10255742124;S
20240502;100323;4169.8;2;10255743429;B
20240502;100323;4170;1;10255743430;B
20240502;100327;4169.8;15;10255744235;B
20240502;100327;4170;168;10255744236;B
20240502;100327;4170;1;10255744237;B
20240502;100327;4170;4;10255744238;B
20240502;100327;4170;1;10255744239;B
20240502;100327;4170;11;10255744240;B
20240502;100328;4169.600000000001;15;10255744439;S
20240502;100336;4170;2;10255746498;B
20240502;100336;4169.8;3;10255746652;S
20240502;100336;4169.600000000001;35;10255746653;S
20240502;100336;4169.4;7;10255746654;S
20240502;100336;4169.4;23;10255746655;S
20240502;100336;4169;1;10255746656;S
20240502;100341;4168.2;2;10255747618;S
20240502;100344;4168.8;2;10255748083;B
20240502;100344;4169;18;10255748084;B
20240502;100346;4169;3;10255748504;B
20240502;100351;4169;10;10255749172;B
20240502;100351;4169;2;10255749173;B
20240502;100355;4169.8;9;10255749918;B
20240502;100355;4169.8;1;10255749919;B
20240502;100355;4169.8;1;10255749920;B
20240502;100355;4169.8;1;10255749921;B
20240502;100355;4170;138;10255749922;B
20240502;100403;4170;1;10255751505;B
20240502;100405;4169;38;10255752232;S
20240502;100405;4169;23;10255752233;S
20240502;100405;4169;2;10255752234;S
20240502;100405;4168.8;1;10255752235;S
20240502;100405;4168.8;36;10255752236;S
20240502;100410;4168.2;2;10255753080;S
20240502;100410;4168.2;2;10255753081;S
20240502;100411;4168;2;10255753184;S
20240502;100411;4168;2;10255753231;S
20240502;100413;4168;2;10255753575;S
20240502;100417;4168;6;10255754370;S
20240502;100420;4168.8;7;10255754950;B
20240502;100420;4169;5;10255754951;B
20240502;100420;4169;1;10255754952;B
20240502;100420;4169;17;10255754953;B
20240502;100420;4169.2;23;10255754954;B
20240502;100420;4169.4;73;10255754955;B
20240502;100420;4169.600000000001;24;10255754956;B
20240502;100421;4169.600000000001;20;10255755107;B
20240502;100422;4168.4;3;10255755371;S
20240502;100422;4168.2;4;10255755372;S
20240502;100422;4168.2;10;10255755373;S
20240502;100422;4168;21;10255755374;S
20240502;100422;4168;1;10255755375;S
20240502;100422;4168;10;10255755376;S
20240502;100422;4168;20;10255755456;B
20240502;100425;4168;6;10255756062;B
20240502;100427;4168;50;10255756460;S
20240502;100436;4168;10;10255758023;S
20240502;100437;4168;2;10255758224;S
20240502;100439;4168.600000000001;1;10255758638;B
20240502;100439;4168.8;1;10255758639;B
20240502;100439;4168;10;10255758642;S
20240502;100439;4168;4;10255758643;S
20240502;100455;4168.8;1;10255761140;B
20240502;100457;4168;5;10255761412;S
20240502;100459;4168;4;10255761777;S
20240502;100506;4168;59;10255763138;S
20240502;100506;4168;90;10255763139;S
20240502;100506;4168;18;10255763140;S
20240502;100506;4168;1;10255763141;S
20240502;100506;4168;16;10255763142;S
20240502;100506;4168;30;10255763143;S
20240502;100506;4168;1;10255763144;S
20240502;100506;4168;2;10255763145;S
20240502;100506;4168;3;10255763203;B
20240502;100506;4168;2;10255763204;B
20240502;100507;4167.600000000001;1;10255763393;S
20240502;100512;4167.600000000001;1;10255764421;B
20240502;100513;4167.4;10;10255764605;S
20240502;100513;4167.4;5;10255764606;S
20240502;100513;4167;4;10255764607;S
20240502;100513;4167;2;10255764608;S
20240502;100513;4167;2;10255764609;S
20240502;100513;4166.4;22;10255764717;B
20240502;100517;4166.2;6;10255765353;S
20240502;100519;4166.2;31;10255765627;S
20240502;100519;4166;1;10255765628;S
20240502;100519;4166;9;10255765629;S
20240502;100519;4166;5;10255765630;S
20240502;100519;4166;4;10255765631;S
20240502;100524;4166.2;37;10255766415;S
20240502;100533;4166.2;1;10255768021;B
20240502;100540;4166;1;10255769101;S
20240502;100540;4166;15;10255769102;S
20240502;100544;4166;25;10255769709;S
20240502;100544;4166;37;10255769710;S
20240502;100544;4165.600000000001;1;10255769711;S
20240502;100544;4165.600000000001;1;10255769712;S
20240502;100544;4165.600000000001;1;10255769713;S
20240502;100544;4165.2;30;10255769715;S
20240502;100544;4165;30;10255769716;S
20240502;100544;4165;3;10255769717;S
20240502;100544;4165;5;10255769718;S
20240502;100544;4164;4;10255769719;S
20240502;100544;4164;1;10255769720;S
20240502;100544;4163.8;5;10255769721;S
20240502;100544;4163.4;2;10255769764;B
20240502;100545;4163.2;1;10255769933;S
20240502;100551;4163.2;36;10255770931;S
20240502;100553;4163;3;10255771396;S
20240502;100553;4163;1;10255771397;S
20240502;100557;4162.8;5;10255772021;B
20240502;100557;4162.8;9;10255772022;B
20240502;100559;4162.600000000001;5;10255772398;S
20240502;100559;4162.2;1;10255772399;S
20240502;100559;4162;8;10255772400;S
20240502;100559;4161.8;36;10255772401;S
20240502;100610;4161.8;37;10255774239;S
20240502;100610;4161.8;1;10255774240;S
20240502;100610;4161.600000000001;5;10255774241;S
20240502;100610;4161.600000000001;1;10255774242;S
20240502;100610;4161.600000000001;8;10255774243;S
20240502;100610;4161.600000000001;1;10255774244;S
20240502;100610;4161.4;5;10255774245;S
20240502;100610;4161.2;40;10255774246;S
20240502;100610;4160;25;10255774247;S
20240502;100610;4160;25;10255774248;S
20240502;100610;4160;200;10255774249;S
20240502;100610;4160;23;10255774250;S
20240502;100610;4159.8;3;10255774251;S
20240502;100610;4159.8;2;10255774252;S
20240502;100610;4158.4;73;10255774253;S
20240502;100610;4158.2;21;10255774254;S
20240502;100610;4159.8;50;10255774276;S
20240502;100610;4159.600000000001;40;10255774277;S
20240502;100610;4159.600000000001;37;10255774278;S
20240502;100610;4159.4;8;10255774279;S
20240502;100610;4158.2;165;10255774280;S
20240502;100611;4159.4;3;10255774376;B
20240502;100612;4158.600000000001;1;10255774604;S
20240502;100612;4159.8;7;10255774686;B
20240502;100613;4159.8;11;10255774740;B
20240502;100613;4160;42;10255774792;B
20240502;100617;4161.4;4;10255775643;S
20240502;100623;4162.8;1;10255776650;B
20240502;100623;4162.8;3;10255776651;B
20240502;100623;4162.8;26;10255776652;B
20240502;100624;4162;3;10255776700;S
20240502;100624;4162;1;10255776701;S
20240502;100624;4162.8;3;10255776733;B
20240502;100626;4162.4;1;10255777118;B
20240502;100632;4162.4;2;10255778261;B
20240502;100638;4162;39;10255779419;S
20240502;100638;4162;200;10255779420;S
20240502;100638;4162;8;10255779421;S
20240502;100643;4159.8;2;10255780247;S
20240502;100643;4159.8;1;10255780248;S
20240502;100645;4159.600000000001;1;10255780596;S
20240502;100645;4159.600000000001;2;10255780597;S
20240502;100655;4159.8;5;10255782188;S
20240502;100655;4159.600000000001;35;10255782189;S
20240502;100655;4159.600000000001;8;10255782190;S
20240502;100655;4159.4;50;10255782191;S
20240502;100655;4159.2;1;10255782192;S
20240502;100655;4159.2;6;10255782193;S
20240502;100655;4158.8;40;10255782194;S
20240502;100655;4158.2;14;10255782195;S
20240502;100655;4158.2;4;10255782196;S
20240502;100655;4158.2;2;10255782197;S
20240502;100655;4158;2;10255782198;S
20240502;100655;4157.8;5;10255782199;S
20240502;100655;4157.2;93;10255782200;S
20240502;100700;4159.2;4;10255782776;B
20240502;100700;4159.4;3;10255782777;B
20240502;100701;4159;1;10255782909;B
20240502;100709;4160;2;10255783935;B
20240502;100715;4160.2;66;10255784900;B
20240502;100715;4160.2;6;10255784901;B
20240502;100715;4160.2;73;10255784902;B
20240502;100715;4160.4;23;10255784903;B
20240502;100715;4160.8;106;10255784904;B
20240502;100715;4161.4;3;10255784905;B
20240502;100715;4161.4;40;10255784906;B
20240502;100715;4162;83;10255784907;B
20240502;100716;4160;1;10255785167;S
20240502;100716;4160;7;10255785168;S
20240502;100720;4160;40;10255785600;B
20240502;100725;4159.600000000001;6;10255786424;S
20240502;100729;4160;10;10255786907;B
20240502;100729;4159.4;5;10255786961;S
20240502;100734;4160;6;10255787716;B
20240502;100734;4159.4;1;10255787831;S
20240502;100736;4159.4;5;10255788111;S
20240502;100743;4160;4;10255789220;B
20240502;100745;4159.4;26;10255789486;S
20240502;100745;4159.4;6;10255789487;S
20240502;100745;4159.4;7;10255789488;B
20240502;100747;4160;1;10255789753;B
20240502;100748;4160;1;10255790006;B
20240502;100801;4159.2;1;10255792262;S
20240502;100801;4159.8;50;10255792320;B
20240502;100801;4160;70;10255792321;B
20240502;100804;4159.600000000001;6;10255792673;S
20240502;100804;4159.2;33;10255792674;S
20240502;100807;4159.8;6;10255793134;B
20240502;100807;4160;4;10255793135;B
20240502;100808;4159.8;7;10255793326;B
20240502;100813;4159.2;3;10255794014;S
20240502;100834;4159.8;50;10255797046;B
20240502;100834;4160;150;10255797047;B
20240502;100852;4160;1;10255800386;B
20240502;100857;4159.600000000001;1;10255801275;S
20240502;100857;4159.4;21;10255801276;S
20240502;100857;4159.4;3;10255801277;S
20240502;100903;4159.4;7;10255802235;B
20240502;100903;4159.600000000001;23;10255802236;B
20240502;100903;4160;19;10255802237;B
20240502;100903;4160;34;10255802238;B
20240502;100903;4160;7;10255802239;B
20240502;100903;4160;2;10255802240;B
20240502;100903;4160;38;10255802241;B
20240502;100903;4159;2;10255802248;S
20240502;100905;4159;3;10255802647;S
20240502;100905;4159;16;10255802648;S
20240502;100908;4159.4;50;10255803241;B
20240502;100908;4159.4;1;10255803242;B
20240502;100909;4159.4;4;10255803474;S
20240502;100909;4159.4;4;10255803475;S
20240502;100911;4159.4;2;10255804018;S
20240502;100916;4159.4;7;10255804837;B
20240502;100916;4159.2;1;10255804859;S
20240502;100925;4159.2;39;10255806028;S
20240502;100925;4159.2;7;10255806029;S
20240502;100925;4159.2;1;10255806030;S
20240502;100926;4159;2;10255806246;S
20240502;100928;4159.2;2;10255806436;B
20240502;100932;4159;1;10255807431;S
20240502;100933;4159;45;10255807518;S
20240502;100933;4159;30;10255807519;S
20240502;100933;4159;3;10255807520;S
20240502;100933;4159;1;10255807521;S
20240502;100933;4159;40;10255807522;S
20240502;100933;4159;1;10255807523;S
20240502;100933;4158.8;3;10255807524;S
20240502;100933;4157.2;2;10255807553;S
20240502;100933;4157;5;10255807554;S
20240502;100933;4157;1;10255807555;S
20240502;100933;4157;2;10255807556;S
20240502;100941;4157.600000000001;3;10255808849;B
20240502;100941;4157;6;10255808850;S
20240502;100943;4157;1;10255809030;S
20240502;100943;4157;1;10255809055;S
20240502;100950;4157;50;10255810539;S
20240502;100950;4157;8;10255810540;S
20240502;100950;4156.4;2;10255810541;S
20240502;100950;4156.2;37;10255810542;S
20240502;100950;4156;2;10255810543;S
20240502;100950;4156;1;10255810544;S
20240502;100951;4157.4;1;10255810624;B
20240502;101002;4156.600000000001;7;10255812445;S
20240502;101004;4157;19;10255812751;B
20240502;101009;4156.8;8;10255813770;S
20240502;101010;4156.4;1;10255813838;S
20240502;101010;4156.2;37;10255813839;S
20240502;101010;4156;1;10255813840;S
20240502;101010;4156;4;10255813841;S
20240502;101010;4156;4;10255813842;S
20240502;101010;4155.8;10;10255813843;S
20240502;101010;4155.600000000001;2;10255813844;S
20240502;101010;4155.2;2;10255813845;S
20240502;101010;4155.2;40;10255813846;S
20240502;101010;4155;20;10255813847;S
20240502;101010;4153.600000000001;3;10255813848;S
20240502;101034;4154.600000000001;3;10255817429;S
20240502;101034;4154.4;1;10255817446;S
20240502;101042;4155;4;10255818824;B
20240502;101042;4155.2;1;10255818825;B
20240502;101044;4155.600000000001;7;10255819308;B
20240502;101044;4155.8;23;10255819309;B
20240502;101044;4156.2;2;10255819310;B
20240502;101044;4156.600000000001;8;10255819311;B
20240502;101048;4156.8;17;10255819908;B
20240502;101048;4157;9;10255819909;B
20240502;101048;4157.4;1;10255819910;B
20240502;101048;4158.4;5;10255819911;B
20240502;101048;4158.8;40;10255819923;B
20240502;101048;4158.8;5;10255819924;B
20240502;101048;4158.8;51;10255819925;B
20240502;101050;4160.600000000001;1;10255820723;S
20240502;101054;4160.4;2;10255821497;S
20240502;101054;4160.4;40;10255821498;S
20240502;101054;4160.2;8;10255821499;S
20240502;101054;4158.4;23;10255821500;S
20240502;101054;4158.4;37;10255821501;S
20240502;101054;4156.8;32;10255821502;S
20240502;101054;4156.600000000001;16;10255821503;S
20240502;101054;4156.4;50;10255821504;S
20240502;101054;4156.2;40;10255821505;S
20240502;101054;4155.4;73;10255821506;S
20240502;101054;4155.2;60;10255821507;S
20240502;101054;4154.4;4;10255821508;S
20240502;101054;4154;87;10255821509;S
20240502;101054;4153.8;260;10255821510;S
20240502;101054;4153;40;10255821511;B
20240502;101054;4153;257;10255821512;B
20240502;101054;4153;50;10255821513;B
20240502;101054;4153;1;10255821514;B
20240502;101054;4153;874;10255821515;B
20240502;101054;4153;23;10255821516;B
20240502;101054;4154.2;2;10255821519;B
20240502;101054;4157.2;20;10255821520;B
20240502;101054;4157.2;20;10255821521;B
20240502;101054;4160.2;30;10255821523;B
20240502;101058;4159.600000000001;25;10255822187;B
20240502;101104;4160.2;1;10255823022;B
20240502;101105;4160.2;4;10255823242;B
20240502;101105;4160.600000000001;7;10255823243;B
20240502;101105;4160.600000000001;4;10255823244;B
20240502;101106;4158.600000000001;7;10255823384;S
20240502;101110;4160.600000000001;5;10255823921;S
20240502;101110;4158.600000000001;1;10255824002;S
20240502;101110;4158.2;4;10255824003;S
20240502;101112;4160.4;1;10255824259;B
20240502;101112;4160.600000000001;121;10255824260;B
20240502;101112;4160.8;40;10255824261;B
20240502;101112;4160.8;7;10255824262;B
20240502;101112;4161.4;7;10255824263;B
20240502;101128;4161.8;8;10255826845;B
20240502;101129;4161.8;5;10255826877;B
20240502;101136;4161.4;10;10255827953;S
20240502;101142;4161.600000000001;5;10255828819;B
20240502;101142;4161.8;17;10255828820;B
20240502;101143;4162.2;2;10255828912;B
20240502;101144;4162.2;1;10255828976;B
20240502;101148;4162.2;3;10255829732;B
20240502;101155;4162;1;10255830756;B
20240502;101159;4162.2;1;10255831291;B
20240502;101205;4162.2;3;10255832259;B
20240502;101205;4162.2;27;10255832324;B
20240502;101205;4162.2;5;10255832325;B
20240502;101205;4162.2;1;10255832326;B
20240502;101205;4162.4;4;10255832327;B
20240502;101206;4163;1;10255832457;B
20240502;101206;4163.2;1;10255832461;B
20240502;101209;4163.2;10;10255832951;B
20240502;101212;4163.2;3;10255833314;B
20240502;101212;4164;1;10255833365;B
20240502;101213;4164;1;10255833474;B
20240502;101217;4163.2;1;10255833952;S
20240502;101217;4162.4;4;10255833953;S
20240502;101217;4162.2;1;10255833954;S
20240502;101217;4162.2;2;10255833979;S
20240502;101218;4162.2;1;10255834116;B
20240502;101218;4163.8;2;10255834117;B
20240502;101219;4163.8;1;10255834170;B
20240502;101220;4164.2;5;10255834386;B
20240502;101220;4164.2;2;10255834387;B
20240502;101222;4163;1;10255834614;S
20240502;101223;4163;1;10255834739;S
20240502;101224;4164;5;10255834935;B
20240502;101226;4164.2;1;10255835162;B
20240502;101227;4164.2;8;10255835425;B
20240502;101231;4163.8;2;10255835820;B
20240502;101232;4163.8;37;10255835894;B
20240502;101232;4164.4;1;10255835916;B
20240502;101233;4164.8;5;10255836003;B
20240502;101235;4164.2;163;10255836257;S
20240502;101235;4163.8;1;10255836258;S
20240502;101235;4163;3;10255836259;S
20240502;101235;4163;1;10255836260;S
20240502;101235;4163;4;10255836261;S
20240502;101235;4162.8;1;10255836262;S
20240502;101235;4162.2;27;10255836263;B
20240502;101236;4163;4;10255836407;B
20240502;101236;4163;25;10255836408;B
20240502;101236;4163;73;10255836409;B
20240502;101236;4163.2;33;10255836410;B
20240502;101248;4164;1;10255838038;B
20240502;101252;4162.600000000001;2;10255838551;B
20240502;101256;4162.2;10;10255839213;S
20240502;101256;4162;10;10255839214;S
20240502;101301;4163.8;5;10255839939;B
20240502;101301;4164;9;10255839940;B
20240502;101301;4164;4;10255839941;B
20240502;101301;4164.2;73;10255839942;B
20240502;101301;4164.2;28;10255839943;B
20240502;101301;4164.8;3;10255840003;B
20240502;101306;4164.600000000001;10;10255840565;B
20240502;101311;4164;5;10255841304;S
20240502;101311;4162.600000000001;5;10255841305;S
20240502;101311;4162.4;8;10255841306;S
20240502;101311;4162.4;20;10255841307;S
20240502;101311;4162.2;2;10255841308;S
20240502;101311;4162;20;10255841309;S
20240502;101311;4162;4;10255841310;S
20240502;101311;4161.4;40;10255841311;S
20240502;101311;4161;22;10255841312;S
20240502;101311;4160.8;23;10255841313;S
20240502;101311;4160.2;10;10255841314;S
20240502;101311;4160.2;3;10255841315;S
20240502;101311;4160.2;37;10255841316;S
20240502;101311;4160;1;10255841317;S
20240502;101318;4159;1;10255842272;B
20240502;101320;4159;1;10255842423;B
20240502;101322;4157;6;10255842646;S
20240502;101323;4158.600000000001;1;10255842791;B
20240502;101323;4157;1;10255842798;S
20240502;101327;4158;1;10255843218;B
20240502;101328;4159.4;1;10255843441;B
20240502;101328;4159.8;7;10255843442;B
20240502;101328;4159.8;73;10255843443;B
20240502;101328;4160;169;10255843444;B
20240502;101329;4159.8;42;10255843456;B
20240502;101329;4160;208;10255843457;B
20240502;101329;4160;66;10255843458;B
20240502;101329;4159.2;1;10255843498;S
20240502;101330;4160;1;10255843600;B
20240502;101331;4160;1;10255843782;B
20240502;101339;4159.4;30;10255844998;S
20240502;101340;4160;1;10255845089;B
20240502;101340;4160;20;10255845145;B
20240502;101348;4159.2;1;10255846788;S
20240502;101348;4159.2;1;10255846789;S
20240502;101350;4159.2;11;10255847062;S
20240502;101405;4158.4;1;10255849456;S
20240502;101407;4158.4;4;10255849828;S
20240502;101421;4159.2;1;10255851928;B
20240502;101431;4159.2;1;10255853284;B
20240502;101432;4159.2;2;10255853443;B
20240502;101436;4159.2;1;10255853918;B
20240502;101438;4159.2;1;10255854270;B
20240502;101441;4159.2;1;10255854680;B
20240502;101445;4159.2;1;10255855081;B
20240502;101447;4159.2;5;10255855282;B
20240502;101454;4159.2;5;10255856103;B
20240502;101528;4159;1;10255863077;S
20240502;101529;4159;2;10255863361;S
20240502;101529;4159;1;10255863362;S
20240502;101529;4159;2;10255863363;S
20240502;101529;4158.8;7;10255863364;S
20240502;101538;4159.2;1;10255865452;B
20240502;101543;4158.8;5;10255866648;S
20240502;101544;4158.8;35;10255866797;S
20240502;101544;4158.8;50;10255866798;S
20240502;101544;4158.600000000001;50;10255866799;S
20240502;101544;4158.600000000001;13;10255866800;S
20240502;101544;4158.4;1;10255866801;S
20240502;101544;4158.4;500;10255866802;S
20240502;101544;4158.4;23;10255866803;S
20240502;101544;4158;1;10255866804;S
20240502;101544;4157.4;2;10255866805;S
20240502;101544;4157.2;1;10255866806;S
20240502;101544;4157;40;10255866807;S
20240502;101544;4156.8;10;10255866808;S
20240502;101544;4156.600000000001;15;10255866809;S
20240502;101544;4155.600000000001;32;10255866810;S
20240502;101544;4155.600000000001;37;10255866811;S
20240502;101544;4155.2;16;10255866812;S
20240502;101544;4155;10;10255866813;S
20240502;101544;4155;3;10255866814;S
20240502;101544;4154.2;9;10255866815;S
20240502;101544;4154;10;10255866816;S
20240502;101544;4154;60;10255866817;S
20240502;101544;4152.4;24;10255866818;S
20240502;101544;4152.4;121;10255866819;S
20240502;101544;4153.4;13;10255866860;S
20240502;101548;4155.2;4;10255867688;B
20240502;101550;4153.2;1;10255868062;S
20240502;101558;4155;15;10255869729;B
20240502;101604;4153.8;1;10255871354;S
20240502;101604;4153.600000000001;1;10255871355;S
20240502;101604;4153.2;1;10255871356;S
20240502;101605;4155;2;10255871553;B
20240502;101609;4155;1;10255872286;B
20240502;101609;4155;3;10255872287;B
20240502;101611;4156;40;10255872792;B
20240502;101611;4156.2;1;10255872793;B
20240502;101611;4156.600000000001;37;10255872794;B
20240502;101611;4157.4;22;10255872795;B
20240502;101617;4156.2;10;10255873959;B
20240502;101623;4154.600000000001;1;10255875222;S
20240502;101624;4157.2;4;10255875323;B
20240502;101626;4157.2;46;10255875707;B
20240502;101626;4157.2;40;10255875708;B
20240502;101626;4157.600000000001;37;10255875709;B
20240502;101626;4158;50;10255875710;B
20240502;101626;4158.8;23;10255875711;B
20240502;101626;4159;1;10255875712;B
20240502;101626;4159.2;1;10255875713;B
20240502;101626;4159.2;2;10255875714;B
20240502;101629;4158.4;2;10255876184;B
20240502;101631;4158.2;1;10255876590;B
20240502;101632;4158;2;10255876797;B
20240502;101635;4158;5;10255877346;B
20240502;101636;4155.600000000001;4;10255877440;S
20240502;101639;4155.600000000001;6;10255877878;S
20240502;101639;4155.600000000001;7;10255877879;S
20240502;101639;4155.4;12;10255877880;S
20240502;101639;4158;33;10255878108;B
20240502;101639;4158;37;10255878109;B
20240502;101642;4158.2;1;10255878661;B
20240502;101643;4158;1;10255878842;B
20240502;101656;4158;10;10255881192;B
20240502;101656;4158;39;10255881193;S
20240502;101656;4158;51;10255881194;S
20240502;101709;4157.600000000001;2;10255884389;B
20240502;101710;4157.600000000001;2;10255884639;B
20240502;101711;4156.4;5;10255885035;S
20240502;101711;4156.2;5;10255885036;S
20240502;101711;4156;7;10255885037;S
20240502;101711;4156;1;10255885038;S
20240502;101711;4155.8;10;10255885039;S
20240502;101711;4155.8;15;10255885040;S
20240502;101713;4156.600000000001;7;10255885657;B
20240502;101713;4156.8;5;10255885658;B
20240502;101715;4157;40;10255886271;B
20240502;101715;4157.2;10;10255886272;B
20240502;101719;4157;6;10255887148;B
20240502;101719;4157.2;19;10255887149;B
20240502;101728;4156.4;1;10255889664;S
20240502;101729;4157;1;10255889924;B
20240502;101742;4156.4;1;10255893183;S
20240502;101744;4157;28;10255893670;S
20240502;101750;4156.2;2;10255894910;S
20240502;101819;4156.2;1;10255900205;B
20240502;101820;4156;3;10255900432;S
20240502;101820;4156;2;10255900433;S
20240502;101820;4155.8;6;10255900434;S
20240502;101820;4155.600000000001;1;10255900435;S
20240502;101834;4156.2;5;10255903453;B
20240502;101834;4156;1;10255903617;S
20240502;101900;4156;1;10255908460;S
20240502;101901;4156.2;5;10255908600;B
20240502;101901;4156.2;1;10255908601;B
20240502;101901;4156.8;1;10255908602;B
20240502;101920;4156;3;10255912370;S
20240502;101922;4156.8;6;10255912599;B
20240502;101922;4156.8;1;10255912600;B
20240502;101925;4157;2;10255913223;B
20240502;101925;4157;4;10255913224;B
20240502;101925;4157;5;10255913225;B
20240502;101925;4157;1;10255913226;B
20240502;101925;4157.2;7;10255913227;B
20240502;101933;4156.4;1;10255915005;S
20240502;101940;4157.2;3;10255916569;B
20240502;101940;4157.2;1;10255916570;B
20240502;101940;4157.4;1;10255916571;B
20240502;101940;4157.600000000001;1;10255916572;B
20240502;101940;4157.8;1;10255916573;B
20240502;101940;4158;1;10255916574;B
20240502;101940;4158;6;10255916575;B
20240502;101940;4158.2;86;10255916576;B
20240502;101942;4158.2;54;10255917024;B
20240502;101942;4158.2;1;10255917025;B
20240502;101942;4158.2;6;10255917026;B
20240502;101942;4158.4;30;10255917027;B
20240502;101942;4158.4;1;10255917028;B
20240502;101942;4158.4;6;10255917029;B
20240502;101942;4158.8;1;10255917030;B
20240502;101942;4158.8;23;10255917031;B
20240502;101942;4159;2;10255917032;B
20240502;101942;4159.2;96;10255917033;B
20240502;101945;4159.4;24;10255917450;B
20240502;101947;4159.4;76;10255918003;B
20240502;101947;4159.4;6;10255918004;B
20240502;101947;4159.600000000001;23;10255918005;B
20240502;101947;4159.8;1;10255918006;B
20240502;101947;4159.8;5;10255918007;B
20240502;101947;4159.8;24;10255918008;B
20240502;101947;4159.8;1;10255918009;B
20240502;101947;4159.8;5;10255918010;B
20240502;101947;4160;51;10255918011;B
20240502;101949;4159.2;6;10255918254;S
20240502;102005;4159.8;24;10255921246;B
20240502;102005;4159.8;11;10255921247;B
20240502;102005;4160;131;10255921248;B
20240502;102011;4159.8;13;10255922603;B
20240502;102013;4158.8;1;10255922909;S
20240502;102015;4159.8;1;10255923360;B
20240502;102017;4159;1;10255923671;S
20240502;102019;4159.8;5;10255924160;B
20240502;102022;4159.8;18;10255926808;B
20240502;102022;4160;42;10255926809;B
20240502;102022;4159.8;2;10255926925;B
20240502;102035;4160;4;10255932622;B
20240502;102050;4159.8;1;10255938846;B
20240502;102057;4159.8;2;10255942069;B
20240502;102103;4159.600000000001;5;10255943049;S
20240502;102103;4159.600000000001;1;10255943050;S
20240502;102103;4159;20;10255943075;S
20240502;102103;4158.8;1;10255943076;S
20240502;102103;4158.8;2;10255943077;S
20240502;102103;4158.8;1;10255943078;S
20240502;102103;4158.8;1;10255943079;S
20240502;102103;4158.600000000001;3;10255943080;S
20240502;102103;4158.4;22;10255943081;S
20240502;102103;4158.2;15;10255943082;S
20240502;102103;4157.4;23;10255943083;S
20240502;102103;4156.2;112;10255943084;S
20240502;102103;4156;1;10255943085;S
20240502;102103;4156;19;10255943086;S
20240502;102103;4156;1;10255943087;S
20240502;102103;4156;1;10255943088;S
20240502;102103;4155.8;10;10255943089;S
20240502;102103;4155.8;38;10255943090;S
20240502;102103;4158.2;1;10255943106;B
20240502;102103;4158.2;2;10255943107;B
20240502;102103;4158.4;1;10255943108;B
20240502;102103;4158.4;1;10255943112;B
20240502;102103;4158.4;2;10255943113;B
20240502;102103;4158.4;1;10255943118;B
20240502;102103;4158.4;2;10255943121;B
20240502;102103;4158.4;1;10255943131;B
20240502;102103;4158.4;2;10255943138;B
20240502;102103;4158.4;1;10255943143;B
20240502;102103;4158.4;2;10255943145;B
20240502;102103;4158.4;1;10255943150;B
20240502;102103;4158.4;2;10255943152;B
20240502;102103;4158.4;1;10255943156;B
20240502;102103;4158.4;2;10255943160;B
20240502;102103;4158.4;2;10255943169;B
20240502;102103;4158.4;2;10255943176;B
20240502;102103;4158.4;2;10255943181;B
20240502;102104;4158.4;9;10255944130;B
20240502;102107;4158.4;3;10255946259;B
20240502;102107;4158.600000000001;3;10255946260;B
20240502;102107;4159.2;21;10255946261;B
20240502;102107;4159.4;40;10255946262;B
20240502;102107;4159.8;9;10255946263;B
20240502;102107;4160;24;10255946264;B
20240502;102108;4159.600000000001;20;10255946412;B
20240502;102112;4159.600000000001;37;10255947642;B
20240502;102112;4159.8;11;10255947643;B
20240502;102114;4159.8;7;10255948323;B
20240502;102129;4159.600000000001;4;10255953831;S
20240502;102139;4159;50;10255958074;B
20240502;102139;4159.2;125;10255958075;B
20240502;102139;4159.4;23;10255958076;B
20240502;102139;4159.4;20;10255958077;B
20240502;102139;4159.600000000001;50;10255958078;B
20240502;102139;4159.600000000001;37;10255958079;B
20240502;102139;4159.8;50;10255958080;B
20240502;102139;4160;113;10255958081;B
20240502;102143;4158.2;3;10255959648;S
20240502;102149;4160;7;10255961490;B
20240502;102149;4159.8;32;10255961498;S
20240502;102204;4159.600000000001;32;10255967412;B
20240502;102204;4159.8;20;10255967413;B
20240502;102204;4159.8;23;10255967414;B
20240502;102204;4160;42;10255967415;B
20240502;102207;4159;1;10255967892;S
20240502;102217;4159.8;1;10255970429;S
20240502;102218;4159.8;2;10255970740;S
20240502;102218;4159.600000000001;3;10255970741;S
20240502;102219;4159.600000000001;3;10255970890;B
20240502;102219;4159.8;9;10255970891;B
20240502;102219;4159.600000000001;4;10255970937;B
20240502;102232;4159.8;5;10255976011;B
20240502;102234;4159.8;51;10255976260;B
20240502;102241;4159;1;10255978696;S
20240502;102241;4159;5;10255978697;S
20240502;102241;4159.8;1;10255978786;B
20240502;102244;4159.8;43;10255980267;B
20240502;102244;4160;57;10255980268;B
20240502;102244;4160;80;10255980269;B
20240502;102251;4160;90;10255983801;B
20240502;102302;4160;1;10255987770;B
20240502;102305;4159.2;1;10255988186;S
20240502;102305;4159.2;1;10255988187;S
20240502;102305;4159.2;38;10255988188;S
20240502;102305;4159.2;1;10255988238;S
20240502;102306;4160;2;10255988570;B
20240502;102313;4160;30;10255991791;B
20240502;102320;4160;1;10255993326;B
20240502;102326;4159.2;1;10255996259;S
20240502;102343;4160;1;10256000974;B
20240502;102354;4159.600000000001;1;10256005779;S
20240502;102354;4159.600000000001;1;10256005780;S
20240502;102354;4159.2;1;10256005781;S
20240502;102356;4160;2;10256006081;B
20240502;102402;4160;4;10256008542;B
20240502;102405;4159.2;3;10256009092;S
20240502;102405;4159.2;1;10256009093;S
20240502;102405;4159.2;1;10256009094;S
20240502;102405;4159;8;10256009095;S
20240502;102405;4159;12;10256009096;S
20240502;102412;4159;1;10256010508;S
20240502;102412;4158.600000000001;11;10256010509;S
20240502;102412;4158.4;3;10256010510;S
20240502;102412;4158;3;10256010511;S
20240502;102412;4158;1;10256010512;S
20240502;102412;4158;2;10256010513;S
20240502;102412;4158;11;10256010514;S
20240502;102413;4159.8;2;10256012597;B
20240502;102413;4160;17;10256012598;B
20240502;102416;4159.8;1;10256012970;B
20240502;102416;4160;6;10256012971;B
20240502;102420;4158.600000000001;8;10256013659;B
20240502;102420;4158.600000000001;2;10256013660;B
20240502;102420;4159.2;1;10256013683;S
20240502;102429;4158.8;4;10256016493;S
20240502;102433;4158.8;2;10256017797;S
20240502;102438;4158;1;10256020069;S
20240502;102439;4159.8;1;10256020258;B
20240502;102443;4160;444;10256021060;B
20240502;102443;4160;155;10256021061;B
20240502;102443;4160;30;10256021062;B
20240502;102443;4160;1;10256021063;B
20240502;102443;4160;11;10256021064;B
20240502;102443;4160;20;10256021065;B
20240502;102443;4160;1;10256021066;B
20240502;102443;4160;2;10256021067;B
20240502;102443;4160;1;10256021068;B
20240502;102443;4160;25;10256021069;B
20240502;102443;4160;2;10256021070;B
20240502;102443;4160;98;10256021144;B
20240502;102443;4161;2;10256021145;B
20240502;102444;4162;3;10256021256;B
20240502;102444;4162.2;27;10256021257;B
20240502;102445;4162.2;7;10256021400;B
20240502;102445;4162.2;16;10256021415;B
20240502;102445;4163.8;30;10256021435;B
20240502;102452;4163.8;3;10256024309;B
20240502;102452;4164;3;10256025388;B
20240502;102452;4164;8;10256025389;B
20240502;102454;4163.8;1;10256025636;S
20240502;102454;4163.600000000001;1;10256025637;S
20240502;102455;4163.4;1;10256025706;S
20240502;102455;4163.2;1;10256025707;S
20240502;102456;4161.4;5;10256025835;S
20240502;102458;4163.8;1;10256026174;B
20240502;102458;4163.8;4;10256026201;B
20240502;102504;4164;40;10256028266;B
20240502;102518;4163.600000000001;12;10256033276;B
20240502;102518;4163.8;1;10256033277;B
20240502;102518;4163.8;22;10256033278;B
20240502;102519;4164;15;10256033598;B
20240502;102521;4162.4;1;10256033898;S
20240502;102524;4164;2;10256036027;B
20240502;102530;4163.4;6;10256036835;B
20240502;102530;4162.2;1;10256036932;S
20240502;102530;4162;31;10256036933;S
20240502;102530;4162;2;10256036934;S
20240502;102534;4162;3;10256037582;B
20240502;102536;4162;11;10256039592;B
20240502;102541;4162;1;10256040324;B
20240502;102542;4162;1;10256040449;B
20240502;102545;4162;5;10256041217;B
20240502;102606;4161.8;1;10256048672;S
20240502;102629;4161.4;1;10256056808;S
20240502;102637;4161.8;1;10256059362;B
20240502;102648;4161.8;4;10256064040;B
20240502;102648;4162;99;10256064041;B
20240502;102648;4162;4;10256064042;B
20240502;102648;4162;10;10256064043;B
20240502;102648;4162;2;10256064044;B
20240502;102648;4162;31;10256064045;B
20240502;102648;4162;3;10256064046;B
20240502;102648;4163;35;10256064047;B
20240502;102659;4163;1;10256066163;S
20240502;102659;4161.8;16;10256066164;S
20240502;102719;4163.4;1;10256073707;B
20240502;102728;4163.2;2;10256076341;B
20240502;102738;4162.600000000001;50;10256078200;S
20240502;102738;4162.600000000001;27;10256078201;S
20240502;102738;4162.4;13;10256078202;S
20240502;102738;4161.8;100;10256078203;S
20240502;102738;4161.600000000001;23;10256078204;S
20240502;102738;4161.4;1;10256078205;S
20240502;102738;4161.4;1;10256078206;S
20240502;102738;4161.4;25;10256078207;S
20240502;102738;4161.4;1;10256078208;S
20240502;102738;4161;1;10256078209;S
20240502;102738;4160.8;2;10256078210;S
20240502;102738;4160.8;40;10256078211;S
20240502;102738;4160;50;10256078212;S
20240502;102738;4160;4;10256078213;S
20240502;102738;4160;5;10256078214;S
20240502;102738;4159.8;37;10256078215;S
20240502;102738;4159.600000000001;7;10256078216;S
20240502;102738;4158;18;10256078217;S
20240502;102744;4161.8;1;10256079021;B
20240502;102746;4162.2;2;10256079341;B
20240502;102749;4161;1;10256079650;S
20240502;102751;4160.2;5;10256079996;S
20240502;102751;4160;8;10256079997;S
20240502;102754;4161.600000000001;1;10256080332;B
20240502;102801;4160.8;1;10256081256;B
20240502;102809;4159.600000000001;1;10256082297;B
20240502;102813;4159.4;1;10256082827;B
20240502;102823;4159.4;2;10256084153;B
20240502;102851;4158;4;10256087897;S
20240502;102858;4158;1;10256088808;S
20240502;102912;4158;2;10256090244;S
20240502;102915;4158;1;10256090610;S
20240502;102915;4158;2;10256090611;S
20240502;102915;4158;5;10256090612;S
20240502;102915;4158;21;10256090613;S
20240502;102915;4157.8;3;10256090614;S
20240502;102915;4157.8;38;10256090615;S
20240502;102915;4159;50;10256090653;B
20240502;102915;4159;20;10256090654;B
20240502;102915;4159.4;1;10256090655;B
20240502;102915;4159.4;2;10256090656;B
20240502;102915;4159.4;8;10256090657;B
20240502;102915;4159.600000000001;3;10256090658;B
20240502;102915;4159.8;250;10256090659;B
20240502;102915;4160;294;10256090660;B
20240502;102928;4159;12;10256092573;B
20240502;102934;4159.2;3;10256093295;B
20240502;102934;4159.4;2;10256093296;B
20240502;102941;4158;2;10256094237;S
20240502;102941;4157.8;1;10256094238;S
20240502;102941;4157.8;5;10256094239;S
20240502;102941;4157.8;42;10256094240;S
20240502;102942;4157.600000000001;7;10256094462;S
20240502;102942;4157.2;8;10256094463;S
20240502;102942;4156.8;5;10256094464;S
20240502;102948;4158.8;1;10256095300;B
20240502;102948;4158.2;4;10256095311;S
20240502;102950;4158;1;10256095647;S
20240502;103000;4158.4;1;10256097032;B
20240502;103006;4158.4;2;10256098176;B
20240502;103007;4158.4;1;10256098281;B
20240502;103007;4158.600000000001;1;10256098311;B
20240502;103007;4158.600000000001;1;10256098322;B
20240502;103007;4158.600000000001;1;10256098326;B
20240502;103007;4158.600000000001;1;10256098331;B
20240502;103007;4158.600000000001;1;10256098349;B
20240502;103007;4159.8;1;10256098354;B
20240502;103008;4159.8;1;10256098397;B
20240502;103008;4159.600000000001;32;10256098403;S
20240502;103008;4159.8;1;10256098406;B
20240502;103008;4159.8;1;10256098408;B
20240502;103008;4159.8;2;10256098419;B
20240502;103008;4159.8;1;10256098428;B
20240502;103008;4159.8;1;10256098448;B
20240502;103008;4159.8;1;10256098476;B
20240502;103008;4159.8;2;10256098481;B
20240502;103008;4159.8;1;10256098491;B
20240502;103008;4159.8;1;10256098494;B
20240502;103009;4159.8;1;10256098501;B
20240502;103009;4159.8;2;10256098506;B
20240502;103009;4159.8;1;10256098514;B
20240502;103009;4160;2;10256098542;B
20240502;103009;4159.8;1;10256098545;B
20240502;103009;4160;2;10256098546;B
20240502;103009;4159.8;1;10256098569;B
20240502;103009;4159.8;1;10256098573;B
20240502;103009;4159.8;1;10256098576;B
20240502;103009;4159.8;3;10256098609;B
20240502;103009;4159.8;1;10256098620;B
20240502;103009;4159.8;1;10256098621;B
20240502;103010;4159.8;1;10256098627;B
20240502;103010;4159.8;1;10256098629;B
20240502;103010;4159.8;2;10256098639;B
20240502;103010;4159.8;1;10256098646;B
20240502;103010;4159.8;1;10256098648;B
20240502;103010;4159.8;2;10256098696;B
20240502;103010;4159.8;1;10256098697;B
20240502;103010;4160;2;10256098699;B
20240502;103010;4160;2;10256098707;B
20240502;103010;4160;4;10256098708;B
20240502;103010;4160;1;10256098711;B
20240502;103010;4160;1;10256098778;B
20240502;103010;4160;2;10256098796;B
20240502;103011;4160;1;10256098866;B
20240502;103011;4160;1;10256098874;B
20240502;103011;4160;1;10256098888;B
20240502;103011;4160;1;10256098912;B
20240502;103011;4160;9;10256098943;B
20240502;103012;4160;1;10256099005;B
20240502;103012;4160;3;10256099009;B
20240502;103012;4160;1;10256099012;B
20240502;103012;4160;1;10256099015;B
20240502;103012;4160;1;10256099019;B
20240502;103012;4160;1;10256099020;B
20240502;103012;4160;1;10256099023;B
20240502;103012;4160;8;10256099027;B
20240502;103012;4160;2;10256099105;B
20240502;103012;4160;1;10256099109;B
20240502;103012;4160;2;10256099127;B
20240502;103012;4160;1;10256099163;B
20240502;103012;4160;4;10256099166;B
20240502;103013;4160;1;10256099183;B
20240502;103013;4160;1;10256099196;B
20240502;103013;4160;1;10256099198;B
20240502;103013;4160;1;10256099199;B
20240502;103013;4160;1;10256099217;B
20240502;103013;4160;1;10256099268;B
20240502;103013;4160;1;10256099274;B
20240502;103013;4160;2;10256099289;B
20240502;103013;4160;1;10256099293;B
20240502;103013;4160;1;10256099306;B
20240502;103014;4160;1;10256099323;B
20240502;103014;4160;1;10256099326;B
20240502;103014;4160;2;10256099330;B
20240502;103014;4160;1;10256099345;B
20240502;103014;4160;1;10256099349;B
20240502;103014;4160;1;10256099356;B
20240502;103014;4160;3;10256099357;B
20240502;103014;4160;1;10256099376;B
20240502;103014;4160;1;10256099380;B
20240502;103014;4160;1;10256099381;B
20240502;103014;4160;1;10256099417;B
20240502;103014;4160;1;10256099438;B
20240502;103015;4160;1;10256099459;B
20240502;103015;4160;1;10256099460;B
20240502;103015;4160;1;10256099462;B
20240502;103015;4160;1;10256099537;B
20240502;103015;4160;1;10256099540;B
20240502;103016;4160;2;10256099579;B
20240502;103016;4160;1;10256099605;B
20240502;103016;4160;1;10256099612;B
20240502;103016;4160;1;10256099613;B
20240502;103016;4160;1;10256099695;B
20240502;103017;4160;1;10256099721;B
20240502;103017;4160;1;10256099728;B
20240502;103017;4160;1;10256099746;B
20240502;103017;4160;1;10256099827;B
20240502;103018;4160;1;10256099849;B
20240502;103018;4160;1;10256099889;B
20240502;103019;4160;1;10256100090;B
20240502;103019;4160;1;10256100098;B
20240502;103020;4160;12;10256100136;B
20240502;103020;4160;7;10256100169;B
20240502;103021;4160;9;10256100288;B
20240502;103022;4160;3;10256100496;B
20240502;103024;4160;7;10256100784;B
20240502;103024;4160;1;10256100874;B
20240502;103025;4160;2;10256100942;B
20240502;103025;4160;1;10256100995;B
20240502;103025;4160;5;10256101008;B
20240502;103026;4160;1;10256101094;B
20240502;103026;4160;3;10256101097;B
20240502;103026;4160;2;10256101131;B
20240502;103026;4160;4;10256101169;B
20240502;103026;4160;1;10256101180;B
20240502;103026;4160;1;10256101188;B
20240502;103026;4160;2;10256101206;B
20240502;103027;4160;1;10256101211;B
20240502;103027;4160;1;10256101217;B
20240502;103027;4160;1;10256101218;B
20240502;103027;4160;6;10256101219;B
20240502;103027;4160;7;10256101237;B
20240502;103027;4160;1;10256101253;B
20240502;103027;4160;3;10256101279;B
20240502;103027;4160;1;10256101287;B
20240502;103027;4160;5;10256101290;B
20240502;103027;4160;1;10256101332;B
20240502;103027;4160;1;10256101339;B
20240502;103027;4160;209;10256101394;B
20240502;103027;4160;6;10256101395;B
20240502;103027;4160;1;10256101397;B
20240502;103027;4160;3;10256101398;B
20240502;103028;4160;1;10256101441;B
20240502;103028;4160;1;10256101462;B
20240502;103028;4160;1;10256101473;B
20240502;103028;4160;2;10256101478;B
20240502;103028;4160;1;10256101496;B
20240502;103028;4160;2;10256101500;B
20240502;103028;4160;2;10256101505;B
20240502;103028;4160;1;10256101546;B
20240502;103028;4160;1;10256101547;B
20240502;103028;4160;1;10256101562;B
20240502;103029;4160;2;10256101569;B
20240502;103029;4160;1;10256101578;B
20240502;103029;4160;1;10256101579;B
20240502;103029;4160;1;10256101589;B
20240502;103029;4160;1;10256101642;B
20240502;103029;4160;1;10256101648;B
20240502;103029;4160;1;10256101650;B
20240502;103029;4160;1;10256101682;B
20240502;103029;4160;4;10256101683;B
20240502;103029;4160;1;10256101708;B
20240502;103029;4160;1;10256101716;B
20240502;103029;4160;1;10256101719;B
20240502;103029;4160;1;10256101724;B
20240502;103030;4160;3;10256101842;B
20240502;103030;4160;7;10256101850;B
20240502;103030;4160;3;10256101852;B
20240502;103030;4160;2;10256101857;B
20240502;103030;4160;1;10256101860;B
20240502;103030;4160;48;10256101880;B
20240502;103030;4160;2;10256101885;B
20240502;103030;4160;1;10256101898;B
20240502;103030;4160;4;10256101925;B
20240502;103030;4160;1;10256101926;B
20240502;103031;4160;6;10256101980;B
20240502;103031;4160;1;10256101992;B
20240502;103031;4160;1;10256102055;B
20240502;103032;4160;1;10256102160;B
20240502;103032;4160;1;10256102162;B
20240502;103032;4160;1;10256102187;B
20240502;103032;4160;1;10256102212;B
20240502;103032;4160;1;10256102213;B
20240502;103032;4160;1;10256102285;B
20240502;103032;4160;1;10256102286;B
20240502;103033;4160;1;10256102308;B
20240502;103033;4160;1;10256102346;B
20240502;103033;4160;2;10256102374;B
20240502;103033;4160;1;10256102553;B
20240502;103033;4160;2;10256102586;B
20240502;103033;4160;2;10256102602;B
20240502;103034;4160;7;10256102667;B
20240502;103034;4160;1;10256102827;B
20240502;103036;4160;2;10256103803;B
20240502;103037;4160;1;10256104019;B
20240502;103038;4160;2;10256104578;B
20240502;103038;4160;1;10256104729;B
20240502;103039;4159.8;4;10256104990;S
20240502;103040;4159.8;1;10256105064;S
20240502;103040;4160;2;10256105087;B
20240502;103040;4160;4;10256105126;B
20240502;103042;4160;1;10256105436;B
20240502;103042;4160;1;10256105452;B
20240502;103042;4160;1;10256105453;B
20240502;103042;4160;1;10256105459;B
20240502;103042;4160;1;10256105549;B
20240502;103042;4160;2;10256105550;B
20240502;103043;4160;1;10256105578;B
20240502;103043;4160;1;10256105608;B
20240502;103043;4160;1;10256105618;B
20240502;103043;4160;4;10256105627;B
20240502;103043;4160;1;10256105634;B
20240502;103043;4160;1;10256105671;B
20240502;103043;4160;2;10256105710;B
20240502;103043;4160;1;10256105735;B
20240502;103043;4160;1;10256105740;B
20240502;103043;4160;2;10256105743;B
20240502;103044;4160;1;10256105825;B
20240502;103044;4160;1;10256105826;B
20240502;103045;4160;1;10256105921;B
20240502;103045;4160;1;10256105923;B
20240502;103045;4160;1;10256105978;B
20240502;103045;4160;1;10256105997;B
20240502;103045;4160;1;10256106001;B
20240502;103045;4160;1;10256106007;B
20240502;103045;4160;1;10256106037;B
20240502;103046;4160;1;10256106045;B
20240502;103046;4160;1;10256106066;B
20240502;103046;4160;1;10256106071;B
20240502;103046;4160;1;10256106127;B
20240502;103046;4160;4;10256106136;B
20240502;103046;4160;2;10256106137;B
20240502;103046;4160;4;10256106161;B
20240502;103047;4160;1;10256106227;B
20240502;103047;4160;1;10256106235;B
20240502;103047;4160;1;10256106237;B
20240502;103047;4160;1;10256106279;B
20240502;103047;4160;4;10256106281;B
20240502;103047;4160;1;10256106308;B
20240502;103048;4160;1;10256106368;B
20240502;103048;4160;1;10256106459;B
20240502;103048;4160;2;10256106469;B
20240502;103048;4160;1;10256106487;B
20240502;103049;4160;1;10256106506;B
20240502;103049;4160;5;10256106572;B
20240502;103053;4160;2;10256107213;B
20240502;103053;4160;4;10256107218;B
20240502;103053;4160;1;10256107281;B
20240502;103053;4160;3;10256107308;B
20240502;103053;4160;2;10256107319;B
20240502;103055;4160;2;10256107540;B
20240502;103055;4160;1;10256107566;B
20240502;103055;4160;1;10256107613;B
20240502;103056;4160;1;10256107666;B
20240502;103056;4160;4;10256107701;B
20240502;103056;4160;1;10256107720;B
20240502;103057;4160;1;10256107799;B
20240502;103057;4160;1;10256107844;B
20240502;103057;4160;1;10256107901;B
20240502;103057;4160;1;10256107905;B
20240502;103057;4160;1;10256107937;B
20240502;103057;4160;1;10256107945;B
20240502;103058;4160;1;10256107963;B
20240502;103058;4160;1;10256108003;B
20240502;103058;4160;1;10256108011;B
20240502;103058;4160;1;10256108050;B
20240502;103058;4160;1;10256108427;B
20240502;103058;4160;2;10256108438;B
20240502;103059;4160;1;10256108575;B
20240502;103059;4160;1;10256108589;B
20240502;103059;4160;1;10256108701;B
20240502;103100;4160;1;10256108859;B
20240502;103100;4160;6;10256108920;B
20240502;103100;4160;6;10256108958;B
20240502;103100;4160;1;10256109004;B
20240502;103100;4160;1;10256109009;B
20240502;103100;4160;3;10256109133;B
20240502;103100;4160;1;10256109134;B
20240502;103101;4160;1;10256109238;B
20240502;103101;4160;1;10256109272;B
20240502;103101;4160;1;10256109299;B
20240502;103101;4160;1;10256109381;B
20240502;103104;4160;7;10256109798;B
20240502;103104;4160;2;10256109836;B
20240502;103104;4160;4;10256109886;B
20240502;103104;4160;1;10256109900;B
20240502;103105;4160;1;10256109991;B
20240502;103105;4160;1;10256110047;B
20240502;103105;4160;1;10256110071;B
20240502;103106;4160;1;10256110080;B
20240502;103106;4160;1;10256110106;B
20240502;103106;4160;4;10256110182;B
20240502;103107;4160;2;10256110302;B
20240502;103107;4160;1;10256110386;B
20240502;103107;4160;1;10256110403;B
20240502;103110;4160;10;10256110827;B
20240502;103110;4159.8;4;10256110912;S
20240502;103113;4159.4;1;10256111203;B
20240502;103114;4159.4;1;10256111303;B
20240502;103114;4159.4;1;10256111381;B
20240502;103114;4159.4;1;10256111406;B
20240502;103114;4159.4;1;10256111429;B
20240502;103114;4159.4;1;10256111446;B
20240502;103115;4159.4;1;10256111461;B
20240502;103115;4159.4;3;10256111496;B
20240502;103115;4159.4;12;10256111526;B
20240502;103115;4159.4;5;10256111534;B
20240502;103115;4159.8;108;10256111535;B
20240502;103115;4160;187;10256111536;B
20240502;103115;4160;1;10256111554;B
20240502;103116;4160;2;10256111566;B
20240502;103116;4160;1;10256111574;B
20240502;103116;4160;2;10256111592;B
20240502;103116;4160;1;10256111595;B
20240502;103116;4160;1;10256111597;B
20240502;103116;4160;5;10256111599;B
20240502;103116;4160;1;10256111604;B
20240502;103116;4160;1;10256111631;B
20240502;103116;4160;1;10256111633;B
20240502;103116;4160;1;10256111641;B
20240502;103117;4160;3;10256111690;B
20240502;103117;4160;1;10256111695;B
20240502;103117;4160;1;10256111706;B
20240502;103117;4160;1;10256111709;B
20240502;103117;4160;1;10256111715;B
20240502;103117;4160;1;10256111726;B
20240502;103117;4160;1;10256111744;B
20240502;103117;4160;2;10256111747;B
20240502;103117;4160;5;10256111775;B
20240502;103117;4160;1;10256111821;B
20240502;103118;4160;2;10256111837;B
20240502;103118;4160;2;10256111847;B
20240502;103118;4160;2;10256111858;B
20240502;103118;4160;2;10256111863;B
20240502;103118;4160;1;10256111865;B
20240502;103118;4160;2;10256111884;B
20240502;103118;4160;1;10256111897;B
20240502;103118;4160;1;10256111916;B
20240502;103118;4160;1;10256111918;B
20240502;103118;4160;250;10256111919;B
20240502;103118;4160;1;10256111931;B
20240502;103119;4160;1;10256111942;B
20240502;103119;4160;1;10256111950;B
20240502;103119;4160;6;10256111956;B
20240502;103119;4160;1;10256111957;B
20240502;103119;4160;1;10256112027;B
20240502;103119;4160;36;10256112030;B
20240502;103119;4160;4;10256112038;B
20240502;103119;4160;1;10256112042;B
20240502;103119;4160;50;10256112119;B
20240502;103119;4160;1;10256112123;B
20240502;103119;4160;1;10256112128;B
20240502;103119;4160;1;10256112134;B
20240502;103119;4160;1;10256112138;B
20240502;103120;4160;1;10256112159;B
20240502;103120;4160;1;10256112167;B
20240502;103120;4160;1;10256112172;B
20240502;103120;4160;1;10256112192;B
20240502;103120;4160;2;10256112193;B
20240502;103120;4160;1;10256112200;B
20240502;103120;4160;1;10256112218;B
20240502;103120;4160;2;10256112227;B
20240502;103120;4160;1;10256112228;B
20240502;103120;4160;3;10256112242;B
20240502;103120;4160;3;10256112243;B
20240502;103120;4160;1;10256112289;B
20240502;103121;4160;2;10256112314;B
20240502;103121;4160;1;10256112324;B
20240502;103121;4160;2;10256112345;B
20240502;103121;4160;1;10256112359;B
20240502;103121;4160;1;10256112372;B
20240502;103121;4160;1;10256112376;B
20240502;103123;4160;5;10256112588;B
20240502;103123;4160;1;10256112620;B
20240502;103124;4160;1;10256112643;B
20240502;103124;4160;1;10256112678;B
20240502;103124;4160;1;10256112738;B
20240502;103124;4160;2;10256112784;B
20240502;103125;4160;2;10256112791;B
20240502;103125;4160;21;10256112838;B
20240502;103125;4160;5;10256112847;B
20240502;103125;4160;2;10256112857;B
20240502;103125;4160;1;10256112895;B
20240502;103126;4160;2;10256112911;B
20240502;103126;4160;1;10256112912;B
20240502;103126;4160;2;10256112966;B
20240502;103126;4160;1;10256112971;B
20240502;103126;4160;1;10256112979;B
20240502;103126;4160;2;10256112997;B
20240502;103126;4160;1;10256113032;B
20240502;103126;4160;1;10256113047;B
20240502;103127;4160;1;10256113057;B
20240502;103127;4160;2;10256113142;B
20240502;103127;4160;1;10256113153;B
20240502;103131;4160;6;10256113658;B
20240502;103131;4160;2;10256113718;B
20240502;103132;4160;2;10256113790;B
20240502;103132;4160;2;10256113810;B
20240502;103132;4160;1;10256113813;B
20240502;103136;4159.8;4;10256114821;S
20240502;103140;4160;12;10256115759;B
20240502;103140;4160;24;10256115780;B
20240502;103142;4160;1;10256116062;B
20240502;103143;4160;4;10256116229;B
20240502;103143;4160;260;10256116326;B
20240502;103143;4160;1;10256116327;B
20240502;103143;4160;13;10256116328;B
20240502;103143;4160;13;10256116329;B
20240502;103143;4160;1;10256116330;B
20240502;103143;4160;1;10256116331;B
20240502;103143;4160.2;3;10256116332;B
20240502;103143;4160.2;1;10256116333;B
20240502;103143;4160.600000000001;67;10256116334;B
20240502;103143;4161;9;10256116335;B
20240502;103143;4161;55;10256116336;B
20240502;103143;4161.2;1;10256116337;B
20240502;103143;4161.4;2;10256116338;B
20240502;103143;4161.600000000001;1;10256116339;B
20240502;103144;4162;1;10256116482;B
20240502;103146;4162;1;10256116729;B
20240502;103146;4162;1;10256116762;B
20240502;103146;4162;4;10256116779;B
20240502;103147;4162;1;10256116934;B
20240502;103148;4162;1;10256116977;B
20240502;103148;4162;1;10256117037;B
20240502;103148;4162;1;10256117055;B
20240502;103148;4162;2;10256117074;B
20240502;103149;4162;2;10256117154;B
20240502;103149;4162;5;10256117167;B
20240502;103150;4162;1;10256117218;B
20240502;103150;4162;1;10256117262;B
20240502;103150;4162;1;10256117318;B
20240502;103152;4162;8;10256117657;B
20240502;103153;4162;71;10256117966;B
20240502;103157;4162;2;10256118435;B
20240502;103159;4161.8;10;10256118594;S
20240502;103207;4162;3;10256119712;B
20240502;103215;4161.8;29;10256120813;S
20240502;103221;4162;16;10256121570;B
20240502;103221;4162;50;10256121586;B
20240502;103224;4162;27;10256122047;B
20240502;103224;4162;3;10256122048;B
20240502;103224;4162.4;1;10256122049;B
20240502;103224;4163;19;10256122050;B
20240502;103228;4163;2;10256122719;B
20240502;103230;4163;3;10256123025;B
20240502;103230;4163.4;2;10256123026;B
20240502;103230;4163.4;2;10256123027;B
20240502;103230;4163.4;2;10256123028;B
20240502;103230;4163.4;16;10256123029;B
20240502;103232;4163.600000000001;1;10256123241;B
20240502;103232;4163.600000000001;1;10256123242;B
20240502;103232;4163.8;38;10256123243;B
20240502;103234;4163;2;10256123640;B
20240502;103239;4163;6;10256124624;B
20240502;103239;4163;1;10256124625;B
20240502;103239;4163.600000000001;14;10256124626;B
20240502;103244;4163.2;10;10256125247;B
20240502;103251;4163.2;50;10256126196;B
20240502;103251;4163.4;87;10256126197;B
20240502;103251;4163.4;10;10256126198;B
20240502;103251;4163.600000000001;1;10256126199;B
20240502;103251;4163.8;2;10256126200;B
20240502;103253;4163.8;5;10256126479;B
20240502;103255;4163.8;33;10256126663;B
20240502;103257;4163.8;1;10256126958;B
20240502;103257;4163.4;1;10256127047;S
20240502;103302;4163;3;10256127528;S
20240502;103302;4163;1;10256127572;S
20240502;103302;4163;1;10256127579;S
20240502;103302;4163;14;10256127580;S
20240502;103302;4163;6;10256127581;S
20240502;103302;4162.4;2;10256127672;S
20240502;103302;4162;5;10256127673;S
20240502;103306;4163;5;10256128164;S
20240502;103311;4162;2;10256129019;S
20240502;103313;4163.2;4;10256129379;B
20240502;103320;4162;21;10256130131;S
20240502;103331;4162.8;1;10256131487;B
20240502;103343;4162.600000000001;1;10256133568;B
20240502;103352;4162.600000000001;1;10256135745;B
20240502;103352;4162.600000000001;1;10256135763;B
20240502;103355;4162.600000000001;7;10256136476;B
20240502;103402;4162.8;8;10256138213;B
20240502;103402;4163;1;10256138214;B
20240502;103402;4163;2;10256138215;B
20240502;103402;4163.2;2;10256138216;B
20240502;103402;4163.2;1;10256138217;B
20240502;103402;4163.4;1;10256138218;B
20240502;103402;4163.600000000001;9;10256138219;B
20240502;103410;4163.4;5;10256140421;S
20240502;103411;4163;4;10256140708;S
20240502;103417;4163.2;7;10256142389;B
20240502;103417;4163.4;1;10256142390;B
20240502;103417;4163.8;40;10256142391;B
20240502;103417;4163.8;3;10256142392;B
20240502;103431;4163.8;125;10256145923;B
20240502;103433;4163.8;100;10256146482;B
20240502;103440;4163.8;154;10256148406;B
20240502;103450;4163.600000000001;1;10256151070;S
20240502;103450;4163.600000000001;10;10256151071;S
20240502;103505;4163.600000000001;2;10256154358;S
20240502;103505;4163.600000000001;2;10256154359;S
20240502;103505;4163.2;5;10256154375;S
20240502;103508;4163.4;2;10256154799;B
20240502;103523;4162.2;1;10256157077;S
20240502;103523;4162.2;1;10256157078;S
20240502;103523;4162.2;23;10256157079;S
20240502;103526;4162.8;2;10256157619;B
20240502;103531;4162.8;1;10256158244;B
20240502;103538;4162.8;3;10256159341;B
20240502;103542;4162.8;1;10256159796;B
20240502;103542;4162.8;6;10256159889;S
20240502;103544;4162.8;3;10256160095;S
20240502;103556;4162.8;1;10256161983;S
20240502;103557;4162.8;1;10256162109;S
20240502;103557;4162.8;1;10256162110;S
20240502;103557;4162.8;1;10256162111;S
20240502;103557;4162.600000000001;10;10256162112;S
20240502;103605;4162.600000000001;1;10256162997;S
20240502;103607;4162.8;7;10256163236;B
20240502;103612;4163;20;10256163827;B
20240502;103612;4163;20;10256163828;B
20240502;103612;4163;24;10256163829;B
20240502;103612;4163.600000000001;1;10256163830;B
20240502;103612;4163.600000000001;2;10256163831;B
20240502;103612;4163.600000000001;25;10256163832;B
20240502;103612;4163.8;267;10256163833;B
20240502;103612;4163.8;1;10256163834;B
20240502;103612;4163.8;1;10256163835;B
20240502;103612;4163.8;1000;10256163836;B
20240502;103612;4163.8;17;10256163837;B
20240502;103612;4164;85;10256163838;B
20240502;103612;4164;5;10256163839;B
20240502;103612;4164;50;10256163840;B
20240502;103612;4164;13;10256163841;B
20240502;103612;4164;1;10256163842;B
20240502;103612;4164;3;10256163843;B
20240502;103612;4164;33;10256163844;B
20240502;103612;4164.2;1;10256163845;B
20240502;103612;4164.600000000001;5;10256163846;B
20240502;103612;4164.8;1;10256163847;B
20240502;103612;4165;2;10256163848;B
20240502;103612;4165;2;10256163849;B
20240502;103612;4165;1;10256163850;B
20240502;103612;4165;2;10256163851;B
20240502;103612;4165;2;10256163852;B
20240502;103612;4165;20;10256163853;B
20240502;103612;4166;2;10256163866;B
20240502;103612;4166;1;10256163867;B
20240502;103612;4166;20;10256163868;B
20240502;103612;4166.2;12;10256163869;B
20240502;103612;4166.2;1;10256163870;B
20240502;103612;4166.4;1;10256163871;B
20240502;103612;4166.4;5;10256163872;B
20240502;103612;4166.4;24;10256163873;B
20240502;103612;4166.600000000001;8;10256163874;B
20240502;103612;4166.600000000001;20;10256163875;B
20240502;103612;4167;18;10256163876;B
20240502;103612;4167.2;1;10256163877;B
20240502;103612;4167.2;1;10256163878;B
20240502;103612;4167.2;11;10256163879;B
20240502;103612;4167.2;1;10256163886;B
20240502;103612;4167.2;1;10256163898;B
20240502;103619;4165.8;5;10256164740;S
20240502;103619;4165.8;1;10256164741;S
20240502;103622;4166;1;10256165122;B
20240502;103623;4166;1;10256165182;B
20240502;103625;4167;3;10256165573;B
20240502;103625;4167.2;4;10256165574;B
20240502;103625;4167.4;5;10256165575;B
20240502;103625;4168;1;10256165576;B
20240502;103625;4168;4;10256165577;B
20240502;103625;4168;2;10256165578;B
20240502;103625;4168;31;10256165579;B
20240502;103626;4167.8;2;10256165794;S
20240502;103626;4168.2;20;10256165903;B
20240502;103626;4168.600000000001;1;10256165904;B
20240502;103626;4168.8;1;10256165905;B
20240502;103626;4169;2;10256165906;B
20240502;103626;4169;2;10256165907;B
20240502;103626;4169.2;1;10256165908;B
20240502;103626;4169.2;37;10256165909;B
20240502;103626;4169.4;1;10256165910;B
20240502;103626;4169.4;50;10256165911;B
20240502;103626;4169.600000000001;3;10256165912;B
20240502;103626;4169.600000000001;1;10256165913;B
20240502;103626;4169.600000000001;1;10256165914;B
20240502;103626;4169.600000000001;40;10256165915;B
20240502;103626;4169.600000000001;23;10256165916;B
20240502;103626;4169.8;1;10256165917;B
20240502;103626;4170;10;10256165918;B
20240502;103626;4170;100;10256165919;B
20240502;103626;4170;1;10256165920;B
20240502;103626;4170;100;10256165921;B
20240502;103626;4170;1;10256165922;B
20240502;103626;4170;11;10256165923;B
20240502;103626;4170;1;10256165924;B
20240502;103626;4170;4;10256165925;B
20240502;103626;4170;5;10256165926;B
20240502;103626;4170;1;10256165927;B
20240502;103626;4170;1;10256165928;B
20240502;103626;4170;10;10256165929;B
20240502;103626;4170;2;10256165930;B
20240502;103626;4170;14;10256165931;B
20240502;103626;4170;1;10256165932;B
20240502;103626;4170;1;10256165933;B
20240502;103626;4170;27;10256165934;B
20240502;103626;4170;26;10256165935;B
20240502;103627;4168;32;10256165973;S
20240502;103627;4167.8;5;10256165974;S
20240502;103627;4167.8;31;10256165975;S
20240502;103627;4168.8;23;10256166015;B
20240502;103627;4168.8;77;10256166016;B
20240502;103627;4168.8;5;10256166042;B
20240502;103627;4169;95;10256166043;B
20240502;103629;4168.600000000001;50;10256166302;B
20240502;103629;4169;10;10256166305;B
20240502;103630;4169;10;10256166424;B
20240502;103631;4169;10;10256166645;B
20240502;103632;4169;1;10256166700;B
20240502;103632;4169;10;10256166720;B
20240502;103633;4169;10;10256166904;B
20240502;103633;4169;2;10256166942;B
20240502;103633;4168.8;2;10256167077;B
20240502;103633;4169;8;10256167078;B
20240502;103634;4169;10;10256167303;B
20240502;103634;4169;10;10256167512;B
20240502;103636;4169;8;10256167743;B
20240502;103637;4168;1;10256167919;B
20240502;103637;4168;3;10256168071;B
20240502;103637;4168.8;7;10256168072;B
20240502;103637;4169;10;10256168156;B
20240502;103638;4169;10;10256168275;B
20240502;103638;4169;10;10256168343;B
20240502;103639;4169;10;10256168415;B
20240502;103639;4169;10;10256168464;B
20240502;103639;4169;10;10256168600;B
20240502;103640;4169;10;10256168728;B
20240502;103640;4169;10;10256168823;B
20240502;103643;4169;41;10256169249;B
20240502;103643;4169;2;10256169250;B
20240502;103643;4169.2;5;10256169251;B
20240502;103643;4169.2;12;10256169252;B
20240502;103643;4169.600000000001;1;10256169253;B
20240502;103643;4170;24;10256169254;B
20240502;103643;4170;1;10256169255;B
20240502;103643;4170;4;10256169256;B
20240502;103643;4170;9;10256169257;B
20240502;103643;4170;1;10256169258;B
20240502;103643;4170;9;10256169345;B
20240502;103643;4170;41;10256169346;B
20240502;103643;4170;9;10256169365;B
20240502;103643;4170;13;10256169366;B
20240502;103643;4170;12;10256169367;B
20240502;103643;4170;66;10256169368;B
20240502;103644;4170;2;10256169415;B
20240502;103644;4170;112;10256169466;B
20240502;103644;4170;8;10256169467;B
20240502;103644;4170;42;10256169542;B
20240502;103644;4170;150;10256169543;B
20240502;103644;4170;50;10256169544;B
20240502;103644;4170.2;8;10256169545;B
20240502;103644;4170.4;1;10256169569;B
20240502;103644;4170.4;1;10256169570;B
20240502;103644;4170.600000000001;10;10256169571;B
20240502;103645;4171;1;10256169632;B
20240502;103645;4171;1;10256169633;B
20240502;103645;4171;3;10256169634;B
20240502;103645;4171;6;10256169674;B
20240502;103645;4171;2;10256169675;B
20240502;103645;4171.2;1;10256169676;B
20240502;103645;4171.4;1;10256169677;B
20240502;103645;4171.4;5;10256169678;B
20240502;103645;4171.600000000001;37;10256169679;B
20240502;103645;4171.8;1;10256169680;B
20240502;103645;4172;9;10256169681;B
20240502;103645;4172;1;10256169686;B
20240502;103645;4171.4;32;10256169692;S
20240502;103645;4171.2;50;10256169693;S
20240502;103645;4171.2;79;10256169694;S
20240502;103645;4171;30;10256169701;B
20240502;103646;4171;30;10256169859;B
20240502;103646;4171;2;10256169882;B
20240502;103646;4171;24;10256169905;B
20240502;103646;4171;100;10256169974;B
20240502;103648;4170.8;9;10256170232;S
20240502;103648;4170.8;91;10256170233;S
20240502;103648;4170.8;32;10256170234;S
20240502;103648;4170.8;2;10256170235;S
20240502;103648;4170.8;2;10256170236;S
20240502;103651;4169.8;2;10256170722;S
20240502;103652;4169;2;10256170816;S
20240502;103652;4168.2;8;10256170817;S
20240502;103652;4167.600000000001;12;10256170884;B
20240502;103652;4167.600000000001;3;10256170885;B
20240502;103654;4169.8;25;10256171043;B
20240502;103654;4167.600000000001;2;10256171123;B
20240502;103655;4167.4;1;10256171179;S
20240502;103723;4168.600000000001;5;10256174244;S
20240502;103724;4168.600000000001;1;10256174262;B
20240502;103732;4168.4;23;10256175272;S
20240502;103734;4168.2;7;10256175424;S
20240502;103734;4168;113;10256175425;S
20240502;103740;4168.2;30;10256176221;B
20240502;103740;4168.4;37;10256176222;B
20240502;103740;4168.4;7;10256176223;B
20240502;103740;4168.8;25;10256176224;B
20240502;103740;4168.8;20;10256176225;B
20240502;103740;4169.4;2;10256176226;B
20240502;103740;4169.600000000001;1;10256176227;B
20240502;103740;4169.600000000001;23;10256176228;B
20240502;103740;4169.600000000001;1;10256176229;B
20240502;103740;4170;1;10256176230;B
20240502;103740;4170;1;10256176231;B
20240502;103740;4170;1;10256176232;B
20240502;103740;4170;2;10256176233;B
20240502;103740;4170.4;1;10256176234;B
20240502;103740;4170.600000000001;32;10256176235;B
20240502;103740;4170.600000000001;4;10256176236;B
20240502;103740;4170.600000000001;37;10256176237;B
20240502;103740;4170.600000000001;40;10256176238;B
20240502;103740;4170.8;190;10256176239;B
20240502;103740;4171;3;10256176240;B
20240502;103740;4171;50;10256176241;B
20240502;103740;4171;1;10256176242;B
20240502;103740;4171.4;1;10256176243;B
20240502;103740;4171.600000000001;174;10256176244;B
20240502;103740;4171.8;105;10256176245;B
20240502;103740;4171.8;20;10256176246;B
20240502;103740;4171.8;1;10256176247;B
20240502;103740;4172;740;10256176248;B
20240502;103740;4172;10;10256176249;B
20240502;103740;4172;62;10256176250;B
20240502;103744;4170;3;10256176623;S
20240502;103744;4170.2;1;10256176646;B
20240502;103744;4171;3;10256176647;B
20240502;103750;4170.600000000001;7;10256177369;S
20240502;103750;4171.2;1;10256177415;B
20240502;103751;4170.4;17;10256177540;S
20240502;103753;4170.600000000001;6;10256177798;B
20240502;103753;4171.2;7;10256177799;B
20240502;103753;4171.8;32;10256177800;B
20240502;103753;4172;38;10256177801;B
20240502;103753;4172;117;10256177802;B
20240502;103754;4171.8;24;10256177920;B
20240502;103754;4171.8;10;10256177927;B
20240502;103755;4171.8;10;10256177968;B
20240502;103755;4171.8;10;10256178015;B
20240502;103755;4172;10;10256178063;B
20240502;103756;4172;73;10256178125;B
20240502;103756;4172;1;10256178126;B
20240502;103756;4172;2;10256178127;B
20240502;103756;4172;1;10256178128;B
20240502;103756;4172.2;1;10256178129;B
20240502;103756;4172.2;22;10256178130;B
20240502;103756;4172.2;6;10256178147;B
20240502;103756;4172.4;1;10256178148;B
20240502;103756;4172.600000000001;1;10256178149;B
20240502;103756;4172.600000000001;1;10256178150;B
20240502;103756;4173;1;10256178151;B
20240502;103757;4173;10;10256178218;B
20240502;103757;4173;10;10256178219;B
20240502;103757;4173;10;10256178264;B
20240502;103757;4173;3;10256178298;B
20240502;103757;4173;10;10256178314;B
20240502;103757;4173;23;10256178320;B
20240502;103758;4173;10;10256178348;B
20240502;103800;4173;10;10256178634;B
20240502;103800;4173;10;10256178705;B
20240502;103800;4172.8;1;10256178710;S
20240502;103800;4173;10;10256178755;B
20240502;103800;4173;4;10256178769;B
20240502;103800;4173;3;10256178770;B
20240502;103800;4173.4;1;10256178771;B
20240502;103800;4173.4;1;10256178772;B
20240502;103800;4173.4;1;10256178773;B
20240502;103801;4173.4;2;10256178798;B
20240502;103801;4173.4;8;10256178799;B
20240502;103802;4173.4;1;10256178938;B
20240502;103802;4173.600000000001;1;10256178939;B
20240502;103802;4173.8;1;10256178940;B
20240502;103802;4173.8;1;10256178941;B
20240502;103802;4173.8;6;10256178942;B
20240502;103803;4174;1;10256179063;B
20240502;103803;4174;3;10256179068;B
20240502;103803;4174;18;10256179069;B
20240502;103803;4174;10;10256179070;B
20240502;103803;4174.2;1;10256179071;B
20240502;103803;4174.4;1;10256179072;B
20240502;103803;4174.4;5;10256179073;B
20240502;103803;4174.600000000001;10;10256179074;B
20240502;103803;4174.600000000001;1;10256179075;B
20240502;103803;4174.600000000001;35;10256179076;B
20240502;103803;4174.8;1;10256179077;B
20240502;103803;4174.8;1;10256179078;B
20240502;103803;4175;9;10256179079;B
20240502;103803;4175;12;10256179080;B
20240502;103803;4175;6;10256179081;B
20240502;103803;4175;1;10256179082;B
20240502;103803;4175;1;10256179083;B
20240502;103803;4175;15;10256179084;B
20240502;103803;4175;1;10256179085;B
20240502;103803;4175.2;1;10256179086;B
20240502;103803;4175.2;1;10256179087;B
20240502;103803;4175.4;1;10256179088;B
20240502;103803;4175.4;1;10256179089;B
20240502;103803;4175.4;1;10256179090;B
20240502;103803;4175.4;3;10256179091;B
20240502;103803;4175.4;3;10256179092;B
20240502;103803;4175.600000000001;1;10256179093;B
20240502;103803;4176;1;10256179094;B
20240502;103803;4176;58;10256179095;B
20240502;103803;4176;40;10256179096;B
20240502;103803;4176.2;20;10256179097;B
20240502;103803;4176.4;1;10256179098;B
20240502;103803;4176.4;5;10256179099;B
20240502;103803;4176.600000000001;1;10256179100;B
20240502;103803;4176.600000000001;5;10256179101;B
20240502;103803;4176.600000000001;40;10256179102;B
20240502;103803;4176.600000000001;29;10256179103;B
20240502;103803;4176.2;10;10256179106;B
20240502;103804;4176.2;6;10256179123;B
20240502;103804;4176.2;24;10256179135;B
20240502;103804;4176;1;10256179193;B
20240502;103804;4176;99;10256179197;S
20240502;103804;4176.2;23;10256179233;B
20240502;103804;4176.2;12;10256179234;B
20240502;103804;4176.4;206;10256179235;B
20240502;103804;4176.8;1;10256179236;B
20240502;103804;4177;1;10256179237;B
20240502;103804;4177.2;1;10256179238;B
20240502;103804;4177.2;1;10256179239;B
20240502;103804;4177.2;1;10256179240;B
20240502;103804;4177.2;242;10256179241;B
20240502;103804;4177.4;880;10256179242;B
20240502;103804;4177.600000000001;6;10256179243;B
20240502;103804;4177.600000000001;1;10256179244;B
20240502;103804;4177.8;60;10256179245;B
20240502;103804;4178;1;10256179246;B
20240502;103804;4178;5;10256179247;B
20240502;103804;4178;2;10256179248;B
20240502;103804;4178.2;37;10256179249;B
20240502;103804;4178.2;40;10256179250;B
20240502;103804;4178.4;1;10256179251;B
20240502;103804;4178.4;5;10256179252;B
20240502;103804;4178.600000000001;2;10256179253;B
20240502;103804;4178.8;1;10256179254;B
20240502;103804;4178.8;5;10256179255;B
20240502;103804;4178.8;60;10256179256;B
20240502;103804;4179;10;10256179257;B
20240502;103804;4179.4;10;10256179258;B
20240502;103804;4179.4;6;10256179259;B
20240502;103804;4179.4;5;10256179260;B
20240502;103804;4179.600000000001;1;10256179261;B
20240502;103804;4179.600000000001;1;10256179262;B
20240502;103804;4179.600000000001;10;10256179263;B
20240502;103804;4179.600000000001;32;10256179264;B
20240502;103804;4179.8;1000;10256179265;B
20240502;103804;4179.8;1;10256179266;B
20240502;103804;4180;41;10256179267;B
20240502;103804;4180;1;10256179268;B
20240502;103804;4180;35;10256179269;B
20240502;103804;4180;20;10256179270;B
20240502;103804;4180;3;10256179271;B
20240502;103804;4180;1;10256179272;B
20240502;103804;4180;23;10256179273;B
20240502;103804;4180;6;10256179274;B
20240502;103804;4180;5;10256179275;B
20240502;103804;4180;1;10256179276;B
20240502;103804;4180;6;10256179277;B
20240502;103804;4180;5;10256179278;B
20240502;103804;4180;5;10256179279;B
20240502;103804;4180;3;10256179280;B
20240502;103804;4180;11;10256179281;B
20240502;103804;4180;150;10256179282;B
20240502;103804;4180;59;10256179283;B
20240502;103804;4180;8;10256179284;B
20240502;103804;4180;1;10256179285;B
20240502;103804;4180;2;10256179286;B
20240502;103804;4180.8;57;10256179287;B
20240502;103804;4181.2;131;10256179288;B
20240502;103804;4181.2;600;10256179289;B
20240502;103804;4181.4;600;10256179290;B
20240502;103804;4181.600000000001;40;10256179291;B
20240502;103804;4181.600000000001;120;10256179292;B
20240502;103804;4182;5;10256179293;B
20240502;103804;4182.600000000001;1;10256179294;B
20240502;103804;4182.8;1;10256179295;B
20240502;103804;4182.8;100;10256179296;B
20240502;103804;4183;1;10256179297;B
20240502;103804;4183.2;1;10256179298;B
20240502;103804;4183.4;1;10256179299;B
20240502;103804;4183.600000000001;1;10256179300;B
20240502;103804;4183.600000000001;1;10256179301;B
20240502;103804;4183.600000000001;284;10256179302;B
20240502;103804;4180.2;20;10256179305;S
20240502;103804;4183;20;10256179307;S
20240502;103804;4183;30;10256179308;S
20240502;103804;4182.8;30;10256179309;S
20240502;103804;4182.8;30;10256179310;S
20240502;103804;4183.8;1;10256179311;B
20240502;103804;4182.8;1;10256179312;S
20240502;103804;4183.8;3;10256179366;B
20240502;103804;4183.8;9;10256179367;B
20240502;103804;4184;1;10256179368;B
20240502;103804;4184;2;10256179369;B
20240502;103805;4184;8;10256179370;B
20240502;103805;4184;1;10256179371;B
20240502;103805;4184.2;1;10256179372;B
20240502;103805;4184.4;1;10256179373;B
20240502;103805;4184.4;1;10256179374;B
20240502;103805;4184.4;5;10256179375;B
20240502;103805;4184.600000000001;1;10256179376;B
20240502;103805;4184.600000000001;28;10256179377;B
20240502;103805;4184.8;1;10256179393;B
20240502;103805;4184.8;19;10256179394;B
20240502;103805;4183.2;4;10256179396;S
20240502;103805;4184.8;20;10256179459;B
20240502;103805;4183.4;2;10256179465;S
20240502;103805;4184.8;10;10256179469;B
20240502;103805;4184.600000000001;24;10256179474;B
20240502;103805;4184.8;1;10256179475;B
20240502;103805;4185;1;10256179476;B
20240502;103805;4185;15;10256179477;B
20240502;103805;4185;4;10256179478;B
20240502;103805;4185;15;10256179479;B
20240502;103805;4185;10;10256179491;B
20240502;103805;4183.4;18;10256179495;S
20240502;103805;4183.4;1;10256179496;S
20240502;103805;4183.2;1;10256179497;S
20240502;103805;4183;80;10256179508;B
20240502;103805;4184.8;10;10256179509;B
20240502;103805;4182.2;1;10256179515;S
20240502;103808;4182.2;1;10256179835;S
20240502;103808;4183.600000000001;1;10256179852;B
20240502;103808;4183.8;1;10256179853;B
20240502;103808;4183.8;250;10256179854;B
20240502;103808;4183.8;40;10256179855;B
20240502;103808;4184;123;10256179856;B
20240502;103808;4184.2;1;10256179857;B
20240502;103808;4184.600000000001;1;10256179858;B
20240502;103808;4184.600000000001;95;10256179859;B
20240502;103808;4184.600000000001;5;10256179860;B
20240502;103808;4184.8;23;10256179861;B
20240502;103808;4185;95;10256179862;B
20240502;103808;4185;90;10256179863;B
20240502;103808;4185;2;10256179864;B
20240502;103808;4185;23;10256179865;B
20240502;103809;4184;4;10256180056;B
20240502;103810;4184;2;10256180134;B
20240502;103810;4183.4;19;10256180189;S
20240502;103811;4183;5;10256180302;S
20240502;103811;4182.600000000001;39;10256180303;S
20240502;103817;4183.2;3;10256180974;B
20240502;103817;4183.4;7;10256180975;B
20240502;103817;4183.600000000001;2;10256180976;B
20240502;103817;4183.8;8;10256180977;B
20240502;103820;4183.4;1;10256181282;B
20240502;103821;4183.2;1;10256181495;B
20240502;103827;4182.600000000001;1;10256182149;B
20240502;103827;4182.2;1;10256182179;S
20240502;103827;4182;5;10256182180;S
20240502;103827;4181.600000000001;19;10256182181;S
20240502;103829;4181.4;1;10256182376;B
20240502;103830;4181.2;1;10256182444;B
20240502;103833;4180.600000000001;15;10256183018;S
20240502;103834;4181.4;10;10256183056;B
20240502;103834;4181.4;5;10256183080;B
20240502;103834;4181.4;9;10256183126;B
20240502;103834;4181.600000000001;1;10256183127;B
20240502;103834;4181.600000000001;1;10256183154;B
20240502;103837;4182.600000000001;1;10256183402;B
20240502;103837;4182.8;5;10256183403;B
20240502;103837;4182.8;5;10256183404;B
20240502;103837;4183;3;10256183405;B
20240502;103837;4183;6;10256183406;B
20240502;103837;4182;7;10256183437;S
20240502;103837;4181.2;1;10256183438;S
20240502;103841;4182.2;1;10256183933;B
20240502;103842;4182.600000000001;1;10256183977;B
20240502;103842;4183;4;10256183978;B
20240502;103842;4183;2;10256183979;B
20240502;103842;4183;7;10256183980;B
20240502;103842;4183.2;2;10256183981;B
20240502;103842;4183.2;4;10256183982;B
20240502;103842;4182;10;10256184040;S
20240502;103843;4182.2;1;10256184081;B
20240502;103848;4182.2;7;10256184721;B
20240502;103848;4182.2;1;10256184722;B
20240502;103848;4182.2;1;10256184723;B
20240502;103848;4182.2;19;10256184724;B
20240502;103848;4182.2;1;10256184725;B
20240502;103848;4182.2;1;10256184726;B
20240502;103851;4182.600000000001;5;10256185233;S
20240502;103855;4182.8;7;10256185674;B
20240502;103858;4183;4;10256185987;B
20240502;103858;4183;25;10256185988;B
20240502;103858;4183;15;10256185991;S
20240502;103858;4183;7;10256185992;S
20240502;103858;4182.4;11;10256185993;S
20240502;103858;4182.4;23;10256185994;S
20240502;103858;4182.4;10;10256185995;S
20240502;103858;4182.2;20;10256185996;S
20240502;103858;4182.2;264;10256185997;S
20240502;103900;4183;1;10256186415;B
20240502;103900;4183.2;11;10256186416;B
20240502;103900;4183.4;7;10256186417;B
20240502;103900;4183.4;1;10256186445;S
20240502;103901;4183.4;2;10256186485;S
20240502;103901;4183.600000000001;5;10256186553;B
20240502;103901;4183.600000000001;1;10256186554;B
20240502;103901;4183.8;1;10256186555;B
20240502;103901;4184;1;10256186556;B
20240502;103901;4184;3;10256186557;B
20240502;103903;4184;3;10256186761;S
20240502;103908;4184.2;1;10256187286;B
20240502;103909;4184;1;10256187572;S
20240502;103910;4184;3;10256187670;S
20240502;103912;4184;10;10256187923;S
20240502;103913;4184.2;12;10256188172;B
20240502;103917;4184.2;2;10256189144;B
20240502;103918;4184;170;10256189255;S
20240502;103918;4184.2;26;10256189290;B
20240502;103925;4184.2;13;10256190296;B
20240502;103927;4184.2;11;10256190454;B
20240502;103927;4184.2;1;10256190455;B
20240502;103932;4184.2;7;10256191428;B
20240502;103934;4184.2;6;10256191638;B
20240502;103935;4184.2;4;10256191806;B
20240502;103935;4184.2;1;10256191807;B
20240502;103936;4184.2;5;10256192102;B
20240502;103937;4184.2;1;10256192184;B
20240502;103942;4184;52;10256193074;S
20240502;103942;4184;7;10256193075;S
20240502;103942;4184;90;10256193076;S
20240502;103942;4184;50;10256193077;S
20240502;103942;4184;2;10256193078;S
20240502;103942;4183.8;23;10256193079;S
20240502;103943;4183.4;295;10256193116;S
20240502;103943;4183.600000000001;38;10256193168;B
20240502;103943;4183.600000000001;7;10256193169;B
20240502;103943;4183.8;5;10256193170;B
20240502;103944;4183.4;28;10256193296;S
20240502;103944;4183.4;3;10256193314;S
20240502;103946;4183.4;13;10256193503;S
20240502;103947;4183.4;1;10256193674;S
20240502;103948;4183.600000000001;1;10256193787;B
20240502;103951;4183.4;60;10256194133;S
20240502;103956;4183.600000000001;1;10256194930;B
20240502;103956;4183.600000000001;1;10256194931;B
20240502;103956;4183.600000000001;7;10256194932;B
20240502;103956;4183.600000000001;1;10256194933;B
20240502;103958;4183.4;38;10256195125;S
20240502;103959;4183.4;17;10256195264;S
20240502;104001;4183.600000000001;6;10256195445;B
20240502;104001;4183.600000000001;11;10256195456;B
20240502;104001;4183.600000000001;11;10256195472;B
20240502;104001;4183.600000000001;1;10256195473;B
20240502;104001;4183.600000000001;1;10256195474;B
20240502;104001;4183.600000000001;10;10256195475;B
20240502;104001;4183.8;3;10256195476;B
20240502;104001;4183.8;7;10256195477;B
20240502;104001;4184;19;10256195478;B
20240502;104001;4184;20;10256195499;B
20240502;104001;4184;8;10256195507;B
20240502;104001;4184;3;10256195549;B
20240502;104007;4183.600000000001;3;10256196251;B
20240502;104007;4183.8;7;10256196252;B
20240502;104007;4184;13;10256196253;B
20240502;104008;4184;36;10256196307;B
20240502;104008;4184;3;10256196308;B
20240502;104008;4184;1;10256196309;B
20240502;104008;4184.2;3;10256196310;B
20240502;104008;4184.2;10;10256196311;B
20240502;104008;4184.2;7;10256196312;B
20240502;104008;4184.4;1;10256196313;B
20240502;104008;4184.4;3;10256196314;B
20240502;104008;4184.4;2;10256196315;B
20240502;104008;4184.600000000001;31;10256196316;B
20240502;104008;4184.600000000001;3;10256196317;B
20240502;104008;4184.600000000001;7;10256196351;B
20240502;104008;4184.600000000001;3;10256196352;B
20240502;104008;4184.600000000001;15;10256196353;B
20240502;104008;4184.600000000001;1;10256196354;B
20240502;104008;4184.8;7;10256196355;B
20240502;104008;4185;20;10256196356;B
20240502;104008;4185;13;10256196357;B
20240502;104009;4185;37;10256196408;B
20240502;104009;4185;13;10256196409;B
20240502;104013;4185;5;10256196979;B
20240502;104014;4185;1;10256197043;B
20240502;104014;4185;1;10256197077;B
20240502;104014;4185;10;10256197078;B
20240502;104014;4185;1;10256197079;B
20240502;104014;4185;8;10256197080;B
20240502;104018;4184;6;10256197463;S
20240502;104021;4185;2;10256197768;B
20240502;104021;4184;7;10256197848;S
20240502;104021;4184;4;10256197849;S
20240502;104022;4185;90;10256197971;B
20240502;104022;4185;3;10256197972;B
20240502;104022;4185;7;10256197973;B
20240502;104023;4185;1;10256198232;B
20240502;104024;4185;2;10256198357;B
20240502;104029;4184.2;8;10256198887;S
20240502;104029;4184;1;10256198888;S
20240502;104029;4184;1;10256198889;S
20240502;104030;4184.8;7;10256198991;B
20240502;104033;4184;50;10256199465;S
20240502;104033;4184;23;10256199466;S
20240502;104033;4184;1;10256199467;S
20240502;104033;4183.8;8;10256199468;S
20240502;104033;4183.8;1;10256199475;B
20240502;104033;4183.8;1;10256199482;B
20240502;104033;4183.8;1;10256199487;B
20240502;104033;4183.8;1;10256199510;B
20240502;104033;4183.8;1;10256199521;B
20240502;104033;4183.8;1;10256199533;B
20240502;104033;4183.8;1;10256199577;B
20240502;104034;4183.8;1;10256199634;B
20240502;104035;4183.8;9;10256199859;B
20240502;104043;4183.600000000001;4;10256201234;S
20240502;104045;4183.8;37;10256201408;B
20240502;104045;4183.8;10;10256201409;B
20240502;104045;4183.8;1;10256201410;B
20240502;104046;4183.600000000001;1;10256201547;S
20240502;104051;4183.600000000001;2;10256202062;S
20240502;104055;4183.8;4;10256202737;B
20240502;104100;4183.8;3;10256203566;B
20240502;104100;4183.600000000001;1;10256203587;S
20240502;104101;4183.8;1;10256203647;B
20240502;104101;4183.600000000001;1;10256203695;S
20240502;104104;4183.600000000001;2;10256204176;S
20240502;104111;4183.600000000001;2;10256205221;S
20240502;104112;4183.8;1;10256205437;B
20240502;104114;4183.8;1;10256205719;B
20240502;104119;4183.8;2;10256206398;B
20240502;104123;4183.600000000001;7;10256206913;S
20240502;104125;4183.8;20;10256207155;B
20240502;104128;4183.8;8;10256207457;B
20240502;104131;4183.8;2;10256207728;B
20240502;104132;4183.8;1;10256207903;B
20240502;104148;4183.600000000001;6;10256209326;S
20240502;104152;4183.600000000001;1;10256209840;S
20240502;104155;4183.8;21;10256210146;B
20240502;104155;4183.8;2;10256210147;B
20240502;104155;4183.8;12;10256210148;B
20240502;104204;4183.8;1;10256211474;B
20240502;104211;4183.600000000001;1;10256212699;S
20240502;104211;4183.600000000001;35;10256212700;S
20240502;104212;4183.600000000001;2;10256212737;S
20240502;104212;4183.600000000001;9;10256212738;S
20240502;104212;4183.600000000001;5;10256212739;S
20240502;104214;4183.600000000001;15;10256213244;S
20240502;104214;4183.600000000001;1;10256213245;S
20240502;104214;4183.600000000001;40;10256213246;S
20240502;104214;4183.600000000001;37;10256213247;S
20240502;104214;4183.4;23;10256213248;S
20240502;104214;4183.4;25;10256213249;S
20240502;104214;4183.4;4;10256213250;S
20240502;104214;4183.4;2;10256213251;S
20240502;104214;4183.4;1;10256213252;S
20240502;104214;4183.4;8;10256213253;S
20240502;104214;4183.2;23;10256213254;S
20240502;104214;4183;5;10256213255;S
20240502;104214;4183;38;10256213256;S
20240502;104214;4183;100;10256213257;S
20240502;104214;4183;5;10256213258;S
