<DATE>;<TIME>;<LAST>;<VOL>;<ID>;<OPER>
20240417;095949;4055;1;10136992456;B
20240417;095949;4055;1;10136992457;B
20240417;095949;4055;2;10136992458;B
20240417;095949;4055;1;10136992459;B
20240417;095949;4055;4;10136992460;B
20240417;095949;4055;5;10136992461;B
20240417;095949;4055;2;10136992462;B
20240417;095949;4055;10;10136992463;B
20240417;095949;4055;22;10136992464;B
20240417;095949;4055;4;10136992465;B
20240417;095949;4055;1;10136992466;B
20240417;095949;4055;1;10136992467;B
20240417;095949;4055;13;10136992468;B
20240417;095949;4055;3;10136992469;B
20240417;095949;4055;1;10136992470;B
20240417;095949;4055;2;10136992471;S
20240417;095949;4055;14;10136992472;S
20240417;095949;4055;2;10136992473;S
20240417;095949;4055;4;10136992474;B
20240417;095949;4055;12;10136992475;B
20240417;095949;4055;6;10136992476;B
20240417;095949;4055;1;10136992477;B
20240417;095949;4055;2;10136992478;B
20240417;095949;4055;9;10136992479;B
20240417;095949;4055;5;10136992480;S
20240417;095949;4055;25;10136992481;B
20240417;095949;4055;1;10136992482;B
20240417;095949;4055;1;10136992483;B
20240417;095949;4055;14;10136992484;B
20240417;095949;4055;50;10136992485;B
20240417;095949;4055;1;10136992486;B
20240417;095949;4055;2;10136992487;B
20240417;095949;4055;1;10136992488;B
20240417;095949;4055;1;10136992489;B
20240417;095949;4055;7;10136992490;S
20240417;095949;4055;4;10136992491;B
20240417;095949;4055;5;10136992492;B
20240417;095949;4055;4;10136992493;B
20240417;095949;4055;2;10136992494;B
20240417;095949;4055;2;10136992495;B
20240417;095949;4055;3;10136992496;B
20240417;095949;4055;1;10136992497;B
20240417;095949;4055;7;10136992498;B
20240417;095949;4055;1;10136992499;S
20240417;095949;4055;2;10136992500;B
20240417;095949;4055;6;10136992501;B
20240417;095949;4055;19;10136992502;B
20240417;095949;4055;6;10136992503;S
20240417;095949;4055;2;10136992504;S
20240417;095949;4055;7;10136992505;S
20240417;095949;4055;19;10136992506;B
20240417;095949;4055;6;10136992507;S
20240417;095949;4055;6;10136992508;S
20240417;095949;4055;19;10136992509;B
20240417;095949;4055;19;10136992510;B
20240417;095949;4055;25;10136992511;B
20240417;095949;4055;14;10136992512;B
20240417;095949;4055;1;10136992513;B
20240417;095949;4055;1;10136992514;S
20240417;095949;4055;5;10136992515;S
20240417;095949;4055;4;10136992516;S
20240417;095949;4055;4;10136992517;S
20240417;095949;4055;2;10136992518;S
20240417;095949;4055;1;10136992519;S
20240417;095949;4055;9;10136992520;S
20240417;095949;4055;9;10136992521;B
20240417;095949;4055;1;10136992522;S
20240417;095949;4055;2;10136992523;S
20240417;095949;4055;1;10136992524;S
20240417;095949;4055;21;10136992525;B
20240417;095949;4055;25;10136992526;B
20240417;095949;4055;25;10136992527;B
20240417;095949;4055;15;10136992528;S
20240417;095949;4055;1;10136992529;B
20240417;095949;4055;13;10136992530;B
20240417;095949;4055;3;10136992531;S
20240417;095949;4055;1;10136992532;B
20240417;095949;4055;2;10136992533;B
20240417;095949;4055;2;10136992534;B
20240417;095949;4055;2;10136992535;B
20240417;095949;4055;1;10136992536;B
20240417;095949;4055;1;10136992537;B
20240417;095949;4055;1;10136992538;B
20240417;095949;4055;3;10136992539;B
20240417;095949;4055;1;10136992540;B
20240417;095949;4055;1;10136992541;B
20240417;095949;4055;1;10136992542;B
20240417;095949;4055;1;10136992543;B
20240417;095949;4055;2;10136992544;B
20240417;095949;4055;10;10136992545;B
20240417;100000;4052;28;10136995160;S
20240417;100000;4052;1;10136995161;S
20240417;100000;4052;1;10136995162;S
20240417;100000;4053.8;1;10136995564;B
20240417;100000;4054.2;7;10136995670;B
20240417;100001;4053.8;20;10136996096;B
20240417;100001;4053.8;18;10136996147;B
20240417;100001;4054;1;10136996148;B
20240417;100001;4054.4;13;10136996149;B
20240417;100001;4054.4;75;10136996150;B
20240417;100001;4054.6;50;10136996151;B
20240417;100001;4055;6;10136996152;B
20240417;100001;4055;1;10136996153;B
20240417;100001;4055;20;10136996154;B
20240417;100001;4055;66;10136996155;B
20240417;100001;4053.6;2;10136996204;B
20240417;100001;4053.6;1;10136996340;B
20240417;100002;4054.8;3;10136997040;B
20240417;100002;4054.8;2;10136997190;B
20240417;100002;4054.8;33;10136997376;B
20240417;100002;4055;79;10136997377;B
20240417;100002;4054.8;13;10136997393;B
20240417;100002;4053.8;10;10136997725;B
20240417;100003;4053.8;28;10136997953;B
20240417;100003;4054;7;10136997954;B
20240417;100003;4054;1;10136998308;B
20240417;100003;4053.2;1;10136998610;S
20240417;100003;4052.4;1;10136998611;S
20240417;100004;4053.8;38;10136998823;B
20240417;100004;4054;202;10136998824;B
20240417;100004;4054;50;10136999155;B
20240417;100005;4054;11;10136999386;B
20240417;100005;4055;10;10136999517;B
20240417;100005;4055;6;10136999518;B
20240417;100005;4055;2;10136999519;B
20240417;100005;4055;3;10136999520;B
20240417;100005;4055;4;10136999521;B
20240417;100007;4054.4;10;10137001047;S
20240417;100007;4054;3;10137001048;S
20240417;100007;4055;1;10137001271;B
20240417;100007;4055;4;10137001330;B
20240417;100007;4055;30;10137001331;B
20240417;100007;4055;10;10137001332;B
20240417;100007;4055;6;10137001333;B
20240417;100007;4055;1;10137001843;B
20240417;100007;4055;1;10137001888;B
20240417;100008;4055;4;10137002237;B
20240417;100008;4055;1;10137002531;B
20240417;100008;4055;1;10137002796;B
20240417;100008;4055;10;10137002808;B
20240417;100008;4055;10;10137003024;B
20240417;100009;4055;6;10137003730;B
20240417;100009;4055;1;10137003731;B
20240417;100009;4055.6;1;10137003732;B
20240417;100009;4055.6;1;10137003733;B
20240417;100009;4055.8;1;10137003734;B
20240417;100009;4055.8;3;10137003735;B
20240417;100009;4056;25;10137003736;B
20240417;100009;4056;1;10137003737;B
20240417;100009;4056.2;1;10137003738;B
20240417;100009;4056.4;1;10137003739;B
20240417;100009;4056.4;3;10137003740;B
20240417;100009;4057;25;10137003741;B
20240417;100009;4057;1;10137003742;B
20240417;100009;4057.2;38;10137003743;B
20240417;100009;4057.6;50;10137003744;B
20240417;100009;4057.8;92;10137003745;B
20240417;100009;4056.4;50;10137003917;S
20240417;100009;4056.4;25;10137003920;S
20240417;100009;4056.8;50;10137003923;S
20240417;100009;4056.8;17;10137003924;S
20240417;100009;4055;4;10137004505;S
20240417;100010;4056.8;5;10137004633;B
20240417;100010;4056.6;4;10137004753;B
20240417;100010;4057.8;6;10137004754;B
20240417;100010;4057.6;1;10137005014;B
20240417;100010;4057.6;1;10137005049;B
20240417;100010;4056.6;30;10137005248;S
20240417;100010;4056.6;3;10137005249;S
20240417;100010;4056.8;40;10137005725;B
20240417;100010;4057.6;3;10137005726;B
20240417;100010;4058;20;10137005727;B
20240417;100010;4058;25;10137005728;B
20240417;100010;4058;10;10137005729;B
20240417;100010;4058.2;4;10137005730;B
20240417;100010;4058.4;11;10137005751;B
20240417;100010;4056.6;50;10137005757;S
20240417;100010;4056;5;10137005809;S
20240417;100010;4055.6;1;10137005904;S
20240417;100010;4056.8;50;10137005932;S
20240417;100010;4058.2;2;10137005945;B
20240417;100011;4058.2;3;10137006304;B
20240417;100011;4058.4;2;10137006305;B
20240417;100011;4056.6;6;10137006806;S
20240417;100012;4058.4;41;10137007063;B
20240417;100012;4058.4;25;10137007064;B
20240417;100012;4059;25;10137007065;B
20240417;100012;4059.6;9;10137007066;B
20240417;100012;4059.6;2;10137007070;B
20240417;100012;4058.2;3;10137007087;S
20240417;100012;4057.6;50;10137007088;S
20240417;100012;4058;5;10137007124;B
20240417;100013;4058.6;5;10137007378;B
20240417;100013;4058.8;3;10137007379;B
20240417;100013;4058.8;1;10137007380;B
20240417;100015;4056.8;5;10137007822;S
20240417;100015;4057.6;10;10137007923;B
20240417;100015;4056.4;10;10137007952;B
20240417;100016;4057.6;20;10137008189;B
20240417;100016;4058;5;10137008259;B
20240417;100016;4058;2;10137008262;B
20240417;100017;4056.8;1;10137008456;B
20240417;100017;4058.4;3;10137008457;B
20240417;100017;4059;5;10137008458;B
20240417;100017;4059;3;10137008459;B
20240417;100017;4059.2;7;10137008460;B
20240417;100017;4059.2;20;10137008461;B
20240417;100017;4059.4;7;10137008462;B
20240417;100017;4057.4;2;10137008463;S
20240417;100017;4057.4;1;10137008482;S
20240417;100017;4057.4;2;10137008484;S
20240417;100017;4057.2;50;10137008513;S
20240417;100017;4057.2;17;10137008514;S
20240417;100018;4059.4;12;10137008549;B
20240417;100018;4057.4;50;10137008661;S
20240417;100018;4057.4;17;10137008662;S
20240417;100018;4057.2;2;10137008676;S
20240417;100018;4056.8;1;10137008686;S
20240417;100018;4056.8;1;10137008687;S
20240417;100018;4057.4;2;10137008698;S
20240417;100018;4057.4;48;10137008699;S
20240417;100020;4057;1;10137009329;B
20240417;100020;4057;4;10137009366;B
20240417;100020;4058;9;10137009367;B
20240417;100020;4058.2;2;10137009368;B
20240417;100020;4058.2;5;10137009369;B
20240417;100020;4058.6;67;10137009370;B
20240417;100020;4058.8;1;10137009371;B
20240417;100020;4058.8;12;10137009372;B
20240417;100021;4058;1;10137009496;S
20240417;100021;4057.4;50;10137009525;S
20240417;100021;4057.4;50;10137009555;S
20240417;100023;4058.6;1;10137010002;B
20240417;100024;4058.6;1;10137010238;B
20240417;100024;4058.6;1;10137010240;B
20240417;100025;4058.2;5;10137010656;S
20240417;100027;4058.6;2;10137011052;B
20240417;100029;4058.6;33;10137011391;B
20240417;100029;4058.8;2;10137011392;B
20240417;100029;4059.6;14;10137011393;B
20240417;100029;4060;100;10137011394;B
20240417;100029;4060;35;10137011395;B
20240417;100029;4060;16;10137011396;B
20240417;100029;4058.6;2;10137011437;S
20240417;100029;4058.4;1;10137011438;S
20240417;100029;4059.8;2;10137011523;B
20240417;100029;4060;1;10137011524;B
20240417;100029;4060;13;10137011537;B
20240417;100029;4060;2;10137011538;B
20240417;100029;4058.6;2;10137011555;S
20240417;100029;4058.4;1;10137011556;S
20240417;100029;4058.4;67;10137011557;S
20240417;100029;4058.4;75;10137011558;S
20240417;100029;4058.2;170;10137011559;S
20240417;100029;4058.2;38;10137011560;S
20240417;100029;4056.8;2;10137011561;S
20240417;100029;4056.8;50;10137011562;S
20240417;100029;4056.4;173;10137011563;S
20240417;100029;4057.4;3;10137011564;S
20240417;100030;4059.8;3;10137011586;B
20240417;100030;4060;17;10137011587;B
20240417;100030;4056.2;3;10137011639;S
20240417;100030;4056;2;10137011640;S
20240417;100030;4056;16;10137011641;S
20240417;100030;4055.2;150;10137011642;S
20240417;100030;4055;407;10137011643;S
20240417;100030;4056.4;4;10137011656;B
20240417;100032;4054.8;2;10137012153;S
20240417;100033;4053.8;4;10137012339;S
20240417;100033;4053.2;2;10137012340;S
20240417;100033;4052.8;3;10137012341;S
20240417;100033;4052.8;11;10137012342;S
20240417;100034;4055.4;3;10137012543;B
20240417;100034;4056;5;10137012544;B
20240417;100034;4056;3;10137012545;B
20240417;100034;4056;9;10137012546;B
20240417;100036;4054.4;1;10137013155;B
20240417;100037;4054.4;2;10137013362;B
20240417;100037;4054.6;22;10137013363;B
20240417;100037;4056.4;150;10137013364;B
20240417;100037;4056.6;38;10137013365;B
20240417;100037;4056.6;30;10137013366;B
20240417;100037;4056.6;67;10137013367;B
20240417;100037;4056.6;75;10137013368;B
20240417;100037;4056.8;332;10137013369;B
20240417;100037;4056.4;1;10137013429;B
20240417;100038;4055.2;20;10137013584;S
20240417;100039;4056.6;1;10137014070;S
20240417;100039;4055.6;34;10137014071;S
20240417;100040;4055.6;1;10137014341;S
20240417;100041;4056.6;12;10137014524;B
20240417;100041;4055.8;2;10137014542;S
20240417;100041;4055.8;3;10137014576;S
20240417;100042;4055.8;29;10137014778;S
20240417;100043;4056;1;10137014977;B
20240417;100043;4056.6;13;10137014978;B
20240417;100043;4057.2;5;10137014979;B
20240417;100043;4057.2;5;10137014980;B
20240417;100043;4057.4;2;10137014981;B
20240417;100043;4057.8;5;10137014982;B
20240417;100043;4058;2;10137014983;B
20240417;100043;4058.4;17;10137014984;B
20240417;100043;4058.4;8;10137015059;B
20240417;100043;4058.4;107;10137015060;B
20240417;100043;4056;44;10137015215;S
20240417;100043;4056;4;10137015216;S
20240417;100043;4055.8;2;10137015217;S
20240417;100044;4057.2;2;10137015408;B
20240417;100044;4057.4;3;10137015409;B
20240417;100044;4056.6;5;10137015437;S
20240417;100046;4056.2;1;10137015828;S
20240417;100047;4056.6;4;10137016211;S
20240417;100047;4058.4;5;10137016290;B
20240417;100047;4058.6;1;10137016291;B
20240417;100047;4058.6;16;10137016292;B
20240417;100049;4057.8;16;10137016620;S
20240417;100049;4056.6;4;10137016621;S
20240417;100049;4056.6;130;10137016622;S
20240417;100049;4058.4;75;10137016640;B
20240417;100049;4058.4;67;10137016641;B
20240417;100049;4058.6;62;10137016642;B
20240417;100049;4058.8;4;10137016643;B
20240417;100049;4059.4;12;10137016644;B
20240417;100049;4059.6;130;10137016645;B
20240417;100049;4059.8;194;10137016646;B
20240417;100049;4059.8;38;10137016647;B
20240417;100049;4060;6;10137016648;B
20240417;100049;4060;1;10137016649;B
20240417;100049;4060;40;10137016650;B
20240417;100049;4060;100;10137016651;B
20240417;100049;4060;1;10137016652;B
20240417;100049;4060;5;10137016653;B
20240417;100049;4060;1;10137016654;B
20240417;100049;4060;10;10137016655;B
20240417;100049;4060;50;10137016656;B
20240417;100049;4060;2;10137016657;B
20240417;100049;4060;2;10137016658;B
20240417;100049;4060;1;10137016659;B
20240417;100049;4060;2;10137016660;B
20240417;100049;4060;100;10137016661;B
20240417;100049;4060;20;10137016662;B
20240417;100049;4060;10;10137016663;B
20240417;100049;4060;2;10137016664;B
20240417;100049;4060;48;10137016665;B
20240417;100049;4060;135;10137016666;B
20240417;100049;4060;118;10137016667;B
20240417;100049;4059;10;10137016877;B
20240417;100049;4060;140;10137016878;B
20240417;100049;4060;92;10137016879;B
20240417;100049;4060;18;10137016880;B
20240417;100049;4060.8;24;10137016886;B
20240417;100049;4061;25;10137016906;B
20240417;100049;4061.2;5;10137016907;B
20240417;100049;4061.4;100;10137016908;B
20240417;100049;4062;20;10137016909;B
20240417;100049;4062;20;10137016910;B
20240417;100049;4062;25;10137016911;B
20240417;100049;4062;1;10137016912;B
20240417;100049;4061.4;60;10137016918;S
20240417;100050;4061.8;100;10137016928;B
20240417;100050;4062.8;16;10137016929;B
20240417;100050;4062.8;34;10137016983;S
20240417;100050;4060.6;5;10137016984;S
20240417;100050;4060.4;5;10137016985;S
20240417;100050;4061.8;4;10137017025;B
20240417;100050;4062.4;100;10137017026;S
20240417;100050;4062.4;10;10137017027;S
20240417;100050;4062.4;2;10137017044;S
20240417;100050;4062.4;1;10137017060;S
20240417;100050;4062.6;100;10137017065;B
20240417;100051;4062.6;1;10137017428;B
20240417;100051;4062.6;14;10137017429;B
20240417;100051;4062.6;10;10137017488;B
20240417;100054;4062.6;21;10137018348;B
20240417;100055;4062.6;1;10137018594;B
20240417;100056;4062.6;24;10137018878;B
20240417;100056;4062.6;30;10137018916;B
20240417;100056;4062.6;1;10137018917;B
20240417;100056;4063;1;10137018918;B
20240417;100056;4063;23;10137018919;B
20240417;100057;4063;2;10137019223;B
20240417;100058;4062.8;2;10137019456;S
20240417;100058;4063;5;10137019512;B
20240417;100058;4063;8;10137019513;B
20240417;100058;4063.2;2;10137019514;B
20240417;100058;4063;10;10137019547;S
20240417;100058;4063;10;10137019548;S
20240417;100058;4063;10;10137019549;S
20240417;100058;4063;10;10137019550;S
20240417;100058;4063;10;10137019551;S
20240417;100058;4063;10;10137019552;S
20240417;100058;4063;10;10137019553;S
20240417;100058;4063;3;10137019689;S
20240417;100059;4063;9;10137019738;S
20240417;100059;4062.8;3;10137019739;S
20240417;100059;4062.8;38;10137019740;S
20240417;100059;4063.2;2;10137019744;B
20240417;100059;4063.2;1;10137019749;B
20240417;100059;4063.4;1;10137019750;B
20240417;100059;4063.6;18;10137019751;B
20240417;100059;4063.6;82;10137019770;B
20240417;100059;4063.8;5;10137019771;B
20240417;100059;4063.8;5;10137019772;B
20240417;100059;4064;1;10137019773;B
20240417;100059;4064;10;10137019774;B
20240417;100059;4064;16;10137019775;B
20240417;100059;4064.4;5;10137019776;B
20240417;100059;4064.6;26;10137019777;B
20240417;100059;4064.4;100;10137019800;B
20240417;100059;4064.4;10;10137019801;S
20240417;100059;4064.4;90;10137019802;S
20240417;100059;4063;4;10137019803;S
20240417;100059;4062.8;50;10137019804;S
20240417;100059;4062.8;100;10137019861;B
20240417;100059;4062.8;5;10137019896;B
20240417;100059;4062.8;1;10137019905;B
20240417;100100;4062.6;2;10137019954;S
20240417;100100;4062.6;5;10137019955;S
20240417;100100;4062.6;3;10137019956;B
20240417;100100;4062.6;3;10137019957;B
20240417;100100;4062.4;7;10137020132;S
20240417;100101;4062.4;47;10137020194;S
20240417;100101;4062.4;46;10137020195;S
20240417;100101;4062.4;5;10137020196;S
20240417;100101;4061.4;38;10137020197;S
20240417;100101;4061.2;9;10137020198;S
20240417;100101;4060.8;38;10137020199;S
20240417;100102;4060.6;2;10137020353;S
20240417;100102;4060.6;6;10137020354;S
20240417;100102;4060.6;32;10137020355;S
20240417;100102;4059.6;24;10137020357;S
20240417;100102;4062.4;1;10137020379;S
20240417;100102;4062.6;4;10137020397;B
20240417;100102;4062.8;100;10137020398;B
20240417;100102;4062.8;9;10137020399;B
20240417;100102;4063.4;2;10137020400;B
20240417;100102;4064;8;10137020401;B
20240417;100102;4064.4;27;10137020402;B
20240417;100102;4063;10;10137020499;S
20240417;100102;4063;10;10137020500;S
20240417;100102;4063;10;10137020502;S
20240417;100102;4063;10;10137020503;S
20240417;100102;4063;10;10137020504;S
20240417;100102;4063;10;10137020505;S
20240417;100102;4063;10;10137020506;S
20240417;100102;4063;10;10137020507;S
20240417;100102;4063;10;10137020508;S
20240417;100104;4063.2;10;10137020791;S
20240417;100104;4063.2;10;10137020792;S
20240417;100104;4063.2;5;10137020793;S
20240417;100104;4063;8;10137020794;S
20240417;100104;4062.8;9;10137020795;S
20240417;100104;4061.2;4;10137020796;S
20240417;100104;4061;30;10137020797;S
20240417;100104;4063.8;50;10137020816;B
20240417;100104;4063.6;1;10137020938;B
20240417;100105;4061.2;1;10137021019;S
20240417;100106;4061.4;1;10137021232;B
20240417;100106;4063;10;10137021233;S
20240417;100106;4063;10;10137021234;S
20240417;100106;4063.4;2;10137021235;B
20240417;100106;4063;9;10137021349;S
20240417;100107;4062.6;50;10137021501;S
20240417;100107;4062.2;9;10137021502;S
20240417;100107;4061.2;38;10137021503;S
20240417;100107;4061;4;10137021504;S
20240417;100107;4060.2;1;10137021505;S
20240417;100107;4060;5;10137021506;S
20240417;100107;4059.2;43;10137021507;S
20240417;100111;4060;10;10137022579;S
20240417;100111;4060;10;10137022595;S
20240417;100116;4060;5;10137023972;S
20240417;100116;4058.6;5;10137023973;S
20240417;100118;4061.2;5;10137024250;S
20240417;100118;4061.2;10;10137024314;S
20240417;100120;4061.4;1;10137024637;B
20240417;100120;4061.6;4;10137024638;B
20240417;100120;4062;5;10137024639;B
20240417;100120;4062.2;67;10137024640;B
20240417;100120;4062.4;23;10137024641;B
20240417;100120;4062.2;10;10137024687;B
20240417;100122;4062.2;7;10137024958;B
20240417;100123;4062.2;20;10137025161;B
20240417;100123;4062;10;10137025190;S
20240417;100124;4061.2;60;10137025449;S
20240417;100124;4061;38;10137025450;S
20240417;100124;4060;20;10137025451;S
20240417;100124;4060;57;10137025452;S
20240417;100127;4062.2;67;10137025902;B
20240417;100127;4062.2;6;10137025903;B
20240417;100128;4062.2;23;10137026072;S
20240417;100129;4062.2;4;10137026176;S
20240417;100131;4060.2;10;10137026643;S
20240417;100131;4060.2;28;10137026789;S
20240417;100131;4060;2;10137026790;S
20240417;100131;4061.2;1;10137026807;B
20240417;100138;4061.2;5;10137027787;B
20240417;100141;4062;1;10137028297;B
20240417;100141;4062;2;10137028473;B
20240417;100142;4062.2;4;10137028735;B
20240417;100142;4062.4;96;10137028736;B
20240417;100143;4062.2;1;10137028974;B
20240417;100144;4062.2;1;10137028986;B
20240417;100144;4062.2;1;10137029088;B
20240417;100144;4062.2;2;10137029112;B
20240417;100144;4062.4;4;10137029113;B
20240417;100144;4062.6;4;10137029114;B
20240417;100151;4062.4;10;10137030576;S
20240417;100152;4062.4;3;10137030784;S
20240417;100153;4062.4;26;10137030985;S
20240417;100154;4062.4;50;10137031161;S
20240417;100154;4062.4;33;10137031182;S
20240417;100155;4062.6;1;10137031339;B
20240417;100155;4062.4;8;10137031342;S
20240417;100155;4062.4;38;10137031343;S
20240417;100155;4062;15;10137031344;S
20240417;100155;4062;1;10137031345;S
20240417;100155;4061.2;20;10137031346;S
20240417;100155;4061;1;10137031347;S
20240417;100155;4061;50;10137031348;S
20240417;100155;4060.4;2;10137031349;S
20240417;100155;4060.2;4;10137031350;S
20240417;100155;4060;91;10137031351;S
20240417;100155;4060;14;10137031352;S
20240417;100155;4060;56;10137031353;S
20240417;100155;4062.4;12;10137031372;S
20240417;100156;4060.2;1;10137031572;S
20240417;100158;4062;2;10137031859;B
20240417;100159;4062.2;5;10137031894;B
20240417;100159;4062.2;5;10137031895;S
20240417;100159;4062.4;2;10137031912;B
20240417;100159;4062.4;2;10137031913;S
20240417;100207;4062.2;35;10137033772;B
20240417;100213;4061;1;10137035026;S
20240417;100215;4061.2;1;10137035296;B
20240417;100215;4061;1;10137035297;S
20240417;100218;4061.2;2;10137035902;B
20240417;100218;4061.2;1;10137035903;B
20240417;100221;4061.2;1;10137036571;B
20240417;100223;4061;5;10137036731;S
20240417;100225;4061.2;1;10137037207;B
20240417;100227;4061.2;1;10137037571;B
20240417;100227;4061.2;1;10137037582;B
20240417;100229;4061.2;2;10137037991;S
20240417;100230;4061.4;2;10137038327;B
20240417;100230;4061.4;1;10137038328;B
20240417;100230;4061.4;16;10137038329;B
20240417;100230;4061.6;8;10137038330;B
20240417;100230;4061.8;56;10137038331;B
20240417;100230;4061.8;46;10137038332;B
20240417;100230;4062;1;10137038333;B
20240417;100230;4062;70;10137038334;B
20240417;100236;4061.2;10;10137040695;S
20240417;100239;4061.4;5;10137041007;B
20240417;100240;4061.4;3;10137041175;B
20240417;100240;4061.6;15;10137041197;B
20240417;100242;4061.4;1;10137041614;S
20240417;100246;4061.6;1;10137042268;B
20240417;100247;4061.4;38;10137042642;S
20240417;100247;4061.2;28;10137042643;S
20240417;100247;4061.2;8;10137042644;S
20240417;100247;4061.2;1;10137042645;S
20240417;100247;4061;1;10137042646;S
20240417;100247;4061;5;10137042647;S
20240417;100247;4060.2;50;10137042648;S
20240417;100247;4060;9;10137042649;S
20240417;100247;4059.6;5;10137042650;S
20240417;100247;4058.8;4;10137042651;S
20240417;100247;4058.2;120;10137042652;S
20240417;100247;4058;31;10137042653;S
20240417;100249;4058.2;5;10137042811;S
20240417;100256;4059.6;2;10137044190;B
20240417;100256;4059.8;3;10137044191;B
20240417;100306;4059.6;1;10137046482;B
20240417;100306;4059.8;1;10137046483;B
20240417;100306;4060;8;10137046484;B
20240417;100308;4058.2;5;10137047079;S
20240417;100310;4059.6;2;10137047561;B
20240417;100311;4059.6;8;10137047597;S
20240417;100311;4059.6;2;10137047598;S
20240417;100312;4059.8;6;10137047849;B
20240417;100314;4059.6;1;10137048395;S
20240417;100315;4059.6;8;10137048465;S
20240417;100318;4059.6;1;10137049130;S
20240417;100318;4059.8;1;10137049132;B
20240417;100318;4059.8;2;10137049133;B
20240417;100318;4060;2;10137049134;B
20240417;100320;4060;2;10137049490;B
20240417;100320;4060;5;10137049588;B
20240417;100321;4060;10;10137049897;B
20240417;100324;4059.8;22;10137050295;S
20240417;100324;4059.8;4;10137050304;S
20240417;100325;4060;14;10137050686;B
20240417;100326;4060;1;10137050801;B
20240417;100327;4059.8;3;10137051145;S
20240417;100330;4060;10;10137051817;B
20240417;100330;4060;3;10137051818;B
20240417;100330;4060;7;10137051819;B
20240417;100331;4060.2;38;10137052103;S
20240417;100331;4060;9;10137052104;S
20240417;100331;4060;8;10137052105;S
20240417;100331;4059.8;1;10137052121;S
20240417;100335;4059.8;7;10137052860;S
20240417;100338;4060;1;10137053506;B
20240417;100341;4060;5;10137054245;B
20240417;100341;4060;39;10137054335;B
20240417;100341;4060;1;10137054336;B
20240417;100341;4060;1;10137054337;B
20240417;100341;4060;1;10137054338;B
20240417;100341;4060.4;8;10137054339;B
20240417;100341;4061;3;10137054340;B
20240417;100352;4060.4;1;10137056955;S
20240417;100354;4061;1;10137057366;B
20240417;100355;4060.6;1;10137057618;S
20240417;100355;4061;4;10137057673;B
20240417;100357;4061;10;10137058032;B
20240417;100358;4060.8;1;10137058350;S
20240417;100400;4061;1;10137058651;B
20240417;100400;4061;1;10137058759;B
20240417;100403;4060.8;1;10137059533;S
20240417;100407;4061;80;10137060355;B
20240417;100407;4061;100;10137060356;B
20240417;100407;4061;320;10137060357;B
20240417;100408;4061;5;10137060577;B
20240417;100408;4061;6;10137060588;B
20240417;100408;4061;17;10137060668;B
20240417;100410;4060.8;2;10137060937;S
20240417;100411;4061;7;10137061291;B
20240417;100411;4061;1;10137061349;B
20240417;100413;4061;50;10137061847;B
20240417;100416;4061;1;10137062245;B
20240417;100416;4060.8;1;10137062280;S
20240417;100417;4060.8;10;10137062420;S
20240417;100421;4061;30;10137063198;B
20240417;100421;4060.8;5;10137063213;S
20240417;100421;4060.8;2;10137063329;S
20240417;100422;4061;1;10137063398;B
20240417;100424;4061;25;10137063841;B
20240417;100424;4060.8;61;10137063944;S
20240417;100426;4061;4;10137064457;B
20240417;100426;4061;7;10137064491;B
20240417;100427;4061;1;10137064606;B
20240417;100427;4060.8;3;10137064679;S
20240417;100427;4061;6;10137064699;B
20240417;100429;4061;8;10137064971;B
20240417;100429;4060.8;3;10137065108;S
20240417;100430;4061;10;10137065168;B
20240417;100430;4061;42;10137065169;B
20240417;100430;4061;1;10137065170;B
20240417;100430;4061;97;10137065171;B
20240417;100432;4060.8;11;10137065450;S
20240417;100432;4060.8;19;10137065451;S
20240417;100433;4061;1;10137065680;B
20240417;100434;4060.8;1;10137065854;S
20240417;100436;4060.8;7;10137066066;S
20240417;100436;4061;1;10137066098;B
20240417;100437;4061;10;10137066208;B
20240417;100439;4060.8;5;10137066729;S
20240417;100439;4060.8;5;10137066776;S
20240417;100440;4060.8;1;10137066882;S
20240417;100440;4060.8;4;10137066883;S
20240417;100440;4060.8;62;10137066924;S
20240417;100441;4060.8;34;10137066959;S
20240417;100441;4060.8;10;10137066960;S
20240417;100441;4060.8;12;10137066961;S
20240417;100441;4060.8;2;10137066962;S
20240417;100441;4060.8;37;10137066963;S
20240417;100442;4061;126;10137067180;B
20240417;100442;4060.8;4;10137067233;S
20240417;100443;4061;10;10137067402;B
20240417;100444;4060.8;1;10137067624;S
20240417;100444;4060.8;5;10137067817;S
20240417;100445;4061;3;10137068112;B
20240417;100446;4061;1;10137068160;B
20240417;100446;4060.8;7;10137068176;S
20240417;100450;4060.8;1;10137069006;S
20240417;100450;4061;1;10137069074;B
20240417;100451;4060.8;1;10137069100;S
20240417;100451;4061;20;10137069144;B
20240417;100451;4061;1;10137069180;B
20240417;100451;4061;4;10137069220;B
20240417;100452;4061;1;10137069326;B
20240417;100452;4061;24;10137069420;B
20240417;100452;4061;2;10137069421;B
20240417;100452;4061;16;10137069422;B
20240417;100452;4061;5;10137069423;B
20240417;100452;4061;3;10137069424;B
20240417;100453;4060.8;20;10137069476;S
20240417;100453;4060.8;1;10137069519;S
20240417;100454;4061;47;10137069651;B
20240417;100454;4061;22;10137069652;B
20240417;100456;4061;25;10137069914;B
20240417;100456;4061;14;10137069945;B
20240417;100457;4060.8;5;10137069997;S
20240417;100458;4061;1;10137070294;B
20240417;100500;4060.8;18;10137070532;S
20240417;100500;4060.8;10;10137070533;S
20240417;100500;4060.8;22;10137070534;S
20240417;100500;4061;1;10137070592;B
20240417;100503;4060.8;5;10137071770;S
20240417;100505;4061;1;10137072160;B
20240417;100507;4061;2;10137072290;B
20240417;100507;4060.8;194;10137072395;S
20240417;100510;4061;1;10137072805;B
20240417;100510;4060.8;2;10137072840;S
20240417;100510;4060.8;49;10137072870;S
20240417;100510;4061;7;10137072876;B
20240417;100516;4060.8;1;10137074086;S
20240417;100517;4061;23;10137074318;B
20240417;100518;4061;5;10137074420;B
20240417;100519;4060.8;1;10137074623;S
20240417;100520;4061;24;10137074644;B
20240417;100521;4061;5;10137074796;B
20240417;100521;4061;9;10137074963;B
20240417;100523;4061;10;10137075365;B
20240417;100526;4061;1;10137075770;B
20240417;100527;4060.8;26;10137076140;S
20240417;100527;4060.8;27;10137076141;S
20240417;100527;4060.8;1;10137076142;S
20240417;100527;4060.8;46;10137076143;S
20240417;100528;4061;24;10137076261;B
20240417;100528;4061;29;10137076262;B
20240417;100528;4061;54;10137076263;B
20240417;100528;4061;50;10137076264;B
20240417;100528;4061;21;10137076265;B
20240417;100528;4061.6;73;10137076269;B
20240417;100528;4061.6;2;10137076270;B
20240417;100528;4061.6;4;10137076271;B
20240417;100528;4061.8;2;10137076272;B
20240417;100528;4062;10;10137076273;B
20240417;100528;4062;9;10137076274;B
20240417;100529;4061.8;5;10137076471;S
20240417;100529;4062;1;10137076504;B
20240417;100531;4062;10;10137076799;B
20240417;100531;4062;2;10137076800;B
20240417;100531;4062;25;10137076801;B
20240417;100531;4062;63;10137076802;B
20240417;100535;4062;5;10137077679;B
20240417;100536;4061.8;1;10137077963;S
20240417;100536;4062;27;10137077996;B
20240417;100536;4062;2;10137078003;B
20240417;100538;4062;31;10137078248;B
20240417;100541;4062;10;10137078958;B
20240417;100543;4062;1;10137079243;B
20240417;100545;4062;50;10137079635;B
20240417;100545;4062;40;10137079682;B
20240417;100545;4062;2;10137079790;B
20240417;100547;4062;3;10137080025;B
20240417;100547;4062;12;10137080034;B
20240417;100547;4062;10;10137080059;B
20240417;100547;4062;15;10137080102;B
20240417;100549;4062;2;10137080326;B
20240417;100549;4062;55;10137080431;B
20240417;100549;4062;4;10137080432;B
20240417;100549;4062;1;10137080433;B
20240417;100550;4062;5;10137080647;B
20240417;100551;4062;20;10137080764;B
20240417;100553;4061.8;1;10137081128;S
20240417;100553;4061.8;1;10137081129;S
20240417;100553;4061.8;16;10137081130;S
20240417;100553;4061.6;7;10137081131;S
20240417;100554;4061.8;2;10137081330;S
20240417;100554;4061.8;1;10137081352;S
20240417;100556;4061.8;18;10137081707;S
20240417;100556;4061.6;12;10137081708;S
20240417;100556;4061.2;20;10137081709;S
20240417;100602;4061.4;1;10137083178;S
20240417;100617;4061.4;8;10137085692;S
20240417;100617;4061.2;4;10137085693;S
20240417;100617;4061;38;10137085694;S
20240417;100620;4061.2;4;10137086151;S
20240417;100620;4061;6;10137086152;S
20240417;100627;4061.2;2;10137087601;S
20240417;100628;4061.6;1;10137087642;B
20240417;100631;4061.2;1;10137088302;S
20240417;100631;4061.4;6;10137088367;B
20240417;100635;4061.2;1;10137088977;S
20240417;100637;4061.4;1;10137089190;B
20240417;100637;4061.2;1;10137089228;S
20240417;100640;4061.2;1;10137089578;S
20240417;100640;4061.4;1;10137089647;B
20240417;100640;4061.2;9;10137089659;S
20240417;100641;4061.4;12;10137089670;B
20240417;100641;4061.4;20;10137089671;B
20240417;100641;4061.6;12;10137089672;B
20240417;100641;4061.8;30;10137089673;B
20240417;100642;4062;14;10137089859;B
20240417;100642;4062;6;10137089860;B
20240417;100642;4062;1;10137089861;B
20240417;100642;4062;12;10137089862;B
20240417;100642;4062;50;10137089863;B
20240417;100642;4062;17;10137089864;B
20240417;100643;4062;2;10137089955;B
20240417;100643;4061.8;6;10137089985;S
20240417;100643;4061.4;12;10137089986;S
20240417;100643;4061.4;2;10137089987;S
20240417;100643;4062;6;10137090012;B
20240417;100643;4062;6;10137090013;B
20240417;100643;4062.6;2;10137090014;B
20240417;100643;4062.6;12;10137090015;B
20240417;100643;4062.8;50;10137090016;B
20240417;100643;4062.8;24;10137090017;B
20240417;100649;4062.6;2;10137090932;B
20240417;100649;4062.6;1;10137090933;B
20240417;100649;4062.8;1;10137090934;B
20240417;100650;4062;1;10137091165;S
20240417;100650;4062;2;10137091166;S
20240417;100650;4061.8;12;10137091167;S
20240417;100650;4061.6;11;10137091168;S
20240417;100701;4062.6;1;10137092806;B
20240417;100701;4062.8;366;10137092807;B
20240417;100702;4063;1;10137093047;B
20240417;100702;4063;1;10137093048;B
20240417;100703;4062.8;7;10137093163;S
20240417;100704;4062.8;1;10137093367;S
20240417;100706;4063;2;10137093570;B
20240417;100706;4062.8;1;10137093573;S
20240417;100706;4062.8;1;10137093642;S
20240417;100707;4062.8;2;10137093708;S
20240417;100708;4062.8;1;10137093873;S
20240417;100708;4062.8;2;10137093874;S
20240417;100708;4062.8;7;10137093875;S
20240417;100708;4063;2;10137093893;B
20240417;100709;4062.8;10;10137093929;S
20240417;100709;4062.8;35;10137093969;S
20240417;100713;4063;1;10137094692;B
20240417;100714;4063;1;10137094825;B
20240417;100715;4063;1;10137094921;B
20240417;100716;4062.8;2;10137095027;S
20240417;100717;4063;22;10137095265;B
20240417;100717;4063;3;10137095266;B
20240417;100717;4063;25;10137095267;B
20240417;100717;4063;12;10137095268;B
20240417;100717;4063;138;10137095269;B
20240417;100717;4063;2;10137095299;B
20240417;100722;4063;1;10137096098;B
20240417;100722;4063;3;10137096149;B
20240417;100722;4063;189;10137096150;B
20240417;100722;4063;12;10137096151;B
20240417;100724;4063.4;1;10137096367;B
20240417;100724;4063.4;2;10137096368;B
20240417;100724;4063.6;2;10137096369;B
20240417;100724;4064;1;10137096370;B
20240417;100724;4064;4;10137096371;B
20240417;100725;4063.6;1;10137096568;S
20240417;100725;4064;21;10137096587;B
20240417;100725;4064;20;10137096588;B
20240417;100725;4064.2;12;10137096589;B
20240417;100725;4064.4;38;10137096590;B
20240417;100725;4064.6;50;10137096591;B
20240417;100725;4064.8;15;10137096592;B
20240417;100725;4064.8;5;10137096593;B
20240417;100725;4064.8;100;10137096594;B
20240417;100725;4064.8;3;10137096595;B
20240417;100725;4064.8;1;10137096596;B
20240417;100725;4065;25;10137096597;B
20240417;100725;4065;1;10137096598;B
20240417;100725;4065;25;10137096599;B
20240417;100725;4065;15;10137096600;B
20240417;100725;4065;5;10137096601;B
20240417;100725;4065;50;10137096602;B
20240417;100725;4065;25;10137096603;B
20240417;100725;4065;1;10137096604;B
20240417;100725;4065;2;10137096605;B
20240417;100725;4065;4;10137096606;B
20240417;100725;4065;15;10137096607;B
20240417;100725;4065;50;10137096608;B
20240417;100725;4065;1;10137096609;B
20240417;100725;4065;16;10137096610;B
20240417;100726;4065;2;10137096659;B
20240417;100726;4065;125;10137096675;B
20240417;100726;4065;2;10137096683;B
20240417;100726;4065;150;10137096692;B
20240417;100726;4065;2;10137096698;B
20240417;100726;4065;60;10137096700;B
20240417;100727;4065;1;10137096749;B
20240417;100727;4065;60;10137096763;B
20240417;100727;4065;2;10137096772;B
20240417;100727;4065;200;10137096805;B
20240417;100727;4065;80;10137096807;B
20240417;100727;4065;2;10137096810;B
20240417;100727;4065;150;10137096812;B
20240417;100727;4065;2;10137096820;B
20240417;100727;4065;10;10137096822;B
20240417;100727;4065;100;10137096825;B
20240417;100727;4065;150;10137096830;B
20240417;100727;4065;60;10137096867;B
20240417;100727;4065;26;10137096874;B
20240417;100727;4065;14;10137096875;B
20240417;100727;4065;11;10137096876;B
20240417;100727;4065;19;10137096877;B
20240417;100727;4065;30;10137096878;B
20240417;100727;4065;4;10137096879;B
20240417;100727;4065;5;10137096880;B
20240417;100727;4065;1;10137096881;B
20240417;100727;4065;1;10137096882;B
20240417;100728;4066;10;10137096902;B
20240417;100728;4066;2;10137096907;B
20240417;100728;4065.8;12;10137096942;S
20240417;100728;4065.8;13;10137096984;B
20240417;100728;4065.8;2;10137096985;B
20240417;100728;4065.8;2;10137097012;B
20240417;100729;4065.8;7;10137097172;B
20240417;100729;4065.8;2;10137097173;B
20240417;100729;4065.6;1;10137097240;S
20240417;100729;4065.4;50;10137097241;S
20240417;100729;4065.2;15;10137097242;S
20240417;100729;4065.2;12;10137097243;S
20240417;100729;4064.6;2;10137097244;S
20240417;100729;4064.2;4;10137097245;S
20240417;100729;4064;10;10137097246;S
20240417;100729;4063.8;2;10137097247;S
20240417;100729;4063.6;14;10137097248;S
20240417;100729;4063.4;2;10137097249;S
20240417;100729;4063.2;5;10137097250;S
20240417;100730;4065.8;9;10137097389;B
20240417;100730;4065.8;3;10137097390;B
20240417;100730;4066;2;10137097391;B
20240417;100732;4065.8;10;10137097673;S
20240417;100732;4065.6;10;10137097674;S
20240417;100732;4065.4;12;10137097675;S
20240417;100732;4064.4;3;10137097676;S
20240417;100732;4063.6;40;10137097677;S
20240417;100736;4065.8;1;10137098197;B
20240417;100736;4066;9;10137098198;B
20240417;100740;4065.8;14;10137098710;B
20240417;100740;4065.8;5;10137098831;B
20240417;100742;4066;27;10137098975;B
20240417;100742;4066;5;10137098976;B
20240417;100742;4066;12;10137098977;B
20240417;100742;4066;2;10137098978;B
20240417;100742;4066.2;38;10137098979;B
20240417;100742;4066.6;88;10137098980;B
20240417;100742;4067;12;10137098981;B
20240417;100742;4067;10;10137098982;B
20240417;100742;4067;25;10137098983;B
20240417;100742;4067;20;10137098984;B
20240417;100742;4067;5;10137098985;B
20240417;100742;4067;3;10137098986;B
20240417;100742;4067.2;1;10137098987;B
20240417;100742;4067.6;29;10137098988;B
20240417;100742;4067.8;2;10137098989;B
20240417;100742;4067.8;80;10137098990;B
20240417;100742;4067.8;22;10137098991;B
20240417;100742;4068;119;10137098992;B
20240417;100742;4067;54;10137099042;B
20240417;100742;4067.4;38;10137099043;B
20240417;100742;4068;408;10137099044;B
20240417;100742;4067.8;38;10137099047;B
20240417;100742;4067.8;11;10137099048;B
20240417;100742;4067.8;39;10137099053;B
20240417;100742;4067.8;38;10137099054;B
20240417;100742;4068;423;10137099055;B
20240417;100742;4068;50;10137099094;B
20240417;100742;4068;50;10137099095;B
20240417;100742;4068;1;10137099096;B
20240417;100742;4068;1;10137099097;B
20240417;100742;4068;25;10137099098;B
20240417;100742;4068;5;10137099099;B
20240417;100742;4068;8;10137099100;B
20240417;100742;4068.2;1;10137099101;B
20240417;100742;4068.4;5;10137099102;B
20240417;100742;4068.8;1;10137099105;B
20240417;100742;4069;1;10137099106;B
20240417;100742;4069;25;10137099107;B
20240417;100742;4069;50;10137099108;B
20240417;100742;4069;5;10137099109;B
20240417;100742;4069.2;2;10137099110;B
20240417;100742;4069.2;11;10137099111;B
20240417;100742;4069.4;30;10137099112;B
20240417;100743;4069.6;400;10137099161;B
20240417;100743;4069.6;5;10137099176;B
20240417;100743;4069.6;1;10137099187;B
20240417;100743;4069.6;45;10137099193;B
20240417;100743;4069.6;2;10137099194;B
20240417;100743;4069.8;2;10137099195;B
20240417;100743;4070;100;10137099196;B
20240417;100743;4070;3;10137099197;B
20240417;100743;4070;1;10137099198;B
20240417;100743;4070;3;10137099199;B
20240417;100743;4070;2;10137099200;B
20240417;100743;4070;2;10137099201;B
20240417;100743;4070;2;10137099202;B
20240417;100743;4070;1;10137099203;B
20240417;100743;4070;1;10137099204;B
20240417;100743;4070;86;10137099205;B
20240417;100743;4070;5;10137099207;B
20240417;100743;4070;9;10137099210;B
20240417;100743;4070;1;10137099211;B
20240417;100743;4070;37;10137099212;B
20240417;100743;4070;1;10137099213;B
20240417;100743;4070;3;10137099214;B
20240417;100743;4070;12;10137099215;B
20240417;100743;4070;1;10137099216;B
20240417;100743;4070;30;10137099217;B
20240417;100743;4070.6;31;10137099218;B
20240417;100743;4070.8;11;10137099225;B
20240417;100743;4070.8;13;10137099226;B
20240417;100743;4069.2;4;10137099233;S
20240417;100743;4069.2;1;10137099234;S
20240417;100743;4069;50;10137099235;S
20240417;100743;4069;39;10137099236;B
20240417;100743;4069;20;10137099253;B
20240417;100743;4070.8;4;10137099279;B
20240417;100743;4071;25;10137099280;B
20240417;100743;4071;100;10137099281;B
20240417;100743;4071.2;3;10137099282;B
20240417;100743;4072;2;10137099283;B
20240417;100743;4072;3;10137099284;B
20240417;100743;4072;1;10137099285;B
20240417;100743;4072;2;10137099286;B
20240417;100743;4072;5;10137099287;B
20240417;100743;4072;28;10137099288;B
20240417;100743;4072;12;10137099289;B
20240417;100743;4072;51;10137099290;B
20240417;100743;4072;38;10137099291;B
20240417;100743;4072.2;55;10137099292;B
20240417;100743;4072.2;3;10137099293;B
20240417;100743;4072.6;60;10137099294;B
20240417;100743;4072.8;3;10137099295;B
20240417;100743;4072.8;60;10137099296;B
20240417;100743;4073;10;10137099297;B
20240417;100743;4073;25;10137099298;B
20240417;100743;4073;2;10137099299;B
20240417;100743;4073.4;8;10137099300;B
20240417;100743;4071.4;10;10137099302;S
20240417;100743;4071.4;10;10137099307;S
20240417;100743;4072.6;1;10137099315;B
20240417;100743;4073;9;10137099316;B
20240417;100744;4073;1;10137099336;B
20240417;100744;4072.2;10;10137099341;S
20240417;100744;4072;2;10137099352;S
20240417;100744;4072.8;1;10137099360;B
20240417;100744;4072.2;1;10137099390;S
20240417;100744;4072.8;10;10137099409;S
20240417;100744;4072.8;10;10137099410;S
20240417;100744;4073.6;1;10137099413;B
20240417;100744;4073.6;1;10137099415;B
20240417;100744;4073.8;1;10137099416;B
20240417;100744;4073.8;1;10137099417;B
20240417;100744;4073.8;65;10137099418;B
20240417;100744;4074;2;10137099419;B
20240417;100744;4074;80;10137099420;B
20240417;100744;4074;100;10137099421;B
20240417;100744;4074;7;10137099422;B
20240417;100744;4074;14;10137099423;B
20240417;100744;4074;18;10137099424;B
20240417;100744;4074;10;10137099425;B
20240417;100744;4074.2;5;10137099426;B
20240417;100744;4074.2;38;10137099427;B
20240417;100744;4074.4;5;10137099428;B
20240417;100744;4074.6;50;10137099429;B
20240417;100744;4074.8;10;10137099430;B
20240417;100744;4074.8;6;10137099431;B
20240417;100744;4074.8;88;10137099432;B
20240417;100744;4074.4;50;10137099434;B
20240417;100744;4074.6;132;10137099435;B
20240417;100744;4074.8;12;10137099436;B
20240417;100744;4074.8;6;10137099437;B
20240417;100744;4074.8;1;10137099438;B
20240417;100744;4074.8;5;10137099460;B
20240417;100744;4074;5;10137099466;S
20240417;100744;4074.8;38;10137099471;B
20240417;100744;4075;62;10137099472;B
20240417;100744;4075;1;10137099475;B
20240417;100744;4074.2;50;10137099481;S
20240417;100744;4074.2;5;10137099482;S
20240417;100744;4074.8;5;10137099487;B
20240417;100744;4074.4;4;10137099488;S
20240417;100744;4074.2;7;10137099489;S
20240417;100745;4074.8;70;10137099503;B
20240417;100745;4075;37;10137099504;B
20240417;100745;4075;10;10137099505;B
20240417;100745;4075;8;10137099506;B
20240417;100745;4075;50;10137099509;B
20240417;100745;4074.6;50;10137099510;S
20240417;100745;4074.6;58;10137099511;S
20240417;100745;4075;5;10137099524;B
20240417;100745;4075;23;10137099526;B
20240417;100745;4075;2;10137099527;B
20240417;100745;4074.8;10;10137099529;S
20240417;100745;4075;5;10137099536;B
20240417;100745;4075;5;10137099538;B
20240417;100745;4075;50;10137099555;B
20240417;100745;4075;22;10137099568;B
20240417;100745;4074.8;1;10137099570;S
20240417;100745;4075;26;10137099595;B
20240417;100745;4075;50;10137099596;B
20240417;100745;4075;24;10137099597;B
20240417;100745;4074.8;2;10137099601;S
20240417;100745;4075;1;10137099603;B
20240417;100745;4075;1;10137099604;B
20240417;100745;4075;1;10137099605;B
20240417;100745;4075;6;10137099606;B
20240417;100745;4075;1;10137099607;B
20240417;100745;4075;1;10137099608;B
20240417;100745;4075;25;10137099609;B
20240417;100745;4075;30;10137099610;B
20240417;100745;4075;3;10137099611;B
20240417;100745;4075;10;10137099612;B
20240417;100745;4075;1;10137099613;B
20240417;100745;4075;14;10137099614;B
20240417;100745;4075;5;10137099615;B
20240417;100745;4075.2;100;10137099616;B
20240417;100745;4076;1;10137099617;B
20240417;100745;4076;5;10137099618;B
20240417;100745;4076;38;10137099619;B
20240417;100745;4076.4;1;10137099620;B
20240417;100745;4077;5;10137099621;B
20240417;100745;4077;1;10137099622;B
20240417;100745;4077;5;10137099623;B
20240417;100745;4077;1;10137099624;B
20240417;100745;4077.4;300;10137099625;B
20240417;100745;4077.4;2;10137099626;B
20240417;100745;4077.6;1;10137099627;B
20240417;100745;4077.6;75;10137099628;B
20240417;100745;4077.8;300;10137099629;B
20240417;100745;4078;50;10137099630;B
20240417;100745;4078;1;10137099631;B
20240417;100745;4078;60;10137099632;B
20240417;100745;4078;10;10137099637;S
20240417;100745;4078;10;10137099638;S
20240417;100745;4078;10;10137099639;S
20240417;100745;4078;10;10137099641;S
20240417;100745;4078;10;10137099642;S
20240417;100745;4078.2;1;10137099645;B
20240417;100745;4078;22;10137099646;S
20240417;100745;4078.2;272;10137099650;B
20240417;100745;4078;2;10137099651;S
20240417;100745;4078.2;4;10137099652;B
20240417;100745;4078.2;23;10137099654;B
20240417;100745;4078.2;1;10137099655;B
20240417;100745;4078.2;10;10137099656;B
20240417;100745;4078;1;10137099657;S
20240417;100745;4078;1;10137099659;S
20240417;100745;4078;8;10137099679;S
20240417;100745;4078.2;6;10137099687;B
20240417;100745;4078;1;10137099689;S
20240417;100745;4078;1;10137099690;S
20240417;100745;4078;10;10137099691;S
20240417;100746;4078;1;10137099694;S
20240417;100746;4078.2;28;10137099695;B
20240417;100746;4078;1;10137099699;S
20240417;100746;4078;10;10137099701;S
20240417;100746;4078.2;1;10137099702;B
20240417;100746;4078;4;10137099703;S
20240417;100746;4078;10;10137099711;S
20240417;100746;4078;1;10137099712;S
20240417;100746;4078;1;10137099713;S
20240417;100746;4078.2;4;10137099714;B
20240417;100746;4078.2;1;10137099715;B
20240417;100746;4078;79;10137099717;S
20240417;100746;4078;1;10137099718;S
20240417;100746;4078;8;10137099719;S
20240417;100746;4076.8;5;10137099720;S
20240417;100746;4076.6;5;10137099721;S
20240417;100746;4075.8;4;10137099722;S
20240417;100746;4077;36;10137099723;B
20240417;100746;4076.2;115;10137099725;B
20240417;100746;4077.2;5;10137099726;B
20240417;100746;4077.6;7;10137099729;S
20240417;100746;4077.8;25;10137099730;B
20240417;100746;4077.6;12;10137099734;S
20240417;100746;4077.8;18;10137099735;B
20240417;100746;4077.6;1;10137099736;S
20240417;100746;4077.8;32;10137099737;B
20240417;100746;4077.8;67;10137099738;B
20240417;100746;4077.8;50;10137099739;B
20240417;100746;4078;50;10137099740;B
20240417;100746;4078.4;1;10137099741;B
20240417;100746;4078.6;300;10137099742;B
20240417;100746;4078.6;2;10137099743;B
20240417;100746;4078.6;38;10137099744;B
20240417;100746;4079;300;10137099745;B
20240417;100746;4079;4;10137099746;B
20240417;100746;4079;1;10137099747;B
20240417;100746;4079;250;10137099748;B
20240417;100746;4079;1;10137099749;B
20240417;100746;4079;4;10137099750;B
20240417;100746;4079.2;50;10137099751;B
20240417;100746;4079.4;300;10137099752;B
20240417;100746;4079.4;8;10137099753;B
20240417;100746;4079.4;5;10137099754;B
20240417;100746;4079.6;3;10137099755;B
20240417;100746;4079.8;1;10137099756;B
20240417;100746;4079.8;10;10137099757;B
20240417;100746;4079.8;8;10137099758;B
20240417;100746;4079.8;8;10137099759;B
20240417;100746;4079.8;2;10137099760;B
20240417;100746;4080;1;10137099761;B
20240417;100746;4080;4;10137099762;B
20240417;100746;4079.2;10;10137099766;S
20240417;100746;4079.2;10;10137099767;S
20240417;100746;4079.2;10;10137099768;S
20240417;100746;4079.2;10;10137099769;S
20240417;100746;4079.2;10;10137099770;S
20240417;100746;4079.2;10;10137099771;S
20240417;100746;4079.2;10;10137099772;S
20240417;100746;4079.2;10;10137099773;S
20240417;100746;4079.6;24;10137099777;B
20240417;100746;4079.6;1;10137099778;B
20240417;100746;4079.8;50;10137099779;B
20240417;100746;4079.8;2;10137099780;B
20240417;100746;4080;1;10137099781;B
20240417;100746;4080;347;10137099782;B
20240417;100746;4080;2;10137099783;B
20240417;100746;4080;10;10137099784;B
20240417;100746;4080;6;10137099785;B
20240417;100746;4080;1;10137099787;B
20240417;100746;4080;3;10137099788;B
20240417;100746;4079.4;1;10137099789;S
20240417;100746;4079.8;50;10137099791;B
20240417;100746;4079.2;1;10137099795;S
20240417;100746;4079.8;5;10137099796;B
20240417;100746;4079.8;1;10137099797;B
20240417;100746;4079.8;50;10137099800;B
20240417;100746;4080;3;10137099809;B
20240417;100746;4080;5;10137099810;B
20240417;100746;4080;1500;10137099812;B
20240417;100746;4079.6;2;10137099819;S
20240417;100746;4079.6;1;10137099821;S
20240417;100746;4080;500;10137099823;B
20240417;100746;4080;150;10137099837;B
20240417;100746;4080;199;10137099838;B
20240417;100746;4080;1004;10137099839;B
20240417;100746;4080;193;10137099840;B
20240417;100746;4079.8;10;10137099841;S
20240417;100746;4079.8;10;10137099842;S
20240417;100746;4079.8;10;10137099843;S
20240417;100746;4080;125;10137099844;B
20240417;100746;4080;100;10137099846;B
20240417;100746;4080;300;10137099848;B
20240417;100746;4080;1;10137099851;B
20240417;100746;4080;100;10137099852;B
20240417;100746;4080;250;10137099854;B
20240417;100746;4080;19;10137099855;B
20240417;100746;4079.8;2;10137099856;S
20240417;100746;4080;7;10137099857;B
20240417;100746;4080;175;10137099858;B
20240417;100746;4080;1;10137099859;B
20240417;100746;4080;24;10137099860;B
20240417;100746;4080;76;10137099861;B
20240417;100746;4080;1;10137099862;B
20240417;100746;4080;73;10137099863;B
20240417;100746;4080;27;10137099864;B
20240417;100746;4080;73;10137099865;B
20240417;100746;4080;5;10137099866;B
20240417;100746;4079.8;1;10137099867;S
20240417;100746;4080;22;10137099868;B
20240417;100746;4080;15;10137099869;B
20240417;100746;4080;13;10137099870;B
20240417;100746;4080;1;10137099871;B
20240417;100746;4080;6;10137099872;B
20240417;100746;4080;1;10137099873;B
20240417;100746;4080;53;10137099874;B
20240417;100746;4080;58;10137099875;B
20240417;100746;4080;50;10137099876;B
20240417;100746;4080;10;10137099877;B
20240417;100746;4080;12;10137099878;B
20240417;100746;4080;70;10137099880;B
20240417;100746;4080;60;10137099882;B
20240417;100746;4080;30;10137099883;B
20240417;100746;4080;48;10137099884;B
20240417;100746;4080;13;10137099885;B
20240417;100746;4080;77;10137099886;B
20240417;100746;4080;1;10137099887;B
20240417;100746;4080;5;10137099888;B
20240417;100746;4080;5;10137099889;B
20240417;100746;4080;1;10137099890;B
20240417;100746;4080;3;10137099891;B
20240417;100746;4080;36;10137099892;B
20240417;100746;4080;1;10137099893;B
20240417;100746;4080;1;10137099894;B
20240417;100746;4080;8;10137099895;B
20240417;100746;4080;12;10137099896;B
20240417;100746;4080;245;10137099897;B
20240417;100746;4080;55;10137099898;B
20240417;100746;4080;188;10137099899;B
20240417;100746;4080;42;10137099900;B
20240417;100746;4080;32;10137099901;B
20240417;100746;4080;18;10137099902;B
20240417;100746;4079.8;8;10137099903;S
20240417;100746;4080;22;10137099905;B
20240417;100746;4080;20;10137099906;B
20240417;100746;4080;2;10137099907;B
20240417;100746;4080;2;10137099908;B
20240417;100746;4080;25;10137099909;B
20240417;100746;4080;20;10137099910;B
20240417;100746;4080;9;10137099911;B
20240417;100746;4080;158;10137099912;B
20240417;100746;4080;87;10137099913;B
20240417;100746;4080;10;10137099914;B
20240417;100746;4080;200;10137099915;B
20240417;100746;4080.4;1;10137099916;B
20240417;100746;4081.8;9;10137099917;B
20240417;100746;4081.6;4;10137099918;B
20240417;100746;4081.6;25;10137099921;B
20240417;100746;4081.6;46;10137099922;B
20240417;100746;4081.8;14;10137099923;B
20240417;100746;4081.8;10;10137099924;B
20240417;100746;4081.8;67;10137099925;B
20240417;100746;4082;1;10137099926;B
20240417;100746;4082;9;10137099927;B
20240417;100746;4082;1;10137099928;B
20240417;100746;4082.4;1;10137099929;B
20240417;100746;4082.8;4;10137099930;B
20240417;100746;4082;3;10137099931;B
20240417;100746;4082.8;3;10137099932;B
20240417;100746;4082.8;11;10137099933;B
20240417;100746;4080.4;27;10137099934;S
20240417;100746;4082;10;10137099936;S
20240417;100746;4082;10;10137099937;S
20240417;100746;4082;10;10137099938;S
20240417;100746;4082;10;10137099939;S
20240417;100746;4082.8;13;10137099940;B
20240417;100746;4082.8;34;10137099941;B
20240417;100746;4082;1;10137099942;S
20240417;100746;4082;1;10137099944;S
20240417;100746;4082.8;1;10137099948;B
20240417;100746;4082;3;10137099949;S
20240417;100746;4082.8;3;10137099950;B
20240417;100746;4082.8;20;10137099952;B
20240417;100746;4082.8;2;10137099953;B
20240417;100746;4082;1;10137099955;S
20240417;100746;4082;1;10137099956;S
20240417;100746;4082.8;2;10137099958;B
20240417;100746;4082.8;10;10137099960;B
20240417;100746;4082.8;67;10137099964;B
20240417;100746;4082.8;75;10137099965;B
20240417;100746;4083;37;10137099966;B
20240417;100746;4083;1;10137099967;B
20240417;100746;4083;1;10137099968;B
20240417;100746;4083.2;37;10137099969;B
20240417;100746;4083.4;37;10137099970;B
20240417;100746;4083.6;37;10137099971;B
20240417;100746;4083.6;2;10137099972;B
20240417;100746;4083.8;37;10137099973;B
20240417;100746;4084;37;10137099974;B
20240417;100746;4084;2;10137099975;B
20240417;100746;4084;100;10137099976;B
20240417;100746;4084.2;37;10137099977;B
20240417;100746;4084.4;37;10137099978;B
20240417;100746;4084.4;20;10137099979;B
20240417;100746;4084.6;37;10137099980;B
20240417;100746;4084.8;37;10137099981;B
20240417;100746;4084.8;38;10137099982;B
20240417;100746;4085;37;10137099983;B
20240417;100746;4085;300;10137099984;B
20240417;100746;4085;1;10137099985;B
20240417;100746;4085;50;10137099986;B
20240417;100746;4085;1;10137099987;B
20240417;100746;4085;1;10137099988;B
20240417;100746;4085;150;10137099989;B
20240417;100746;4085;1;10137099990;B
20240417;100746;4085;50;10137099991;B
20240417;100746;4085;2;10137099992;B
20240417;100746;4085;60;10137099993;B
20240417;100746;4085.2;37;10137099994;B
20240417;100746;4085.4;37;10137099995;B
20240417;100746;4085.6;65;10137099996;B
20240417;100746;4085.6;37;10137099997;B
20240417;100746;4085.8;37;10137099998;B
20240417;100746;4086;37;10137099999;B
20240417;100746;4086;2;10137100000;B
20240417;100746;4086.2;37;10137100001;B
20240417;100746;4086.2;10;10137100002;B
20240417;100746;4086.4;37;10137100003;B
20240417;100746;4086.4;10;10137100004;B
20240417;100746;4086.6;37;10137100005;B
20240417;100746;4086.6;42;10137100006;B
20240417;100746;4086.8;37;10137100007;B
20240417;100746;4087;13;10137100008;B
20240417;100746;4087;3;10137100009;B
20240417;100746;4087;63;10137100010;B
20240417;100746;4087;100;10137100011;B
20240417;100746;4087.6;430;10137100012;B
20240417;100746;4082.6;11;10137100024;S
20240417;100746;4082.6;1;10137100025;S
20240417;100746;4085;1;10137100028;B
20240417;100746;4085.2;8;10137100029;B
20240417;100746;4082.6;1;10137100030;S
20240417;100747;4082.6;10;10137100031;S
20240417;100747;4082.6;15;10137100032;S
20240417;100747;4082.4;5;10137100033;S
20240417;100747;4082.4;25;10137100034;S
20240417;100747;4082.4;10;10137100035;S
20240417;100747;4082.6;185;10137100036;B
20240417;100747;4082.6;50;10137100037;B
20240417;100747;4085;3;10137100038;B
20240417;100747;4082.4;10;10137100039;S
20240417;100747;4084.8;1;10137100040;B
20240417;100747;4082.4;4;10137100041;S
20240417;100747;4084.8;74;10137100043;B
20240417;100747;4084.8;20;10137100044;B
20240417;100747;4085;97;10137100045;B
20240417;100747;4085.2;10;10137100046;S
20240417;100747;4085.2;40;10137100047;S
20240417;100747;4085.2;10;10137100048;S
20240417;100747;4085.2;11;10137100049;S
20240417;100747;4085.2;2;10137100050;S
20240417;100747;4085.2;1;10137100051;S
20240417;100747;4085.2;1;10137100052;S
20240417;100747;4085.6;1;10137100053;B
20240417;100747;4085.2;1;10137100057;S
20240417;100747;4085.6;24;10137100064;B
20240417;100747;4085.6;20;10137100065;B
20240417;100747;4085.6;10;10137100066;B
20240417;100747;4086.6;38;10137100067;B
20240417;100747;4087.2;31;10137100068;B
20240417;100747;4085.2;5;10137100069;S
20240417;100747;4085.4;5;10137100070;S
20240417;100747;4085.8;5;10137100087;B
20240417;100747;4087;5;10137100088;B
20240417;100747;4087.2;15;10137100089;B
20240417;100747;4085.2;25;10137100093;S
20240417;100747;4085.2;40;10137100094;S
20240417;100747;4087.2;5;10137100095;B
20240417;100747;4087.2;30;10137100096;B
20240417;100747;4085.6;1;10137100097;S
20240417;100747;4087.2;6;10137100099;B
20240417;100747;4087;11;10137100100;B
20240417;100747;4087;1;10137100101;B
20240417;100747;4087;2;10137100102;B
20240417;100747;4085.8;1;10137100107;S
20240417;100747;4085.8;3;10137100111;S
20240417;100747;4087;20;10137100114;B
20240417;100747;4087;41;10137100115;B
20240417;100747;4087;10;10137100116;B
20240417;100747;4087.2;11;10137100117;B
20240417;100747;4087.2;3;10137100118;B
20240417;100747;4086;4;10137100139;S
20240417;100747;4086;10;10137100140;S
20240417;100747;4086;9;10137100147;S
20240417;100747;4085.8;46;10137100148;S
20240417;100747;4085.8;75;10137100149;S
20240417;100747;4086.8;13;10137100204;B
20240417;100747;4086.8;20;10137100206;B
20240417;100747;4086.8;10;10137100207;B
20240417;100747;4086.4;4;10137100208;S
20240417;100747;4086.4;7;10137100209;S
20240417;100747;4086.2;5;10137100210;S
20240417;100747;4085.8;11;10137100211;S
20240417;100747;4085.8;5;10137100212;S
20240417;100747;4085.8;22;10137100213;S
20240417;100747;4086.6;75;10137100214;B
20240417;100747;4086.8;10;10137100215;B
20240417;100747;4087;33;10137100216;B
20240417;100747;4087.2;67;10137100217;B
20240417;100747;4087.2;140;10137100218;B
20240417;100747;4087.4;100;10137100219;B
20240417;100747;4087.8;2;10137100220;B
20240417;100747;4088;100;10137100221;B
20240417;100747;4088;1;10137100222;B
20240417;100747;4088;1;10137100223;B
20240417;100747;4088;1;10137100224;B
20240417;100747;4088;20;10137100225;B
20240417;100747;4088;2;10137100226;B
20240417;100747;4088;30;10137100227;B
20240417;100747;4088;157;10137100228;B
20240417;100747;4088;261;10137100229;B
20240417;100747;4085.8;50;10137100230;S
20240417;100747;4085.8;50;10137100231;S
20240417;100747;4087.2;5;10137100232;B
20240417;100747;4087.6;5;10137100233;B
20240417;100747;4087.6;63;10137100234;B
20240417;100747;4087.6;3;10137100235;B
20240417;100747;4087.8;50;10137100236;B
20240417;100747;4087.8;100;10137100237;B
20240417;100747;4087.8;67;10137100238;B
20240417;100747;4088;239;10137100239;B
20240417;100747;4088.4;10;10137100240;B
20240417;100747;4088.8;1;10137100241;B
20240417;100747;4088.8;1;10137100242;B
20240417;100747;4089;11;10137100243;B
20240417;100747;4089;9;10137100244;B
20240417;100747;4089;1;10137100245;B
20240417;100747;4089;879;10137100246;B
20240417;100747;4089;10;10137100247;B
20240417;100747;4089;20;10137100248;B
20240417;100747;4089;25;10137100249;B
20240417;100747;4089.2;38;10137100250;B
20240417;100747;4089.8;1;10137100251;B
20240417;100747;4089.8;2;10137100252;B
20240417;100747;4090;1;10137100253;B
20240417;100747;4090;1;10137100254;B
20240417;100747;4090;3;10137100255;B
20240417;100747;4090;1;10137100256;B
20240417;100747;4090;25;10137100257;B
20240417;100747;4090;2;10137100258;B
20240417;100747;4090;20;10137100259;B
20240417;100747;4090;10;10137100260;B
20240417;100747;4090;1;10137100261;B
20240417;100747;4090;2;10137100262;B
20240417;100747;4090;1;10137100263;B
20240417;100747;4090;2;10137100264;B
20240417;100747;4090;4;10137100265;B
20240417;100747;4090;390;10137100266;B
20240417;100747;4090;500;10137100267;B
20240417;100747;4090.4;1;10137100268;B
20240417;100747;4090.4;2;10137100269;B
20240417;100747;4091;50;10137100270;B
20240417;100747;4091.2;1;10137100271;B
20240417;100747;4091.2;50;10137100272;B
20240417;100747;4091.8;1;10137100273;B
20240417;100747;4091.8;50;10137100274;B
20240417;100747;4092;20;10137100275;B
20240417;100747;4092;1;10137100276;B
20240417;100747;4092;16;10137100277;B
20240417;100747;4092;1;10137100278;B
20240417;100747;4092;10;10137100279;B
20240417;100747;4092;5;10137100280;B
20240417;100747;4092;5;10137100281;B
20240417;100747;4093;1;10137100282;B
20240417;100747;4093;3;10137100283;B
20240417;100747;4093;1;10137100284;B
20240417;100747;4093;50;10137100285;B
20240417;100747;4093.6;2;10137100286;B
20240417;100747;4094;150;10137100287;B
20240417;100747;4094;87;10137100288;B
20240417;100747;4088.4;5;10137100291;S
20240417;100747;4088.4;45;10137100292;S
20240417;100747;4088.4;1;10137100293;S
20240417;100747;4088.8;8;10137100304;S
20240417;100747;4088.8;2;10137100305;S
20240417;100747;4088.8;48;10137100309;S
20240417;100747;4088.8;52;10137100310;S
20240417;100747;4089.2;5;10137100311;S
20240417;100747;4089;50;10137100312;S
20240417;100747;4088.8;220;10137100313;S
20240417;100747;4088.8;5;10137100314;S
20240417;100747;4088.6;20;10137100315;S
20240417;100747;4090.2;5;10137100316;B
20240417;100747;4090.4;67;10137100317;B
20240417;100747;4090.6;50;10137100318;B
20240417;100747;4090.8;91;10137100319;B
20240417;100747;4091;31;10137100320;B
20240417;100747;4091;19;10137100321;B
20240417;100747;4091;11;10137100322;B
20240417;100747;4090.8;8;10137100323;B
20240417;100747;4088.8;5;10137100324;S
20240417;100747;4088.6;30;10137100325;S
20240417;100747;4088.6;50;10137100326;S
20240417;100747;4088.4;15;10137100327;S
20240417;100747;4088.6;3;10137100328;S
20240417;100747;4088.2;50;10137100341;S
20240417;100747;4088.4;1;10137100346;S
20240417;100747;4088.4;5;10137100347;S
20240417;100747;4088.2;10;10137100348;S
20240417;100748;4088.2;2;10137100351;S
20240417;100748;4090.4;1;10137100354;B
20240417;100748;4088.2;1;10137100355;S
20240417;100748;4088.2;37;10137100356;S
20240417;100748;4088;1;10137100357;S
20240417;100748;4088.2;2;10137100359;S
20240417;100748;4088.2;1;10137100360;S
20240417;100748;4090.4;30;10137100362;B
20240417;100748;4088.2;7;10137100363;S
20240417;100748;4088.2;2;10137100364;S
20240417;100748;4089.4;10;10137100366;B
20240417;100748;4089.4;40;10137100371;B
20240417;100748;4089.4;3;10137100373;B
20240417;100748;4088.2;1;10137100374;S
20240417;100748;4088.2;1;10137100375;S
20240417;100748;4089.4;15;10137100383;B
20240417;100748;4089.4;25;10137100384;B
20240417;100748;4088.2;1;10137100391;S
20240417;100748;4088.2;1;10137100401;S
20240417;100748;4089.4;15;10137100409;B
20240417;100748;4088.2;34;10137100414;S
20240417;100748;4088;49;10137100415;S
20240417;100748;4088;10;10137100417;B
20240417;100748;4088;49;10137100422;B
20240417;100748;4088;1;10137100429;B
20240417;100748;4088;89;10137100431;B
20240417;100748;4088.4;10;10137100432;B
20240417;100748;4089;5;10137100433;B
20240417;100748;4089.2;10;10137100434;B
20240417;100748;4089.4;10;10137100435;B
20240417;100748;4089.8;3;10137100436;B
20240417;100748;4089.8;5;10137100437;B
20240417;100748;4090;89;10137100438;B
20240417;100748;4090;5;10137100439;B
20240417;100748;4090;4;10137100440;B
20240417;100748;4090;4;10137100441;B
20240417;100748;4090.2;16;10137100442;B
20240417;100748;4088.4;15;10137100451;S
20240417;100748;4090;2;10137100452;B
20240417;100748;4090.4;2;10137100453;B
20240417;100748;4090.4;3;10137100454;B
20240417;100748;4090.4;62;10137100455;B
20240417;100748;4090.6;50;10137100456;B
20240417;100748;4090.6;200;10137100457;B
20240417;100748;4090;5;10137100458;S
20240417;100748;4090;45;10137100459;S
20240417;100748;4090.2;3;10137100461;S
20240417;100748;4090.2;1;10137100463;S
20240417;100748;4091.6;20;10137100465;B
20240417;100748;4090.4;2;10137100466;S
20240417;100748;4090.4;1;10137100467;S
20240417;100748;4090.2;1;10137100468;S
20240417;100748;4090;5;10137100469;S
20240417;100748;4090;3;10137100470;S
20240417;100748;4091.6;25;10137100471;B
20240417;100748;4090;7;10137100473;S
20240417;100748;4090;2;10137100474;S
20240417;100748;4091.6;3;10137100475;B
20240417;100748;4091.6;4;10137100476;B
20240417;100748;4091.6;67;10137100477;B
20240417;100748;4091.8;25;10137100478;B
20240417;100748;4091.8;26;10137100479;B
20240417;100748;4090;3;10137100480;S
20240417;100748;4090;1;10137100493;S
20240417;100748;4090;3;10137100496;S
20240417;100748;4090;10;10137100498;S
20240417;100748;4090.2;13;10137100499;B
20240417;100748;4090.2;5;10137100500;B
20240417;100748;4091;1;10137100501;B
20240417;100748;4091.6;4;10137100502;B
20240417;100748;4090;1;10137100503;S
20240417;100748;4090;16;10137100504;S
20240417;100748;4090;18;10137100505;S
20240417;100748;4090;1;10137100506;S
20240417;100748;4090.2;25;10137100507;B
20240417;100748;4090;1;10137100508;S
20240417;100748;4090;1;10137100509;S
20240417;100748;4090.2;25;10137100510;B
20240417;100748;4091.6;17;10137100511;B
20240417;100748;4091.8;24;10137100512;B
20240417;100748;4091.8;2;10137100513;B
20240417;100748;4092;100;10137100514;B
20240417;100748;4092.4;50;10137100515;B
20240417;100748;4092.4;38;10137100516;B
20240417;100748;4092.6;67;10137100517;B
20240417;100748;4093;2;10137100518;B
20240417;100748;4093.6;100;10137100519;B
20240417;100748;4093.8;10;10137100520;B
20240417;100748;4094;5;10137100521;B
20240417;100748;4094;1;10137100522;B
20240417;100748;4094;59;10137100523;B
20240417;100748;4094;4;10137100524;B
20240417;100748;4090.8;2;10137100525;S
20240417;100748;4093.2;2;10137100527;B
20240417;100748;4093.2;6;10137100529;B
20240417;100748;4091.4;1;10137100530;S
20240417;100748;4091.2;10;10137100533;S
20240417;100748;4091.2;2;10137100534;S
20240417;100748;4091.2;5;10137100536;S
20240417;100748;4091.2;1;10137100537;S
20240417;100748;4091.2;4;10137100538;S
20240417;100748;4091.2;1;10137100539;S
20240417;100748;4091.2;1;10137100542;S
20240417;100748;4091.4;1;10137100544;S
20240417;100748;4091.2;24;10137100545;S
20240417;100748;4091.2;2;10137100547;S
20240417;100748;4091.2;8;10137100548;S
20240417;100748;4091.6;1;10137100551;B
20240417;100748;4091.4;1;10137100553;S
20240417;100748;4091.4;1;10137100554;S
20240417;100749;4091;1;10137100566;S
20240417;100749;4090.4;1;10137100567;S
20240417;100749;4090.4;4;10137100618;S
20240417;100749;4090;10;10137100619;S
20240417;100749;4090;5;10137100620;S
20240417;100749;4090;31;10137100621;S
20240417;100749;4090.2;1;10137100632;S
20240417;100749;4090;1;10137100633;S
20240417;100749;4090;1;10137100636;S
20240417;100749;4091.6;2;10137100638;B
20240417;100749;4090.4;1;10137100640;S
20240417;100749;4090.2;6;10137100641;B
20240417;100749;4091;1;10137100654;B
20240417;100749;4091.6;3;10137100655;B
20240417;100749;4091;1;10137100683;B
20240417;100749;4091.2;49;10137100684;B
20240417;100749;4091;10;10137100691;S
20240417;100749;4091.2;5;10137100703;B
20240417;100749;4090.8;5;10137100709;S
20240417;100749;4090.6;1;10137100710;S
20240417;100749;4090.6;1;10137100711;S
20240417;100749;4090.4;1;10137100714;S
20240417;100749;4090.4;10;10137100721;S
20240417;100749;4090.6;50;10137100722;S
20240417;100749;4090.4;24;10137100723;S
20240417;100749;4090.6;1;10137100736;S
20240417;100749;4090.4;9;10137100737;S
20240417;100749;4090;1;10137100738;S
20240417;100749;4090;5;10137100739;S
20240417;100749;4090;5;10137100740;S
20240417;100749;4089.8;80;10137100741;S
20240417;100749;4089.8;10;10137100747;S
20240417;100750;4090.2;10;10137100785;S
20240417;100750;4089.8;492;10137100786;S
20240417;100750;4090.4;1;10137100796;B
20240417;100750;4089.8;10;10137100801;S
20240417;100750;4089.8;10;10137100802;S
20240417;100750;4090;1;10137100820;S
20240417;100750;4089.8;464;10137100821;S
20240417;100750;4089.8;184;10137100822;S
20240417;100750;4088.8;100;10137100823;S
20240417;100750;4090;14;10137100825;B
20240417;100750;4088.2;10;10137100852;S
20240417;100750;4089.8;5;10137100854;B
20240417;100750;4089.8;5;10137100855;B
20240417;100750;4088.2;4;10137100902;B
20240417;100750;4089.2;1;10137100903;B
20240417;100750;4087.6;10;10137100904;S
20240417;100750;4087.6;5;10137100910;S
20240417;100750;4087.6;2;10137100914;S
20240417;100751;4087.6;1;10137100992;S
20240417;100751;4087.6;1;10137101063;S
20240417;100751;4087.6;1;10137101064;S
20240417;100752;4087.6;1;10137101099;S
20240417;100753;4087.6;1;10137101493;S
20240417;100753;4087.6;36;10137101496;S
20240417;100753;4087.6;1;10137101497;S
20240417;100753;4087.6;1;10137101498;S
20240417;100753;4087.6;1;10137101499;S
20240417;100753;4087.6;1;10137101500;S
20240417;100753;4087.4;5;10137101501;S
20240417;100753;4086.6;1;10137101505;S
20240417;100754;4086.6;5;10137101580;S
20240417;100754;4087;1;10137101705;B
20240417;100755;4086.4;15;10137101798;S
20240417;100755;4086.4;37;10137101837;S
20240417;100755;4085.8;3;10137101847;S
20240417;100755;4085.8;2;10137101863;S
20240417;100755;4086;10;10137101867;B
20240417;100756;4085.2;17;10137101922;S
20240417;100756;4085.2;50;10137101923;S
20240417;100756;4085;178;10137101924;S
20240417;100756;4085;1;10137101943;S
20240417;100756;4085;10;10137101944;S
20240417;100756;4085;500;10137101989;S
20240417;100756;4085.4;5;10137101999;B
20240417;100757;4085;95;10137102009;S
20240417;100757;4085;380;10137102051;S
20240417;100757;4085;80;10137102052;S
20240417;100757;4085;50;10137102058;S
20240417;100757;4085;5;10137102059;S
20240417;100758;4085;510;10137102127;S
20240417;100758;4085;3;10137102128;S
20240417;100758;4085;100;10137102129;S
20240417;100758;4085;10;10137102130;S
20240417;100758;4085;77;10137102131;S
20240417;100758;4085;16;10137102133;S
20240417;100758;4085;3;10137102139;S
20240417;100758;4085;1;10137102167;S
20240417;100758;4085;10;10137102173;S
20240417;100758;4085;31;10137102242;S
20240417;100758;4085;10;10137102251;S
20240417;100759;4085;10;10137102284;S
20240417;100759;4085.2;1;10137102300;B
20240417;100759;4085.2;1;10137102301;B
20240417;100759;4085.2;1;10137102302;B
20240417;100759;4085.2;2;10137102303;B
20240417;100759;4085.2;1;10137102304;B
20240417;100759;4085.6;10;10137102305;B
20240417;100759;4085.8;1;10137102321;S
20240417;100759;4086;1;10137102328;B
20240417;100759;4085.8;48;10137102329;S
20240417;100759;4085;92;10137102330;S
20240417;100759;4085;1;10137102331;S
20240417;100759;4084.8;9;10137102332;S
20240417;100759;4086;2;10137102333;B
20240417;100759;4086;2;10137102334;B
20240417;100759;4084.8;10;10137102336;B
20240417;100759;4084.6;5;10137102341;S
20240417;100759;4084.6;10;10137102350;S
20240417;100759;4084.8;10;10137102373;B
20240417;100759;4084.8;10;10137102392;B
20240417;100800;4084.8;6;10137102431;B
20240417;100800;4084.8;4;10137102432;B
20240417;100800;4084.6;1;10137102440;S
20240417;100800;4084.8;1;10137102442;S
20240417;100800;4085;2;10137102511;S
20240417;100800;4085;2;10137102530;S
20240417;100801;4085.2;5;10137102539;B
20240417;100801;4085.2;5;10137102650;B
20240417;100801;4085.4;1;10137102651;B
20240417;100801;4085.6;1;10137102653;B
20240417;100801;4085.8;8;10137102654;B
20240417;100801;4085.8;1;10137102655;B
20240417;100801;4086;1;10137102666;B
20240417;100801;4086.2;5;10137102667;B
20240417;100801;4086.6;1;10137102668;B
20240417;100801;4086.6;50;10137102669;B
20240417;100801;4086.8;5;10137102670;B
20240417;100801;4087;4;10137102671;B
20240417;100801;4087.2;1;10137102678;B
20240417;100801;4085.2;1;10137102685;S
20240417;100802;4087.2;1;10137102743;B
20240417;100803;4087.8;10;10137102863;B
20240417;100803;4087.8;10;10137102864;B
20240417;100803;4088;5;10137102985;B
20240417;100803;4088;5;10137103027;B
20240417;100803;4088.2;1;10137103028;B
20240417;100803;4089.4;1;10137103056;B
20240417;100803;4089.4;10;10137103057;B
20240417;100803;4089.6;10;10137103058;B
20240417;100803;4089.8;50;10137103059;B
20240417;100803;4089.8;57;10137103060;B
20240417;100803;4089.8;372;10137103137;S
20240417;100803;4089.6;5;10137103143;B
20240417;100803;4089.6;45;10137103145;B
20240417;100803;4089.6;67;10137103146;B
20240417;100803;4089.8;138;10137103147;B
20240417;100804;4090;10;10137103162;B
20240417;100804;4090;5;10137103187;B
20240417;100804;4090;12;10137103191;B
20240417;100804;4090;8;10137103201;B
20240417;100804;4090;1;10137103202;B
20240417;100804;4090;41;10137103203;B
20240417;100804;4090;59;10137103211;B
20240417;100804;4090;4;10137103212;B
20240417;100804;4090;15;10137103213;B
20240417;100804;4090;38;10137103214;B
20240417;100804;4090;1;10137103215;B
20240417;100804;4091.4;8;10137103216;B
20240417;100804;4089.8;2;10137103246;B
20240417;100804;4091.2;37;10137103247;B
20240417;100804;4090.6;1;10137103255;S
20240417;100804;4090.6;1;10137103258;S
20240417;100804;4091;2;10137103262;S
20240417;100804;4091;37;10137103276;S
20240417;100804;4091.2;10;10137103295;S
20240417;100804;4091;15;10137103296;S
20240417;100805;4091.4;30;10137103313;B
20240417;100805;4091.4;12;10137103316;B
20240417;100805;4091.4;50;10137103317;B
20240417;100805;4092;15;10137103318;B
20240417;100805;4092;7;10137103319;B
20240417;100805;4092;1;10137103320;B
20240417;100805;4092;5;10137103321;B
20240417;100805;4092.4;1;10137103322;B
20240417;100805;4092.8;38;10137103323;B
20240417;100805;4093;100;10137103324;B
20240417;100805;4093;1;10137103325;B
20240417;100805;4093.4;50;10137103326;B
20240417;100805;4093.8;2;10137103327;B
20240417;100805;4093.8;150;10137103328;B
20240417;100805;4093.8;13;10137103329;S
20240417;100805;4093.8;3;10137103333;S
20240417;100805;4093.8;1;10137103341;S
20240417;100805;4094;13;10137103346;B
20240417;100805;4094;44;10137103377;B
20240417;100805;4094;6;10137103378;B
20240417;100805;4094;5;10137103379;B
20240417;100805;4094;1;10137103380;B
20240417;100805;4094;54;10137103381;B
20240417;100805;4093.8;25;10137103394;S
20240417;100805;4094;16;10137103427;B
20240417;100805;4094;30;10137103428;B
20240417;100805;4094;20;10137103429;B
20240417;100806;4094;1;10137103449;B
20240417;100806;4093.8;1;10137103466;S
20240417;100806;4094;125;10137103473;B
20240417;100806;4093.8;5;10137103489;S
20240417;100806;4094;8;10137103492;B
20240417;100806;4093.8;20;10137103493;S
20240417;100806;4093.8;4;10137103494;S
20240417;100806;4093.8;3;10137103495;S
20240417;100806;4093.4;17;10137103496;S
20240417;100806;4093.2;5;10137103497;S
20240417;100806;4092.6;5;10137103498;S
20240417;100806;4092.6;26;10137103499;S
20240417;100806;4093.6;5;10137103627;B
20240417;100806;4093.8;20;10137103628;B
20240417;100807;4093.4;5;10137103660;B
20240417;100807;4093.4;25;10137103661;B
20240417;100807;4093.8;30;10137103662;B
20240417;100807;4093.8;19;10137103663;B
20240417;100807;4094;21;10137103664;B
20240417;100807;4093.2;1;10137103775;B
20240417;100807;4092.8;5;10137103892;B
20240417;100808;4092.4;5;10137103903;S
20240417;100808;4092.4;5;10137103904;S
20240417;100808;4092.2;10;10137104037;B
20240417;100808;4092.4;3;10137104038;B
20240417;100809;4091.6;2;10137104098;S
20240417;100809;4091.6;5;10137104136;S
20240417;100809;4091.6;2;10137104140;S
20240417;100809;4091.8;7;10137104149;B
20240417;100809;4091.6;1;10137104173;S
20240417;100809;4091.4;4;10137104174;S
20240417;100809;4091.4;25;10137104224;S
20240417;100809;4091.4;21;10137104228;S
20240417;100809;4091.2;1;10137104229;S
20240417;100809;4090.2;5;10137104230;S
20240417;100809;4090;5;10137104231;S
20240417;100809;4089.8;18;10137104232;S
20240417;100810;4089.8;30;10137104308;S
20240417;100810;4089.6;24;10137104309;S
20240417;100810;4089.6;1;10137104311;S
20240417;100810;4090;25;10137104360;B
20240417;100810;4090;1;10137104361;B
20240417;100810;4090.4;125;10137104362;B
20240417;100810;4090.8;2;10137104363;B
20240417;100810;4091.2;25;10137104364;B
20240417;100810;4091.4;50;10137104365;B
20240417;100810;4091.4;10;10137104366;B
20240417;100810;4091.6;5;10137104367;B
20240417;100810;4091.6;38;10137104368;B
20240417;100810;4091.6;50;10137104369;B
20240417;100810;4091.8;50;10137104370;B
20240417;100810;4091.8;1;10137104371;B
20240417;100810;4091.8;1;10137104372;B
20240417;100810;4092;1;10137104373;B
20240417;100810;4092.2;12;10137104374;B
20240417;100810;4092.2;31;10137104375;B
20240417;100810;4092.4;72;10137104376;B
20240417;100810;4090.2;25;10137104397;B
20240417;100811;4092;5;10137104440;B
20240417;100811;4092;5;10137104443;B
20240417;100811;4092.2;50;10137104444;B
20240417;100811;4092.2;5;10137104445;B
20240417;100811;4092.2;35;10137104446;B
20240417;100811;4092.4;9;10137104447;B
20240417;100811;4089.8;5;10137104448;S
20240417;100811;4089.8;10;10137104472;S
20240417;100811;4089.8;11;10137104473;S
20240417;100811;4089.8;50;10137104474;S
20240417;100811;4089.6;10;10137104475;S
20240417;100811;4089.6;169;10137104476;S
20240417;100812;4089.8;38;10137104682;S
20240417;100812;4089.8;12;10137104683;S
20240417;100813;4089.8;38;10137104772;S
20240417;100813;4089.6;6;10137104773;S
20240417;100813;4089.6;5;10137104774;S
20240417;100813;4089.6;1;10137104775;S
20240417;100813;4089.6;5;10137104776;S
20240417;100813;4089;38;10137104777;S
20240417;100813;4088.2;5;10137104778;S
20240417;100813;4088;13;10137104779;S
20240417;100813;4087.8;50;10137104780;S
20240417;100813;4087.8;50;10137104781;S
20240417;100813;4087.6;60;10137104782;S
20240417;100813;4087;16;10137104783;S
20240417;100813;4086.8;1;10137104784;S
20240417;100813;4086.8;50;10137104785;S
20240417;100813;4086.6;5;10137104786;S
20240417;100813;4086.4;150;10137104787;S
20240417;100813;4086;21;10137104788;S
20240417;100813;4085.8;20;10137104789;S
20240417;100813;4085.4;5;10137104790;S
20240417;100813;4085.2;178;10137104791;S
20240417;100813;4085;100;10137104792;S
20240417;100813;4085;50;10137104793;S
20240417;100813;4085;133;10137104794;S
20240417;100814;4087.4;5;10137104859;S
20240417;100814;4086.8;22;10137104860;S
20240417;100814;4088.8;5;10137104912;B
20240417;100814;4089;15;10137104913;B
20240417;100814;4088.4;1;10137104922;B
20240417;100814;4089;3;10137104923;B
20240417;100814;4089.4;5;10137104924;B
20240417;100814;4089.6;50;10137104925;B
20240417;100814;4090;41;10137104926;B
20240417;100814;4089.2;2;10137104941;B
20240417;100814;4090;1;10137104942;B
20240417;100815;4088.2;2;10137104978;B
20240417;100815;4089.6;98;10137104979;B
20240417;100815;4088.2;1;10137104992;B
20240417;100815;4089.6;99;10137104993;B
20240417;100815;4088;1;10137104998;S
20240417;100815;4087.8;49;10137104999;S
20240417;100815;4089.4;50;10137105013;B
20240417;100815;4089.6;100;10137105039;B
20240417;100815;4089.6;100;10137105040;B
20240417;100815;4089.6;100;10137105042;B
20240417;100815;4089.6;3;10137105043;B
20240417;100815;4090;1;10137105044;B
20240417;100815;4090.4;50;10137105045;B
20240417;100815;4090.6;10;10137105046;B
20240417;100815;4090.8;10;10137105047;B
20240417;100815;4091.2;26;10137105048;B
20240417;100816;4089.2;25;10137105103;B
20240417;100816;4089.4;50;10137105104;B
20240417;100816;4091.4;33;10137105105;B
20240417;100816;4091.2;50;10137105167;B
20240417;100816;4091.6;1;10137105168;B
20240417;100816;4091.6;1;10137105169;B
20240417;100816;4091.8;10;10137105170;B
20240417;100816;4091.8;18;10137105171;B
20240417;100816;4089.8;5;10137105260;S
20240417;100817;4090.2;5;10137105312;S
20240417;100817;4089.8;5;10137105313;S
20240417;100817;4089.8;5;10137105314;S
20240417;100817;4089.8;6;10137105315;S
20240417;100817;4089.6;50;10137105316;S
20240417;100817;4089.4;29;10137105317;S
20240417;100817;4090.8;5;10137105410;S
20240417;100817;4089.2;5;10137105411;S
20240417;100817;4089;10;10137105412;S
20240417;100817;4089;3;10137105413;S
20240417;100817;4088.6;27;10137105414;S
20240417;100817;4090.6;3;10137105461;B
20240417;100818;4089.4;1;10137105645;B
20240417;100818;4089.6;2;10137105646;B
20240417;100818;4089.4;20;10137105670;S
20240417;100819;4089.4;5;10137105796;B
20240417;100819;4089.6;5;10137105797;B
20240417;100819;4089.4;1;10137105886;B
20240417;100819;4089.6;3;10137105887;B
20240417;100819;4089.6;1;10137105888;B
20240417;100819;4089.8;50;10137105889;B
20240417;100819;4090;45;10137105890;B
20240417;100820;4090;10;10137105940;B
20240417;100820;4089.8;49;10137105981;B
20240417;100820;4090;45;10137105982;B
20240417;100820;4090;50;10137105983;B
20240417;100820;4090;12;10137105988;S
20240417;100821;4090;50;10137106047;S
20240417;100822;4090;40;10137106211;S
20240417;100823;4090;1;10137106327;S
20240417;100823;4090.2;1;10137106330;B
20240417;100823;4090.2;2;10137106350;B
20240417;100824;4090;3;10137106486;S
20240417;100824;4090;5;10137106487;S
20240417;100824;4090;1;10137106497;S
20240417;100824;4090.2;1;10137106499;B
20240417;100824;4090;5;10137106507;S
20240417;100825;4090;9;10137106512;S
20240417;100825;4089;1;10137106513;S
20240417;100825;4089;2;10137106514;S
20240417;100825;4089;14;10137106515;S
20240417;100825;4088.8;24;10137106516;S
20240417;100825;4090;3;10137106551;S
20240417;100826;4089.4;5;10137106701;B
20240417;100826;4089.6;100;10137106702;B
20240417;100826;4089.6;20;10137106703;B
20240417;100826;4089.2;1;10137106740;B
20240417;100827;4088.8;26;10137106868;S
20240417;100827;4088.6;38;10137106869;S
20240417;100827;4088.6;14;10137106870;S
20240417;100827;4088.4;47;10137106871;S
20240417;100827;4088.8;14;10137106872;B
20240417;100827;4089;5;10137106873;B
20240417;100827;4089;20;10137106874;B
20240417;100827;4089.2;10;10137106875;B
20240417;100827;4089.2;51;10137106876;B
20240417;100827;4089.2;2;10137106888;B
20240417;100827;4088.6;50;10137106915;S
20240417;100827;4089.2;100;10137106952;B
20240417;100828;4088.8;1;10137106976;S
20240417;100828;4089;1;10137106982;S
20240417;100829;4089;10;10137107166;B
20240417;100829;4089;50;10137107167;B
20240417;100829;4089.2;47;10137107168;B
20240417;100829;4089.4;14;10137107169;B
20240417;100829;4089.6;5;10137107170;B
20240417;100829;4089.8;1;10137107171;B
20240417;100829;4089.8;5;10137107172;B
20240417;100829;4090;5;10137107173;B
20240417;100829;4090;1;10137107174;B
20240417;100829;4090;37;10137107175;B
20240417;100829;4090;13;10137107228;B
20240417;100829;4090;1;10137107229;B
20240417;100829;4090;25;10137107230;B
20240417;100829;4090;100;10137107231;B
20240417;100829;4090;4;10137107232;B
20240417;100829;4090;1;10137107233;B
20240417;100829;4090;2;10137107234;B
20240417;100829;4089.8;200;10137107322;B
20240417;100829;4090;8;10137107334;B
20240417;100829;4090;2;10137107335;B
20240417;100830;4089.2;1;10137107395;S
20240417;100830;4088.8;14;10137107396;S
20240417;100830;4088.6;2;10137107397;S
20240417;100830;4088.6;15;10137107398;S
20240417;100830;4088.6;50;10137107399;S
20240417;100830;4088.4;25;10137107400;S
20240417;100831;4089;25;10137107515;S
20240417;100831;4089;2;10137107516;S
20240417;100831;4088.6;32;10137107517;S
20240417;100831;4088.6;1;10137107518;S
20240417;100831;4088.6;50;10137107546;S
20240417;100831;4089.2;1;10137107608;S
20240417;100831;4089.2;2;10137107609;S
20240417;100832;4089.8;14;10137107623;B
20240417;100832;4089.8;50;10137107624;B
20240417;100832;4090;3;10137107625;B
20240417;100832;4090;48;10137107626;B
20240417;100832;4090;10;10137107695;B
20240417;100832;4089.4;2;10137107742;B
20240417;100833;4089.2;1;10137107748;S
20240417;100833;4089.4;1;10137107774;B
20240417;100834;4089.2;15;10137107944;S
20240417;100834;4089.4;10;10137107989;B
20240417;100834;4089.4;5;10137108020;B
20240417;100835;4089.2;2;10137108069;S
20240417;100835;4089.2;14;10137108115;B
20240417;100835;4089.2;10;10137108116;B
20240417;100835;4089.2;1;10137108117;B
20240417;100835;4089;10;10137108149;B
20240417;100836;4088.6;27;10137108181;S
20240417;100836;4088.4;247;10137108182;S
20240417;100836;4089;1;10137108305;B
20240417;100836;4089;39;10137108318;B
20240417;100836;4089;31;10137108319;B
20240417;100837;4088.6;1;10137108355;S
20240417;100837;4088.4;9;10137108356;S
20240417;100837;4089;69;10137108364;B
20240417;100837;4089;1;10137108365;B
20240417;100837;4088.6;14;10137108373;S
20240417;100837;4088.4;1;10137108374;S
20240417;100838;4088.4;2;10137108572;B
20240417;100838;4088.2;1;10137108576;S
20240417;100838;4088.2;2;10137108577;S
20240417;100838;4088;38;10137108578;S
20240417;100838;4088;4;10137108579;S
20240417;100838;4087.8;35;10137108589;B
20240417;100838;4087.8;50;10137108590;B
20240417;100838;4088;15;10137108591;B
20240417;100839;4087.6;200;10137108695;S
20240417;100839;4087.6;18;10137108707;S
20240417;100839;4086.8;1;10137108784;S
20240417;100839;4086.8;1;10137108790;S
20240417;100839;4086.6;1;10137108819;S
20240417;100839;4086.4;4;10137108820;S
20240417;100839;4086.4;10;10137108826;S
20240417;100840;4086.4;6;10137108836;S
20240417;100840;4086.4;4;10137108837;S
20240417;100840;4086.6;7;10137108848;B
20240417;100840;4086.8;124;10137108849;B
20240417;100840;4086.8;10;10137108850;B
20240417;100840;4086.8;96;10137108851;B
20240417;100840;4086.4;34;10137108885;S
20240417;100840;4086;1;10137108918;S
20240417;100840;4085.6;14;10137108919;S
20240417;100840;4085.6;10;10137108946;B
20240417;100841;4085.2;25;10137109015;S
20240417;100841;4085;9;10137109016;S
20240417;100841;4085;2;10137109017;S
20240417;100841;4085;50;10137109018;S
20240417;100841;4085;14;10137109019;S
20240417;100841;4084.4;50;10137109020;S
20240417;100841;4084.4;38;10137109021;S
20240417;100841;4084.2;5;10137109022;S
20240417;100841;4084.2;7;10137109023;S
20240417;100841;4084.2;5;10137109024;S
20240417;100841;4084.2;45;10137109025;B
20240417;100841;4085.4;5;10137109077;B
20240417;100841;4085.6;16;10137109078;B
20240417;100841;4085.4;1;10137109122;B
20240417;100841;4086.4;16;10137109141;B
20240417;100841;4086.8;10;10137109142;B
20240417;100841;4087;14;10137109143;B
20240417;100841;4087.6;10;10137109144;B
20240417;100842;4087.2;1;10137109368;B
20240417;100842;4087.4;16;10137109369;B
20240417;100842;4087.4;3;10137109370;B
20240417;100843;4086.6;1;10137109432;B
20240417;100843;4087.2;124;10137109433;B
20240417;100843;4086;3;10137109435;S
20240417;100844;4086;2;10137109604;S
20240417;100845;4086.6;25;10137109738;B
20240417;100845;4087;14;10137109739;B
20240417;100845;4087.2;85;10137109740;B
20240417;100845;4087.4;41;10137109741;B
20240417;100845;4087.6;172;10137109742;B
20240417;100845;4087.8;10;10137109743;B
20240417;100845;4088;38;10137109744;B
20240417;100845;4088.4;1;10137109745;B
20240417;100845;4088.8;50;10137109746;B
20240417;100845;4089;9;10137109747;B
20240417;100845;4089;150;10137109748;B
20240417;100845;4089;10;10137109749;B
20240417;100845;4089;16;10137109750;B
20240417;100845;4089.2;4;10137109751;B
20240417;100845;4089.8;150;10137109752;B
20240417;100845;4090;42;10137109753;B
20240417;100845;4090;1;10137109754;B
20240417;100845;4090;1;10137109755;B
20240417;100845;4090;9;10137109756;B
20240417;100845;4090;2;10137109757;B
20240417;100845;4090;5;10137109758;B
20240417;100845;4090;18;10137109759;B
20240417;100845;4090;100;10137109760;B
20240417;100845;4090;1;10137109761;B
20240417;100845;4090.2;10;10137109762;B
20240417;100845;4090.2;17;10137109763;B
20240417;100845;4090.2;2;10137109764;B
20240417;100845;4090.2;25;10137109765;B
20240417;100845;4090.2;2;10137109766;B
20240417;100845;4090.2;50;10137109767;B
20240417;100845;4090.4;1;10137109768;B
20240417;100845;4090.6;5;10137109769;B
20240417;100845;4090.6;2;10137109770;B
20240417;100845;4090.8;46;10137109771;B
20240417;100845;4091;25;10137109772;B
20240417;100845;4091;100;10137109773;B
20240417;100845;4091.4;50;10137109774;B
20240417;100845;4091.6;2;10137109775;B
20240417;100845;4091.6;37;10137109776;B
20240417;100845;4091.8;5;10137109777;B
20240417;100845;4091.8;127;10137109778;B
20240417;100845;4092;15;10137109779;B
20240417;100845;4092;1;10137109780;B
20240417;100845;4092;1;10137109781;B
20240417;100845;4092;5;10137109782;B
20240417;100845;4092;3;10137109783;B
20240417;100845;4092;1;10137109784;B
20240417;100845;4092;10;10137109785;B
20240417;100845;4092;65;10137109786;B
20240417;100845;4092;60;10137109787;B
20240417;100845;4092.2;46;10137109788;B
20240417;100845;4092.2;3;10137109789;B
20240417;100845;4092.4;54;10137109790;B
20240417;100845;4092.4;50;10137109791;B
20240417;100845;4092.8;1;10137109792;B
20240417;100845;4092.8;200;10137109793;B
20240417;100845;4093;1;10137109794;B
20240417;100845;4093;25;10137109795;B
20240417;100845;4093;400;10137109796;B
20240417;100845;4093.2;1;10137109797;B
20240417;100845;4093.2;50;10137109798;B
20240417;100845;4093.4;10;10137109799;B
20240417;100845;4093.4;2;10137109800;B
20240417;100845;4093.4;5;10137109801;B
20240417;100845;4093.4;10;10137109802;B
20240417;100845;4093.6;1;10137109803;B
20240417;100845;4093.6;2;10137109804;B
20240417;100845;4093.6;18;10137109805;B
20240417;100845;4090.8;1;10137109837;B
20240417;100845;4090;14;10137109860;S
20240417;100845;4089.8;6;10137109861;S
20240417;100845;4090.2;1;10137109896;S
20240417;100846;4090.4;30;10137110003;S
20240417;100846;4090.2;14;10137110004;S
20240417;100846;4089.6;5;10137110005;S
20240417;100846;4089.4;19;10137110006;S
20240417;100846;4089.2;16;10137110007;S
20240417;100846;4089.2;134;10137110008;S
20240417;100846;4089;50;10137110009;S
20240417;100846;4088.8;20;10137110025;B
20240417;100846;4088.8;8;10137110038;B
20240417;100847;4088.8;1;10137110081;B
20240417;100847;4088.8;22;10137110122;B
20240417;100847;4088.8;12;10137110153;B
20240417;100847;4088.8;101;10137110182;B
20240417;100847;4088.8;188;10137110183;B
20240417;100847;4090;10;10137110214;B
20240417;100848;4090.4;1;10137110343;B
20240417;100848;4091.4;5;10137110344;B
20240417;100848;4091.4;14;10137110345;B
20240417;100848;4091.6;5;10137110346;B
20240417;100848;4091.6;38;10137110347;B
20240417;100848;4091.8;5;10137110348;B
20240417;100848;4093.2;5;10137110349;B
20240417;100848;4093.2;13;10137110350;B
20240417;100848;4093.2;1;10137110351;B
20240417;100848;4093.4;50;10137110352;B
20240417;100848;4093.8;34;10137110353;B
20240417;100848;4093.8;16;10137110354;B
20240417;100848;4094;73;10137110355;B
20240417;100848;4094;100;10137110356;B
20240417;100848;4094;1;10137110357;B
20240417;100848;4094;1;10137110358;B
20240417;100848;4094;1;10137110359;B
20240417;100848;4094;50;10137110360;B
20240417;100848;4094;80;10137110361;B
20240417;100848;4094.4;7;10137110362;B
20240417;100849;4092.8;38;10137110481;B
20240417;100849;4093;14;10137110482;B
20240417;100849;4094.2;295;10137110483;B
20240417;100849;4094.4;153;10137110484;B
20240417;100849;4092.6;26;10137110523;S
20240417;100849;4092.4;14;10137110524;S
20240417;100849;4092.4;20;10137110525;S
20240417;100849;4092.2;5;10137110526;S
20240417;100849;4092;10;10137110527;S
20240417;100849;4091.8;50;10137110528;S
20240417;100849;4091.8;186;10137110529;S
20240417;100849;4091.6;10;10137110530;S
20240417;100849;4091.6;100;10137110531;S
20240417;100849;4090.8;235;10137110532;S
20240417;100849;4090.8;38;10137110533;S
20240417;100849;4090.4;1;10137110534;S
20240417;100849;4090.2;50;10137110535;S
20240417;100850;4089.8;35;10137110556;B
20240417;100850;4089.8;15;10137110557;B
20240417;100850;4089.8;1;10137110563;B
20240417;100850;4089.6;1;10137110572;S
20240417;100850;4089.8;10;10137110576;B
20240417;100851;4089.6;14;10137110857;B
20240417;100851;4089.6;20;10137110858;B
20240417;100851;4089.8;5;10137110859;B
20240417;100851;4089.8;28;10137110860;B
20240417;100851;4089.8;1;10137110861;B
20240417;100851;4089.8;50;10137110862;B
20240417;100851;4090;82;10137110863;B
20240417;100851;4089.6;1;10137110874;B
20240417;100851;4089.4;1;10137110876;S
20240417;100852;4089.6;15;10137110893;B
20240417;100852;4089.6;5;10137110894;B
20240417;100852;4089.6;1;10137110919;B
20240417;100852;4089.8;23;10137110920;B
20240417;100852;4089.6;1;10137111000;B
20240417;100852;4089.6;29;10137111001;B
20240417;100852;4089.6;3;10137111010;B
20240417;100852;4089.6;29;10137111012;B
20240417;100852;4089.6;8;10137111039;B
20240417;100853;4089.6;10;10137111054;B
20240417;100853;4089.6;167;10137111090;B
20240417;100853;4089.6;10;10137111091;B
20240417;100853;4089.8;14;10137111092;B
20240417;100853;4089.8;5;10137111093;B
20240417;100853;4090;304;10137111094;B
20240417;100853;4090;10;10137111095;B
20240417;100854;4089.8;13;10137111263;B
20240417;100854;4090;42;10137111264;B
20240417;100854;4089.8;1;10137111294;B
20240417;100854;4090;452;10137111330;B
20240417;100854;4090;14;10137111331;B
20240417;100854;4090;134;10137111332;B
20240417;100854;4090;80;10137111333;B
20240417;100854;4090;13;10137111350;B
20240417;100855;4090;4;10137111363;B
20240417;100855;4090;3;10137111390;B
20240417;100855;4090;14;10137111391;B
20240417;100855;4090;3;10137111392;B
20240417;100855;4090;1;10137111398;B
20240417;100855;4090;100;10137111416;B
20240417;100855;4090;120;10137111421;B
20240417;100855;4090;141;10137111422;B
20240417;100855;4090;46;10137111425;B
20240417;100855;4090;30;10137111428;B
20240417;100855;4090;5;10137111431;B
20240417;100855;4090;1;10137111433;B
20240417;100855;4090;1;10137111434;B
20240417;100855;4090;1;10137111435;B
20240417;100855;4090;125;10137111447;B
20240417;100855;4090;29;10137111448;B
20240417;100856;4091.2;1;10137111531;B
20240417;100856;4091.2;1;10137111537;B
20240417;100856;4091.2;1;10137111539;B
20240417;100856;4091.2;24;10137111555;B
20240417;100857;4091.2;2;10137111580;B
20240417;100857;4091;1;10137111618;S
20240417;100857;4090.8;1;10137111619;S
20240417;100857;4090.6;16;10137111620;S
20240417;100857;4090.2;15;10137111621;S
20240417;100857;4090;13;10137111622;S
20240417;100857;4090;20;10137111623;S
20240417;100857;4090;20;10137111624;S
20240417;100857;4089.8;38;10137111625;S
20240417;100857;4089.6;20;10137111626;S
20240417;100857;4089.6;20;10137111627;S
20240417;100857;4089.6;20;10137111628;S
20240417;100857;4089.6;5;10137111629;S
20240417;100857;4089.4;4;10137111630;S
20240417;100857;4089.4;50;10137111631;S
20240417;100857;4088.6;16;10137111632;S
20240417;100857;4088.4;50;10137111633;S
20240417;100858;4089.4;3;10137111767;S
20240417;100858;4089;7;10137111768;S
20240417;100858;4090.6;5;10137111833;B
20240417;100858;4090.8;5;10137111834;B
20240417;100858;4091;5;10137111835;B
20240417;100858;4091;1;10137111836;B
20240417;100858;4091.2;47;10137111837;B
20240417;100859;4089;1;10137111892;S
20240417;100900;4090.8;1;10137112053;B
20240417;100901;4090;3;10137112137;S
20240417;100901;4089.8;13;10137112138;S
20240417;100901;4089.6;4;10137112139;S
20240417;100901;4091;2;10137112151;B
20240417;100902;4091;5;10137112276;B
20240417;100902;4091.2;15;10137112277;B
20240417;100903;4090.6;1;10137112332;S
20240417;100907;4090;1;10137112822;S
20240417;100907;4090;4;10137112823;S
20240417;100908;4090.8;2;10137112929;B
20240417;100909;4090.8;8;10137113071;B
20240417;100909;4090.8;29;10137113072;B
20240417;100909;4090.8;4;10137113073;B
20240417;100909;4090.6;2;10137113112;B
20240417;100911;4090.6;8;10137113284;B
20240417;100911;4090.6;5;10137113285;B
20240417;100911;4090.8;44;10137113286;B
20240417;100911;4090.8;10;10137113287;B
20240417;100911;4091;1;10137113288;B
20240417;100911;4091;20;10137113289;B
20240417;100911;4091;5;10137113290;B
20240417;100911;4091;1;10137113291;B
20240417;100911;4091.2;20;10137113292;B
20240417;100911;4090.2;1;10137113332;S
20240417;100912;4090.6;5;10137113503;B
20240417;100912;4091;10;10137113539;B
20240417;100912;4091.2;39;10137113540;B
20240417;100912;4091.2;5;10137113541;B
20240417;100912;4091.2;20;10137113542;B
20240417;100912;4091.8;2;10137113543;B
20240417;100912;4091.8;3;10137113544;B
20240417;100912;4092;10;10137113545;B
20240417;100912;4092;5;10137113546;B
20240417;100912;4092;1;10137113547;B
20240417;100912;4092;1;10137113548;B
20240417;100912;4092;1;10137113549;B
20240417;100912;4092.6;3;10137113550;B
20240417;100913;4090.6;25;10137113650;S
20240417;100913;4090.8;2;10137113714;S
20240417;100914;4090.8;3;10137113744;S
20240417;100914;4091;10;10137113758;B
20240417;100914;4091;48;10137113803;B
20240417;100915;4091.8;1;10137113990;B
20240417;100915;4091.8;24;10137114005;B
20240417;100917;4091.6;1;10137114312;S
20240417;100918;4091.6;1;10137114409;S
20240417;100918;4091.8;1;10137114433;B
20240417;100919;4091.6;5;10137114550;S
20240417;100919;4091.8;1;10137114617;B
20240417;100919;4091.8;1;10137114618;B
20240417;100920;4092;1;10137114632;B
20240417;100920;4092;1;10137114633;B
20240417;100920;4091.6;2;10137114642;S
20240417;100921;4091.6;1;10137114845;S
20240417;100922;4091.6;1;10137114923;S
20240417;100922;4091.8;1;10137114950;B
20240417;100923;4091.6;5;10137115033;B
20240417;100923;4091.6;5;10137115034;B
20240417;100923;4091.6;1;10137115043;B
20240417;100923;4091.6;9;10137115082;B
20240417;100923;4091.6;10;10137115087;S
20240417;100924;4091.6;1;10137115172;S
20240417;100924;4091.6;4;10137115173;B
20240417;100924;4091.8;16;10137115174;B
20240417;100925;4091.4;1;10137115366;S
20240417;100925;4091.2;2;10137115401;S
20240417;100926;4090.8;2;10137115436;S
20240417;100926;4090.8;8;10137115437;S
20240417;100926;4091;17;10137115493;B
20240417;100926;4091;100;10137115494;B
20240417;100926;4091;12;10137115495;B
20240417;100926;4091;83;10137115496;B
20240417;100926;4091.6;1;10137115497;B
20240417;100926;4091.8;83;10137115498;B
20240417;100926;4091.8;5;10137115499;B
20240417;100926;4091.8;100;10137115500;B
20240417;100926;4092;7;10137115501;B
20240417;100926;4092;1;10137115502;B
20240417;100926;4092;1;10137115503;B
20240417;100926;4092;2;10137115504;B
20240417;100926;4092;25;10137115505;B
20240417;100926;4092.4;20;10137115506;B
20240417;100926;4092.4;38;10137115507;B
20240417;100926;4092.6;22;10137115508;B
20240417;100926;4092.6;20;10137115509;B
20240417;100926;4092.8;5;10137115510;B
20240417;100926;4092.8;50;10137115511;B
20240417;100926;4093;25;10137115512;B
20240417;100926;4093.4;5;10137115513;B
20240417;100926;4093.4;3;10137115514;B
20240417;100926;4093.8;10;10137115515;B
20240417;100926;4094;4;10137115516;B
20240417;100926;4094;5;10137115517;B
20240417;100926;4094.2;50;10137115518;B
20240417;100926;4094.2;23;10137115519;B
20240417;100926;4094.4;130;10137115520;B
20240417;100926;4094.4;50;10137115521;B
20240417;100926;4094.6;50;10137115522;B
20240417;100926;4094.6;1;10137115523;B
20240417;100926;4094.6;28;10137115524;B
20240417;100926;4094.6;2;10137115525;B
20240417;100926;4094.6;1;10137115526;B
20240417;100926;4094.8;1000;10137115527;B
20240417;100926;4094.8;4;10137115528;B
20240417;100926;4094.8;10;10137115529;B
20240417;100926;4094.8;7;10137115530;B
20240417;100926;4092;20;10137115579;S
20240417;100927;4091;11;10137115633;S
20240417;100927;4091;5;10137115634;S
20240417;100927;4091;34;10137115635;S
20240417;100927;4090.8;2;10137115636;S
20240417;100927;4090.8;50;10137115637;S
20240417;100927;4090.6;48;10137115638;S
20240417;100928;4091.8;3;10137115834;S
20240417;100928;4092;1;10137115885;B
20240417;100928;4093;2;10137115886;B
20240417;100928;4093;8;10137115909;B
20240417;100928;4093.2;5;10137115910;B
20240417;100928;4093.2;37;10137115911;B
20240417;100929;4092;6;10137116023;S
20240417;100929;4091.8;83;10137116024;S
20240417;100929;4091.8;11;10137116025;S
20240417;100929;4091.8;5;10137116063;S
20240417;100930;4092;1;10137116141;S
20240417;100931;4090.8;71;10137116178;B
20240417;100931;4091;429;10137116179;B
20240417;100931;4090.6;74;10137116204;S
20240417;100931;4090.4;46;10137116205;S
20240417;100931;4090.8;2;10137116209;B
20240417;100931;4090.4;4;10137116210;S
20240417;100931;4090.4;1;10137116211;S
20240417;100931;4090.8;3;10137116215;B
20240417;100931;4090.8;12;10137116216;B
20240417;100931;4090.8;20;10137116217;B
20240417;100931;4090;5;10137116249;S
20240417;100932;4090;1;10137116345;S
20240417;100932;4090;50;10137116346;S
20240417;100932;4090;3;10137116352;S
20240417;100932;4090.2;5;10137116361;B
20240417;100932;4090.4;20;10137116362;B
20240417;100932;4090.6;10;10137116363;B
20240417;100932;4090.6;20;10137116364;B
20240417;100932;4090.6;13;10137116365;B
20240417;100932;4090.8;2;10137116366;B
20240417;100932;4090.8;32;10137116367;B
20240417;100932;4091;583;10137116368;B
20240417;100932;4090.2;16;10137116369;S
20240417;100932;4090;6;10137116439;S
20240417;100932;4090;90;10137116440;S
20240417;100932;4090;50;10137116441;S
20240417;100932;4090;14;10137116442;S
20240417;100932;4090.2;2;10137116514;B
20240417;100932;4090.2;2;10137116536;B
20240417;100933;4090.2;1;10137116651;B
20240417;100933;4090;86;10137116666;S
20240417;100933;4089.8;5;10137116667;S
