<DATE>;<TIME>;<LAST>;<VOL>;<ID>;<OPER>
20240408;095935;4010.8;1000;10058897517;S
20240408;095935;4010.8;3;10058897518;S
20240408;095935;4010.8;24;10058897519;S
20240408;095935;4010.8;8;10058897520;B
20240408;095935;4010.8;1;10058897521;B
20240408;095935;4010.8;35;10058897522;B
20240408;095935;4010.8;1;10058897523;B
20240408;095935;4010.8;1;10058897524;B
20240408;095935;4010.8;2;10058897525;B
20240408;095935;4010.8;5;10058897526;B
20240408;095935;4010.8;1;10058897527;B
20240408;095935;4010.8;1;10058897528;B
20240408;095935;4010.8;3;10058897529;B
20240408;095935;4010.8;2;10058897530;B
20240408;095935;4010.8;7;10058897531;B
20240408;095935;4010.8;5;10058897532;B
20240408;095935;4010.8;3;10058897533;B
20240408;095935;4010.8;18;10058897534;B
20240408;095935;4010.8;3;10058897535;B
20240408;095935;4010.8;1;10058897536;B
20240408;095935;4010.8;1;10058897537;B
20240408;095935;4010.8;3;10058897538;B
20240408;095935;4010.8;7;10058897539;B
20240408;095935;4010.8;2;10058897540;S
20240408;095935;4010.8;1;10058897541;S
20240408;095935;4010.8;3;10058897542;S
20240408;095935;4010.8;1;10058897543;S
20240408;095935;4010.8;2;10058897544;S
20240408;095935;4010.8;1;10058897545;S
20240408;095935;4010.8;20;10058897546;S
20240408;095935;4010.8;28;10058897547;S
20240408;095935;4010.8;1;10058897548;S
20240408;095935;4010.8;4;10058897549;B
20240408;095935;4010.8;2;10058897550;B
20240408;095935;4010.8;1;10058897551;B
20240408;095935;4010.8;7;10058897552;B
20240408;095935;4010.8;1;10058897553;B
20240408;095935;4010.8;5;10058897554;B
20240408;095935;4010.8;1;10058897555;B
20240408;095935;4010.8;1;10058897556;B
20240408;095935;4010.8;2;10058897557;B
20240408;095935;4010.8;1;10058897558;B
20240408;095935;4010.8;6;10058897559;B
20240408;095935;4010.8;5;10058897560;B
20240408;095935;4010.8;10;10058897561;B
20240408;095935;4010.8;10;10058897562;B
20240408;095935;4010.8;1;10058897563;B
20240408;095935;4010.8;500;10058897564;B
20240408;095935;4010.8;8;10058897565;B
20240408;095935;4010.8;5;10058897566;B
20240408;095935;4010.8;1;10058897567;B
20240408;095935;4010.8;5;10058897568;S
20240408;095935;4010.8;73;10058897569;B
20240408;095935;4010.8;150;10058897570;B
20240408;095935;4010.8;55;10058897571;B
20240408;095935;4010.8;200;10058897572;B
20240408;095935;4010.8;153;10058897573;S
20240408;095935;4010.8;1;10058897574;S
20240408;095935;4010.8;1;10058897575;S
20240408;095935;4010.8;2;10058897576;S
20240408;095935;4010.8;2;10058897577;S
20240408;095935;4010.8;5;10058897578;S
20240408;095935;4010.8;4;10058897579;S
20240408;095935;4010.8;3;10058897580;S
20240408;095935;4010.8;1;10058897581;B
20240408;095935;4010.8;1;10058897582;B
20240408;095935;4010.8;38;10058897583;B
20240408;095935;4010.8;1;10058897584;B
20240408;095935;4010.8;1;10058897585;B
20240408;095935;4010.8;8;10058897586;S
20240408;095935;4010.8;13;10058897587;S
20240408;095935;4010.8;13;10058897588;S
20240408;095935;4010.8;1;10058897589;S
20240408;095935;4010.8;1;10058897590;S
20240408;095935;4010.8;1;10058897591;S
20240408;095935;4010.8;3;10058897592;S
20240408;095935;4010.8;15;10058897593;S
20240408;095935;4010.8;5;10058897594;S
20240408;095935;4010.8;1;10058897595;S
20240408;095935;4010.8;3;10058897596;S
20240408;095935;4010.8;2;10058897597;S
20240408;095935;4010.8;1;10058897598;S
20240408;095935;4010.8;3;10058897599;S
20240408;095935;4010.8;1;10058897600;S
20240408;095935;4010.8;5;10058897601;S
20240408;095935;4010.8;1;10058897602;S
20240408;095935;4010.8;5;10058897603;S
20240408;095935;4010.8;1;10058897604;S
20240408;095935;4010.8;3;10058897605;S
20240408;095935;4010.8;195;10058897606;B
20240408;095935;4010.8;2;10058897607;S
20240408;095935;4010.8;50;10058897608;S
20240408;095935;4010.8;1;10058897609;B
20240408;095935;4010.8;1;10058897610;B
20240408;095935;4010.8;10;10058897611;S
20240408;095935;4010.8;11;10058897612;B
20240408;095935;4010.8;3;10058897613;B
20240408;095935;4010.8;4;10058897614;B
20240408;095935;4010.8;1;10058897615;B
20240408;095935;4010.8;6;10058897616;B
20240408;095935;4010.8;7;10058897617;B
20240408;095935;4010.8;7;10058897618;S
20240408;095935;4010.8;3;10058897619;S
20240408;095935;4010.8;2;10058897620;S
20240408;095935;4010.8;15;10058897621;S
20240408;095935;4010.8;5;10058897622;S
20240408;095935;4010.8;3;10058897623;S
20240408;095935;4010.8;5;10058897624;S
20240408;095935;4010.8;24;10058897625;S
20240408;095935;4010.8;45;10058897626;S
20240408;095935;4010.8;1;10058897627;S
20240408;095935;4010.8;3;10058897628;S
20240408;095935;4010.8;1;10058897629;S
20240408;095935;4010.8;1;10058897630;B
20240408;095935;4010.8;10;10058897631;B
20240408;095935;4010.8;1;10058897632;B
20240408;095935;4010.8;50;10058897633;S
20240408;095935;4010.8;7;10058897634;S
20240408;095935;4010.8;3;10058897635;S
20240408;095935;4010.8;25;10058897636;B
20240408;095935;4010.8;5;10058897637;S
20240408;095935;4010.8;100;10058897638;S
20240408;095935;4010.8;20;10058897639;S
20240408;095935;4010.8;70;10058897640;S
20240408;095935;4010.8;2;10058897641;B
20240408;095935;4010.8;15;10058897642;B
20240408;095935;4010.8;1;10058897643;S
20240408;095935;4010.8;1;10058897644;S
20240408;095935;4010.8;4;10058897645;S
20240408;095935;4010.8;1;10058897646;S
20240408;095935;4010.8;25;10058897647;S
20240408;095935;4010.8;5;10058897648;S
20240408;095935;4010.8;1;10058897649;S
20240408;095935;4010.8;1;10058897650;S
20240408;095935;4010.8;5;10058897651;S
20240408;095935;4010.8;1;10058897652;B
20240408;095935;4010.8;7;10058897653;S
20240408;095935;4010.8;5;10058897654;S
20240408;095935;4010.8;10;10058897655;S
20240408;095935;4010.8;100;10058897656;B
20240408;095935;4010.8;2;10058897657;S
20240408;095935;4010.8;5;10058897658;B
20240408;095935;4010.8;1;10058897659;B
20240408;095935;4010.8;100;10058897660;B
20240408;095935;4010.8;100;10058897661;B
20240408;095935;4010.8;100;10058897662;B
20240408;095935;4010.8;1;10058897663;S
20240408;095935;4010.8;11;10058897664;S
20240408;095935;4010.8;10;10058897665;S
20240408;095935;4010.8;200;10058897666;B
20240408;095935;4010.8;100;10058897667;B
20240408;095935;4010.8;10;10058897668;B
20240408;095935;4010.8;5;10058897669;B
20240408;095935;4010.8;10;10058897670;B
20240408;095935;4010.8;25;10058897671;S
20240408;095935;4010.8;1;10058897672;S
20240408;095935;4010.8;500;10058897673;S
20240408;095935;4010.8;2;10058897674;S
20240408;095935;4010.8;100;10058897675;S
20240408;095935;4010.8;173;10058897676;S
20240408;095935;4010.8;91;10058897677;S
20240408;095935;4010.8;2;10058897678;S
20240408;095935;4010.8;5;10058897679;S
20240408;095935;4010.8;10;10058897680;S
20240408;095935;4010.8;2;10058897681;S
20240408;095935;4010.8;25;10058897682;S
20240408;095935;4010.8;10;10058897683;S
20240408;095935;4010.8;1;10058897684;S
20240408;095935;4010.8;1;10058897685;S
20240408;095935;4010.8;1;10058897686;S
20240408;095935;4010.8;5;10058897687;S
20240408;095935;4010.8;200;10058897688;B
20240408;095935;4010.8;11;10058897689;B
20240408;100000;4010.6;39;10058906900;B
20240408;100000;4010.8;141;10058906901;B
20240408;100000;4010.4;3;10058906973;B
20240408;100000;4010.6;39;10058906974;B
20240408;100000;4010.6;8;10058906975;B
20240408;100000;4010.6;120;10058906988;B
20240408;100000;4010.2;20;10058907046;B
20240408;100000;4007;2;10058907057;S
20240408;100000;4007;11;10058907058;S
20240408;100000;4007;43;10058907059;S
20240408;100000;4006.2;1;10058907060;S
20240408;100000;4010.2;7;10058907061;B
20240408;100000;4010.2;180;10058907071;B
20240408;100000;4010.4;39;10058907109;B
20240408;100000;4010.8;48;10058907110;B
20240408;100000;4010.8;5;10058907111;B
20240408;100000;4010.8;2;10058907136;S
20240408;100000;4010.8;6;10058907141;S
20240408;100000;4010.8;17;10058907142;S
20240408;100000;4010.8;2;10058907144;S
20240408;100000;4010.8;50;10058907146;S
20240408;100000;4010.8;31;10058907223;S
20240408;100000;4010.6;3;10058907224;B
20240408;100000;4010.6;10;10058907230;B
20240408;100000;4008.2;4;10058907241;S
20240408;100000;4006.4;62;10058907242;S
20240408;100000;4006.4;1;10058907261;S
20240408;100000;4006.4;1;10058907262;S
20240408;100000;4006.4;2;10058907305;S
20240408;100000;4006.4;1;10058907332;S
20240408;100000;4006.4;1;10058907354;S
20240408;100000;4009;1;10058907527;B
20240408;100000;4009.8;64;10058907528;B
20240408;100000;4007.2;2;10058907530;S
20240408;100000;4007.2;46;10058907545;S
20240408;100000;4006.8;138;10058907546;S
20240408;100000;4006.6;90;10058907547;S
20240408;100000;4006.6;10;10058907548;S
20240408;100000;4009.4;15;10058907552;B
20240408;100000;4006.4;5;10058907554;S
20240408;100000;4006.4;16;10058907555;S
20240408;100000;4008.8;10;10058907620;B
20240408;100000;4008.4;20;10058907666;B
20240408;100000;4008.2;42;10058907700;B
20240408;100000;4008;15;10058907721;B
20240408;100000;4006.4;12;10058907776;S
20240408;100000;4007.4;16;10058907901;B
20240408;100001;4006.4;39;10058908252;B
20240408;100001;4006.4;11;10058908253;B
20240408;100001;4006.4;30;10058908258;B
20240408;100001;4006.4;20;10058908272;B
20240408;100001;4006.4;39;10058908322;B
20240408;100001;4008;31;10058908332;B
20240408;100001;4008;8;10058908333;B
20240408;100001;4008;23;10058908334;B
20240408;100001;4007.6;49;10058908513;B
20240408;100001;4006.8;10;10058908583;B
20240408;100001;4006.2;6;10058908655;S
20240408;100001;4006.6;1;10058908773;S
20240408;100001;4006.4;2;10058908775;S
20240408;100001;4006.4;5;10058908785;S
20240408;100001;4006.4;2;10058908788;S
20240408;100001;4007;1;10058908795;B
20240408;100001;4006.6;1;10058908856;S
20240408;100001;4006.2;1;10058908944;S
20240408;100001;4006.2;200;10058909200;S
20240408;100002;4006.8;30;10058909281;B
20240408;100002;4006.2;3;10058909329;S
20240408;100002;4006.2;1;10058909352;S
20240408;100002;4007.6;1;10058909443;B
20240408;100002;4006.2;12;10058909532;S
20240408;100002;4006.2;8;10058909534;S
20240408;100002;4006.4;30;10058909585;B
20240408;100002;4006.2;50;10058909601;S
20240408;100002;4006.2;1;10058909605;S
20240408;100002;4006.8;1;10058909612;B
20240408;100002;4006.2;2;10058909628;S
20240408;100002;4006.8;5;10058909644;B
20240408;100002;4006.2;1;10058909645;S
20240408;100002;4006.2;1;10058909677;S
20240408;100002;4006.4;76;10058909686;B
20240408;100002;4006.4;39;10058909687;B
20240408;100002;4006.8;15;10058909691;B
20240408;100002;4006.8;24;10058909698;B
20240408;100002;4006.8;1;10058909719;S
20240408;100002;4006.8;2;10058909761;S
20240408;100002;4006.8;1;10058909768;S
20240408;100002;4007;1;10058909787;B
20240408;100002;4007;9;10058909788;B
20240408;100002;4007.8;1;10058909789;B
20240408;100002;4008;4;10058909790;B
20240408;100002;4007.8;8;10058909833;B
20240408;100002;4007.6;1;10058909853;S
20240408;100002;4007.6;2;10058909869;S
20240408;100002;4007.6;3;10058909880;S
20240408;100002;4007.8;23;10058909881;B
20240408;100002;4007.6;2;10058909902;S
20240408;100002;4007.6;2;10058909967;S
20240408;100002;4007.8;8;10058910009;B
20240408;100002;4008;1;10058910010;B
20240408;100002;4008;1;10058910011;B
20240408;100002;4008;1;10058910012;B
20240408;100002;4008.8;1;10058910013;B
20240408;100002;4008.8;16;10058910014;B
20240408;100002;4008.4;60;10058910022;B
20240408;100002;4008.4;42;10058910023;B
20240408;100002;4006.6;2;10058910061;S
20240408;100002;4006.4;1;10058910062;S
20240408;100002;4006.8;6;10058910101;B
20240408;100002;4006.2;1;10058910143;S
20240408;100002;4006.2;1;10058910176;S
20240408;100002;4007.2;3;10058910220;B
20240408;100002;4006.2;10;10058910270;S
20240408;100002;4006.4;50;10058910283;B
20240408;100002;4006.8;2;10058910301;B
20240408;100002;4006.2;1;10058910311;S
20240408;100002;4006.2;1;10058910319;S
20240408;100002;4006.2;11;10058910322;S
20240408;100002;4006.2;1;10058910480;S
20240408;100002;4006.2;12;10058910524;S
20240408;100003;4006.4;10;10058910672;B
20240408;100003;4006.2;1;10058910833;S
20240408;100003;4006.6;68;10058910861;B
20240408;100003;4007.4;76;10058910864;B
20240408;100003;4007.6;76;10058910882;B
20240408;100003;4007.8;39;10058910883;B
20240408;100003;4008;1;10058910894;B
20240408;100003;4008;4;10058910895;B
20240408;100003;4008.6;24;10058910902;B
20240408;100003;4008.2;17;10058910904;B
20240408;100003;4008.2;59;10058910908;B
20240408;100003;4008.4;1;10058910909;B
20240408;100003;4008.4;1;10058910910;B
20240408;100003;4008.4;59;10058910911;B
20240408;100003;4008.6;15;10058910912;B
20240408;100003;4006.6;2;10058910929;S
20240408;100003;4006.4;2;10058910930;S
20240408;100003;4007;23;10058911095;B
20240408;100003;4006.2;16;10058911101;S
20240408;100003;4007;1;10058911108;B
20240408;100003;4006.2;5;10058911194;S
20240408;100003;4007;3;10058911214;B
20240408;100003;4006.8;3;10058911535;B
20240408;100003;4006.2;7;10058911683;S
20240408;100003;4006.8;40;10058911691;B
20240408;100004;4008;2;10058912065;B
20240408;100005;4008.8;8;10058912668;B
20240408;100005;4008.8;60;10058912670;B
20240408;100005;4008.4;20;10058913917;S
20240408;100005;4008.4;1;10058914001;S
20240408;100006;4008.8;21;10058915075;B
20240408;100006;4008.8;1;10058915079;B
20240408;100006;4008.8;46;10058915389;B
20240408;100006;4008.8;76;10058915390;B
20240408;100006;4009;15;10058915391;B
20240408;100006;4009;1;10058915392;B
20240408;100006;4009;3;10058915393;B
20240408;100006;4009;5;10058915394;B
20240408;100006;4009;50;10058915395;B
20240408;100006;4009;39;10058915396;B
20240408;100006;4009.4;1;10058915397;B
20240408;100006;4009.4;14;10058915398;B
20240408;100006;4009.2;76;10058915433;B
20240408;100006;4009.2;50;10058915434;B
20240408;100006;4009.2;39;10058915435;B
20240408;100006;4009.2;14;10058915436;B
20240408;100006;4007.4;107;10058915557;S
20240408;100006;4007.2;2;10058915558;S
20240408;100006;4007.2;39;10058915559;S
20240408;100006;4007;130;10058915560;S
20240408;100006;4006.2;36;10058915561;S
20240408;100006;4005;16;10058915562;S
20240408;100006;4005;103;10058915563;S
20240408;100006;4004;2;10058915564;S
20240408;100006;4004;59;10058915565;S
20240408;100006;4003.8;10;10058915566;S
20240408;100006;4003.6;50;10058915567;S
20240408;100006;4003;5;10058915568;S
20240408;100006;4003;2;10058915569;S
20240408;100006;4003;103;10058915579;B
20240408;100006;4003;39;10058915580;B
20240408;100006;4003;39;10058915581;B
20240408;100006;4003;39;10058915582;B
20240408;100006;4003;30;10058915585;B
20240408;100006;4003;1;10058915588;B
20240408;100006;4003;39;10058915597;B
20240408;100006;4003;39;10058915598;B
20240408;100006;4003;39;10058915599;B
20240408;100006;4003;39;10058915600;B
20240408;100006;4003;39;10058915601;B
20240408;100006;4003;39;10058915602;B
20240408;100006;4003;39;10058915603;B
20240408;100006;4003;39;10058915604;B
20240408;100006;4003;39;10058915605;B
20240408;100006;4003;36;10058915606;B
20240408;100006;4003;36;10058915607;B
20240408;100006;4003;36;10058915608;B
20240408;100006;4003;42;10058915609;B
20240408;100006;4003;19;10058915611;B
20240408;100006;4003;19;10058915612;B
20240408;100006;4003;19;10058915613;B
20240408;100006;4003;19;10058915614;B
20240408;100006;4003;19;10058915615;B
20240408;100006;4003;19;10058915616;B
20240408;100006;4003;19;10058915617;B
20240408;100006;4003;19;10058915618;B
20240408;100006;4003;19;10058915619;B
20240408;100006;4003;51;10058915620;B
20240408;100006;4003;19;10058915621;B
20240408;100006;4003;19;10058915622;B
20240408;100006;4003;19;10058915623;B
20240408;100006;4003;19;10058915624;B
20240408;100006;4003;19;10058915625;B
20240408;100006;4003;19;10058915626;B
20240408;100006;4003;50;10058915627;B
20240408;100006;4003;89;10058915628;B
20240408;100006;4003;89;10058915629;B
20240408;100006;4003;1;10058915630;B
20240408;100006;4003;50;10058915632;B
20240408;100006;4003;89;10058915633;B
20240408;100006;4003;89;10058915634;B
20240408;100006;4003;89;10058915635;B
20240408;100006;4003;89;10058915636;B
20240408;100006;4003;88;10058915637;B
20240408;100006;4003;27;10058915638;B
20240408;100006;4003;10;10058915640;B
20240408;100006;4003;88;10058915642;B
20240408;100006;4003;88;10058915644;B
20240408;100006;4003;49;10058915645;B
20240408;100006;4003;10;10058915648;B
20240408;100006;4003;71;10058915649;B
20240408;100006;4003;71;10058915652;B
20240408;100006;4003;71;10058915654;B
20240408;100006;4003;32;10058915655;B
20240408;100006;4002.8;1;10058915656;S
20240408;100006;4003;54;10058915657;B
20240408;100006;4003;1;10058915658;B
20240408;100006;4003;87;10058915659;B
20240408;100006;4003;30;10058915660;B
20240408;100006;4003;54;10058915661;B
20240408;100006;4003;65;10058915662;B
20240408;100006;4003;8;10058915667;B
20240408;100006;4003;51;10058915668;B
20240408;100006;4003;23;10058915669;B
20240408;100006;4003;10;10058915673;B
20240408;100006;4003;94;10058915674;B
20240408;100006;4003;28;10058915675;B
20240408;100006;4003;1;10058915676;B
20240408;100006;4003;20;10058915677;B
20240408;100006;4003;180;10058915678;B
20240408;100006;4003;15;10058915682;B
20240408;100006;4003;66;10058915683;B
20240408;100006;4003;56;10058915684;B
20240408;100006;4003;3;10058915685;B
20240408;100006;4003;85;10058915686;B
20240408;100006;4003;85;10058915687;B
20240408;100006;4003;85;10058915688;B
20240408;100006;4003;85;10058915689;B
20240408;100006;4003;85;10058915690;B
20240408;100006;4003;14;10058915691;B
20240408;100006;4003;14;10058915692;B
20240408;100006;4003;43;10058915693;B
20240408;100006;4003;43;10058915694;B
20240408;100006;4003;43;10058915695;B
20240408;100006;4003;43;10058915696;B
20240408;100006;4003;43;10058915697;B
20240408;100006;4003;43;10058915698;B
20240408;100006;4003;11;10058915700;B
20240408;100006;4003;11;10058915701;B
20240408;100006;4003;11;10058915702;B
20240408;100006;4003;11;10058915703;B
20240408;100006;4003;11;10058915704;B
20240408;100006;4003;57;10058915705;B
20240408;100006;4003;57;10058915706;B
20240408;100006;4003;11;10058915707;B
20240408;100006;4002.8;1;10058915709;S
20240408;100006;4006.4;2;10058915753;B
20240408;100006;4006.6;2;10058915765;B
20240408;100006;4006.6;1;10058915784;B
20240408;100006;4006.4;1;10058915813;S
20240408;100006;4007.8;17;10058915857;B
20240408;100006;4007.4;10;10058915864;B
20240408;100006;4007.2;20;10058915904;B
20240408;100006;4007.2;19;10058915909;B
20240408;100006;4007.8;31;10058915963;B
20240408;100006;4007.8;8;10058915969;B
20240408;100006;4008;42;10058915970;B
20240408;100006;4007.6;40;10058915980;B
20240408;100006;4008.4;20;10058916179;S
20240408;100006;4007.4;1;10058916769;B
20240408;100006;4007.4;2;10058916770;B
20240408;100006;4008.2;1;10058916813;B
20240408;100006;4008.2;1;10058916814;B
20240408;100006;4008.8;1;10058916820;B
20240408;100007;4007;4;10058917515;B
20240408;100007;4004.6;5;10058917522;S
20240408;100007;4004.6;1;10058917525;S
20240408;100007;4008.2;2;10058918242;B
20240408;100007;4008.2;64;10058918243;B
20240408;100007;4007.8;1;10058918307;B
20240408;100007;4006.2;1;10058918309;S
20240408;100007;4006.2;2;10058918314;S
20240408;100007;4006;1;10058918315;S
20240408;100007;4007.8;67;10058918317;B
20240408;100007;4007.8;1;10058918318;B
20240408;100007;4008;32;10058918319;B
20240408;100007;4007.6;3;10058918338;B
20240408;100007;4007.4;1;10058918339;B
20240408;100007;4006;6;10058918352;S
20240408;100007;4007.6;2;10058918506;B
20240408;100007;4008.2;8;10058918507;B
20240408;100008;4005;1;10058919402;S
20240408;100008;4005;3;10058919403;S
20240408;100008;4004.8;35;10058919404;S
20240408;100008;4007.4;1;10058919407;B
20240408;100008;4006.6;15;10058919873;B
20240408;100008;4007.2;1;10058920433;B
20240408;100008;4005.6;13;10058920441;S
20240408;100008;4007.2;2;10058920446;B
20240408;100008;4007.6;1;10058920447;B
20240408;100009;4007.2;3;10058922219;B
20240408;100009;4005.6;1;10058922782;S
20240408;100010;4005.6;6;10058922863;S
20240408;100010;4005.2;39;10058922864;S
20240408;100010;4004.6;5;10058922865;S
20240408;100010;4004.2;3;10058922866;S
20240408;100010;4003;1;10058922867;S
20240408;100010;4002.8;96;10058922868;S
20240408;100010;4004.2;39;10058923034;S
20240408;100010;4004;3;10058923035;S
20240408;100010;4003.4;150;10058923036;S
20240408;100010;4003.4;29;10058923037;S
20240408;100010;4003.2;637;10058923038;S
20240408;100010;4002.6;31;10058923039;S
20240408;100010;4002.2;50;10058923040;S
20240408;100010;4002;6;10058923041;S
20240408;100010;4002;5;10058923042;S
20240408;100010;4002;30;10058923043;S
20240408;100010;4001.8;37;10058923044;S
20240408;100010;4001.2;1;10058923045;S
20240408;100010;4001.2;1;10058923046;S
20240408;100010;4001.2;50;10058923047;S
20240408;100010;4001;40;10058923048;S
20240408;100010;4001;30;10058923049;S
20240408;100010;4000.4;1;10058923050;S
20240408;100010;4000.2;20;10058923051;S
20240408;100010;4000.2;5;10058923052;S
20240408;100010;4000.2;232;10058923053;S
20240408;100010;4000;250;10058923054;S
20240408;100010;4000;7;10058923055;S
20240408;100010;4000;1;10058923056;S
20240408;100010;4000;5;10058923057;S
20240408;100010;4000;1;10058923058;S
20240408;100010;4000;370;10058923059;S
20240408;100010;4000;2;10058923060;S
20240408;100010;4000;5;10058923061;S
20240408;100010;4000;47;10058923062;S
20240408;100010;4000;3;10058923063;S
20240408;100010;4000;1;10058923064;S
20240408;100010;4000;80;10058923065;S
20240408;100010;4000;100;10058923066;S
20240408;100010;4000;2;10058923067;S
20240408;100010;4000;3;10058923068;S
20240408;100010;4000;62;10058923069;S
20240408;100010;4000;1830;10058923070;S
20240408;100010;4000;3;10058923071;S
20240408;100010;4006.4;1;10058923072;B
20240408;100010;4000;1;10058923074;S
20240408;100010;4000;3;10058923076;S
20240408;100010;4002.2;2;10058923119;B
20240408;100010;4001.4;6;10058923317;B
20240408;100010;4001.8;2;10058923547;B
20240408;100010;4001.4;30;10058923780;B
20240408;100010;4001.2;10;10058923787;B
20240408;100010;4001.2;30;10058923797;B
20240408;100010;4003.2;10;10058923808;B
20240408;100010;4003;1;10058924373;B
20240408;100010;4003;1;10058924385;B
20240408;100010;4000.2;1;10058924436;S
20240408;100011;3999.8;4;10058925328;S
20240408;100011;3999.8;31;10058925410;S
20240408;100011;3999.4;2;10058925457;S
20240408;100011;3999.4;10;10058925497;S
20240408;100011;4001.4;68;10058926030;B
20240408;100011;4001.6;22;10058926031;B
20240408;100011;3999.4;1;10058926255;S
20240408;100011;4001.8;4;10058926256;B
20240408;100011;4002;1;10058926518;B
20240408;100011;4002.2;26;10058926519;B
20240408;100011;4002.8;152;10058926548;B
20240408;100011;4003;40;10058926552;B
20240408;100011;4002.8;2;10058926718;S
20240408;100011;4003.2;2;10058926738;B
20240408;100011;4003.6;16;10058926739;B
20240408;100011;4004.4;2;10058926741;B
20240408;100011;4004.2;39;10058926744;B
20240408;100011;4004.4;7;10058926745;B
20240408;100012;4003.8;25;10058926777;B
20240408;100012;4004.2;22;10058926797;B
20240408;100012;4001.4;6;10058926854;S
20240408;100012;4004;6;10058927098;B
20240408;100012;4004.2;8;10058927099;B
20240408;100012;4000.4;1;10058927127;S
20240408;100012;4001.4;5;10058927317;S
20240408;100012;4004.2;1;10058927422;B
20240408;100012;4001.4;3;10058928073;B
20240408;100012;4001.4;1;10058928103;B
20240408;100012;4001.4;1;10058928108;B
20240408;100012;4001.4;1;10058928113;B
20240408;100012;4000;2;10058928118;S
20240408;100012;4001.4;1;10058928122;B
20240408;100012;4001.4;5;10058928134;B
20240408;100012;4000;5;10058928138;S
20240408;100013;4000;32;10058928996;S
20240408;100013;4000;75;10058928997;S
20240408;100013;3999.8;1;10058928998;S
20240408;100013;3999.6;4;10058928999;S
20240408;100013;3999.4;37;10058929000;S
20240408;100013;3999.4;5;10058929001;S
20240408;100013;3999.4;93;10058929002;S
20240408;100013;4001.2;4;10058929022;B
20240408;100013;4001.2;46;10058929023;B
20240408;100013;4001.2;200;10058929024;B
20240408;100013;4001.2;200;10058929025;B
20240408;100013;4000.8;60;10058929102;B
20240408;100013;4000.8;135;10058929103;B
20240408;100013;4002;26;10058929105;B
20240408;100013;4005;65;10058929108;B
20240408;100013;4005;3;10058929109;B
20240408;100013;4005.2;39;10058929110;B
20240408;100013;4005.6;28;10058929111;S
20240408;100013;4006;20;10058929114;B
20240408;100013;4006;28;10058929115;S
20240408;100013;4006;28;10058929116;S
20240408;100013;4006;28;10058929117;S
20240408;100014;4005.8;1;10058929369;B
20240408;100015;4006;20;10058929754;B
20240408;100015;4006;1;10058929766;B
20240408;100015;4006.4;60;10058929920;B
20240408;100015;4006.4;8;10058929921;B
20240408;100015;4006.4;5;10058929922;B
20240408;100015;4006.4;166;10058929923;S
20240408;100015;4006.4;21;10058929924;S
20240408;100015;4006.4;30;10058929925;S
20240408;100015;4003.4;1;10058930051;S
20240408;100016;4006.2;10;10058930175;B
20240408;100016;4006.4;68;10058930176;B
20240408;100016;4006.6;20;10058930177;B
20240408;100016;4007;1;10058930178;B
20240408;100016;4007;2;10058930179;B
20240408;100016;4007;19;10058930180;B
20240408;100016;4006.8;50;10058930256;B
20240408;100017;4006.4;1;10058930712;B
20240408;100017;4005.6;5;10058930832;B
20240408;100017;4002.2;2;10058931120;S
20240408;100017;4002.2;50;10058931121;S
20240408;100017;4005.2;50;10058931134;B
20240408;100018;4002.2;1;10058931368;S
20240408;100018;4002.2;25;10058931390;S
20240408;100018;4005.8;9;10058931409;B
20240408;100019;4006.4;1;10058931722;B
20240408;100020;4006.2;1;10058931790;B
20240408;100020;4003.2;1;10058931959;S
20240408;100020;4003.2;1;10058932153;S
20240408;100020;4002.4;10;10058932154;S
20240408;100020;4002.2;10;10058932155;S
20240408;100020;4002;10;10058932156;S
20240408;100020;4002;4;10058932157;S
20240408;100020;4002;76;10058932158;S
20240408;100021;4004.8;1;10058932218;B
20240408;100022;4004.8;2;10058932596;B
20240408;100022;4004.8;8;10058932685;B
20240408;100022;4005.8;3;10058932686;B
20240408;100022;4006.2;101;10058932687;B
20240408;100022;4006.2;36;10058932688;B
20240408;100022;4004.2;1;10058932795;B
20240408;100023;4003.8;1;10058932985;S
20240408;100024;4003.8;16;10058933137;S
20240408;100025;4003.6;4;10058933622;S
20240408;100025;4003.2;8;10058933623;S
20240408;100026;4003.4;1;10058934556;S
20240408;100026;4003.6;5;10058934764;S
20240408;100027;4004.6;4;10058934843;B
20240408;100027;4004.8;1;10058934844;B
20240408;100027;4003.6;1;10058935159;S
20240408;100028;4004.4;1;10058935396;B
20240408;100028;4004.8;20;10058935397;B
20240408;100029;4004.8;4;10058935491;B
20240408;100029;4006.2;6;10058935492;B
20240408;100029;4004;5;10058935591;S
20240408;100030;4004.6;20;10058936170;S
20240408;100030;4004;30;10058936171;S
20240408;100031;4005.2;10;10058936565;B
20240408;100031;4005.8;6;10058936566;B
20240408;100033;4004.2;6;10058937168;S
20240408;100034;4004.2;10;10058937328;S
20240408;100034;4004.2;5;10058937396;S
20240408;100035;4004.2;1;10058937528;S
20240408;100036;4005;7;10058937948;S
20240408;100036;4005.4;1;10058938094;B
20240408;100037;4005.2;1;10058938191;B
20240408;100037;4005;1;10058938278;S
20240408;100038;4005;1;10058938493;S
20240408;100038;4005.2;1;10058938555;B
20240408;100042;4005.2;1;10058939913;B
20240408;100042;4005;9;10058940037;S
20240408;100042;4005;1;10058940038;S
20240408;100042;4004.4;19;10058940067;S
20240408;100043;4004.4;4;10058940384;S
20240408;100044;4004.4;2;10058940738;S
20240408;100046;4004.6;1;10058941216;S
20240408;100046;4004.4;34;10058941217;S
20240408;100046;4004.4;90;10058941218;S
20240408;100046;4004.6;1;10058941490;B
20240408;100047;4004.4;9;10058942024;S
20240408;100048;4004.6;25;10058942185;B
20240408;100049;4004.6;13;10058942947;B
20240408;100049;4004.6;5;10058942948;B
20240408;100049;4004.8;5;10058942949;B
20240408;100049;4004.8;1;10058942950;B
20240408;100049;4005;1;10058942951;B
20240408;100050;4004.4;1;10058943433;S
20240408;100050;4004.2;1;10058943434;S
20240408;100050;4004.2;1;10058943681;S
20240408;100051;4004.8;21;10058943691;B
20240408;100051;4004.2;1;10058943929;S
20240408;100051;4004;49;10058943930;S
20240408;100052;4004;3;10058944257;S
20240408;100053;4004;1;10058944479;S
20240408;100053;4004;1;10058944502;S
20240408;100055;4004;46;10058945021;S
20240408;100055;4003.8;125;10058945022;S
20240408;100055;4003.6;1;10058945023;S
20240408;100055;4003.6;4;10058945024;S
20240408;100055;4003.4;10;10058945025;S
20240408;100055;4003.4;1;10058945026;S
20240408;100055;4003.2;13;10058945027;S
20240408;100055;4003;1;10058945028;S
20240408;100055;4002.2;31;10058945029;S
20240408;100055;4004;1;10058945207;B
20240408;100056;4003.8;27;10058945339;B
20240408;100057;4002;2;10058945915;S
20240408;100057;4002;1;10058945916;S
20240408;100057;4001.8;3;10058945917;S
20240408;100057;4003;1;10058945967;B
20240408;100058;4003;1;10058946165;B
20240408;100058;4002.8;1;10058946245;B
20240408;100059;4001.8;1;10058946413;S
20240408;100059;4002.4;25;10058946495;B
20240408;100059;4002.8;1;10058946496;B
20240408;100059;4003.2;1;10058946497;B
20240408;100059;4003.2;25;10058946498;B
20240408;100059;4003.2;3;10058946499;B
20240408;100059;4003.6;25;10058946500;B
20240408;100059;4003.6;10;10058946501;B
20240408;100100;4004;10;10058946828;S
20240408;100100;4004;59;10058946936;S
20240408;100102;4004.2;1;10058947949;S
20240408;100102;4004.8;43;10058947954;B
20240408;100102;4005;7;10058947955;B
20240408;100102;4005;1;10058947966;B
20240408;100102;4004;3;10058947968;S
20240408;100102;4004.8;1;10058947993;B
20240408;100102;4005;3;10058947994;B
20240408;100102;4005;50;10058947995;B
20240408;100103;4004;3;10058948302;S
20240408;100104;4005;10;10058948426;B
20240408;100104;4005;48;10058948689;B
20240408;100104;4005;4;10058948690;B
20240408;100104;4005;4;10058948691;B
20240408;100104;4005;45;10058948692;B
20240408;100104;4005.2;3;10058948693;B
20240408;100104;4005.2;1;10058948694;B
20240408;100104;4005;352;10058948752;S
20240408;100104;4005;10;10058948753;S
20240408;100104;4004.6;38;10058948754;S
20240408;100104;4004;35;10058948755;S
20240408;100104;4003.4;4;10058948756;S
20240408;100104;4003;39;10058948757;S
20240408;100104;4002.6;5;10058948758;S
20240408;100104;4002.2;6;10058948759;S
20240408;100104;4002;10;10058948760;S
20240408;100104;4002;121;10058948761;S
20240408;100104;4002;50;10058948762;S
20240408;100104;4001.8;330;10058948763;S
20240408;100105;4004;4;10058948977;B
20240408;100105;4004.6;10;10058948978;B
20240408;100105;4004.6;39;10058948979;B
20240408;100105;4004.8;7;10058948980;B
20240408;100106;4002;3;10058949156;S
20240408;100106;4002;1;10058949218;S
20240408;100106;4004.6;1;10058949246;B
20240408;100108;4004.6;1;10058949887;B
20240408;100108;4004.8;3;10058949888;B
20240408;100108;4004.8;1;10058949889;B
20240408;100108;4004.8;1;10058949890;B
20240408;100108;4004.8;10;10058949891;B
20240408;100108;4004.8;1;10058949892;B
20240408;100108;4005;152;10058949893;B
20240408;100108;4005.2;39;10058949894;B
20240408;100108;4005.8;16;10058949895;B
20240408;100108;4006;4;10058949896;B
20240408;100109;4003.4;3;10058951276;S
20240408;100110;4005.6;7;10058951405;B
20240408;100110;4004.8;3;10058952166;B
20240408;100110;4003.8;1;10058952221;S
20240408;100111;4004.8;10;10058952598;B
20240408;100111;4005;27;10058952599;B
20240408;100111;4005.2;10;10058952600;B
20240408;100111;4005.4;1;10058952601;B
20240408;100111;4005.8;1;10058952602;B
20240408;100111;4006.6;1;10058952603;B
20240408;100111;4004.4;2;10058952714;S
20240408;100112;4006.6;2;10058952914;B
20240408;100112;4006.8;50;10058952915;B
20240408;100112;4007;10;10058952916;B
20240408;100112;4007.2;1;10058952917;B
20240408;100112;4007.6;80;10058952918;B
20240408;100112;4007.8;182;10058952919;B
20240408;100112;4008;50;10058952920;B
20240408;100112;4008;100;10058952921;B
20240408;100112;4008.2;38;10058952922;B
20240408;100112;4009;50;10058952923;B
20240408;100112;4009;50;10058952924;B
20240408;100112;4009.2;2;10058952925;B
20240408;100112;4009.4;50;10058952926;B
20240408;100112;4009.4;83;10058952927;B
20240408;100112;4008.8;50;10058953097;B
20240408;100112;4008.8;10;10058953098;B
20240408;100112;4009.2;20;10058953099;B
20240408;100112;4009.4;20;10058953100;B
20240408;100113;4006.8;25;10058953309;S
20240408;100113;4006.2;4;10058953494;B
20240408;100113;4005;3;10058953565;S
20240408;100114;4006.2;6;10058953883;B
20240408;100114;4007.4;1;10058953884;B
20240408;100114;4007.8;3;10058953885;B
20240408;100114;4008;17;10058953886;B
20240408;100114;4008.2;10;10058953887;B
20240408;100114;4008.2;50;10058953888;B
20240408;100114;4009.2;20;10058953889;B
20240408;100114;4009.2;133;10058953890;B
20240408;100114;4008.8;10;10058953912;B
20240408;100115;4006.4;4;10058954278;S
20240408;100115;4006.2;6;10058954279;S
20240408;100116;4008;10;10058954907;B
20240408;100116;4008.4;9;10058954908;B
20240408;100116;4008.6;4;10058954909;B
20240408;100116;4008.6;6;10058954910;B
20240408;100116;4008.6;2;10058954911;B
20240408;100116;4008.8;19;10058954912;B
20240408;100116;4009.2;2;10058954928;B
20240408;100118;4007.6;4;10058955544;S
20240408;100118;4007.4;46;10058955545;S
20240408;100119;4008.8;1;10058955725;B
20240408;100119;4008.8;5;10058955928;B
20240408;100120;4008.8;1;10058955992;B
20240408;100121;4008;20;10058956591;S
20240408;100121;4008;2;10058956615;B
20240408;100122;4007.8;2;10058956838;S
20240408;100122;4007.6;3;10058956839;S
20240408;100123;4007.8;3;10058957177;B
20240408;100123;4007.8;2;10058957185;B
20240408;100123;4007.8;8;10058957186;B
20240408;100126;4008;2;10058957790;B
20240408;100126;4007.4;20;10058957846;S
20240408;100127;4008;1;10058958106;B
20240408;100127;4008;75;10058958186;B
20240408;100127;4008.2;9;10058958187;B
20240408;100127;4008.6;50;10058958188;B
20240408;100127;4008.8;4;10058958189;B
20240408;100127;4008.8;38;10058958190;B
20240408;100128;4008;5;10058958632;B
20240408;100128;4008.8;20;10058958633;B
20240408;100129;4008.8;1;10058958676;B
20240408;100129;4008.8;1;10058958742;B
20240408;100129;4007.6;1;10058958848;S
20240408;100131;4007.4;100;10058959343;S
20240408;100131;4007.4;4;10058959344;S
20240408;100131;4007.2;9;10058959345;S
20240408;100131;4006.4;38;10058959346;S
20240408;100131;4006;2;10058959347;S
20240408;100131;4005.8;152;10058959348;S
20240408;100131;4005.2;1;10058959349;S
20240408;100131;4005;1;10058959350;S
20240408;100131;4004.8;37;10058959351;S
20240408;100131;4004.6;16;10058959352;S
20240408;100131;4004.6;182;10058959353;S
20240408;100131;4004.4;150;10058959354;S
20240408;100131;4004;600;10058959355;S
20240408;100131;4004;50;10058959356;S
20240408;100131;4003.4;270;10058959357;S
20240408;100131;4003.4;39;10058959358;S
20240408;100131;4003;5;10058959359;S
20240408;100131;4002.8;50;10058959360;S
20240408;100131;4002.6;10;10058959361;S
20240408;100131;4002;1;10058959362;S
20240408;100131;4002;1;10058959363;S
20240408;100131;4001.6;50;10058959364;S
20240408;100131;4001;200;10058959365;S
20240408;100131;4001;10;10058959366;S
20240408;100131;4000.6;20;10058959367;S
20240408;100131;4000.6;10;10058959368;S
20240408;100131;4000;302;10058959369;S
20240408;100131;4000;1;10058959370;S
20240408;100131;4000;7;10058959371;S
20240408;100131;4000;100;10058959372;S
20240408;100131;4000;14;10058959373;S
20240408;100131;4000;3;10058959374;S
20240408;100131;4000;10;10058959375;S
20240408;100131;4000;50;10058959376;S
20240408;100131;4000;4;10058959377;S
20240408;100131;4000;500;10058959378;S
20240408;100131;4000;1;10058959379;S
20240408;100131;4003.2;4;10058959398;B
20240408;100131;4003.8;9;10058959399;B
20240408;100131;4004;7;10058959400;B
20240408;100131;4000.2;39;10058959544;S
20240408;100131;4000;11;10058959545;S
20240408;100132;4000;1;10058959717;S
20240408;100132;4003.4;8;10058959726;B
20240408;100133;4003.2;2;10058960027;B
20240408;100133;4003.4;8;10058960028;B
20240408;100133;4003.2;10;10058960153;B
20240408;100133;4003.4;19;10058960154;B
20240408;100134;4000.4;2;10058960360;S
20240408;100134;4002.8;2;10058960407;B
20240408;100134;4000.4;14;10058960502;S
20240408;100136;4002.8;8;10058960872;B
20240408;100136;4003.2;3;10058961118;S
20240408;100136;4003.6;3;10058961149;B
20240408;100138;4003.2;2;10058961690;S
20240408;100140;4005.2;6;10058962170;B
20240408;100141;4005.4;1;10058962293;B
20240408;100142;4003.4;5;10058962653;S
20240408;100143;4005.2;1;10058963122;B
20240408;100144;4003.2;1;10058963542;S
20240408;100146;4005;9;10058964211;B
20240408;100146;4005.4;1;10058964212;B
20240408;100146;4003;1;10058964291;S
20240408;100148;4003.2;1;10058964773;S
20240408;100148;4003;14;10058964774;S
20240408;100148;4005.2;1;10058964813;B
20240408;100148;4005.2;14;10058964814;B
20240408;100149;4003;4;10058964970;S
20240408;100149;4006.2;2;10058965165;B
20240408;100150;4004.2;21;10058965307;S
20240408;100150;4006.4;2;10058965317;B
20240408;100150;4006.4;11;10058965318;B
20240408;100152;4005;2;10058965779;B
20240408;100152;4005.2;9;10058965815;S
20240408;100152;4005;21;10058965816;S
20240408;100152;4005;4;10058965894;S
20240408;100153;4006.6;5;10058965964;B
20240408;100153;4006.8;9;10058965965;B
20240408;100153;4007;1;10058965966;B
20240408;100153;4007.2;15;10058965967;B
20240408;100153;4005;3;10058965968;S
20240408;100155;4007.2;24;10058966623;B
20240408;100155;4007.4;10;10058966624;B
20240408;100156;4005;2;10058966913;S
20240408;100156;4007.2;5;10058966966;B
20240408;100156;4007.4;90;10058966967;B
20240408;100156;4007.4;9;10058966968;B
20240408;100156;4007.8;20;10058966969;B
20240408;100156;4007.8;5;10058966970;B
20240408;100156;4008;2;10058966971;B
20240408;100156;4008;19;10058966972;B
20240408;100157;4005.6;1;10058967213;S
20240408;100200;4008.4;10;10058967872;B
20240408;100200;4008.4;1;10058968106;B
20240408;100201;4008.4;39;10058968243;B
20240408;100201;4008.4;1;10058968244;B
20240408;100201;4006.2;3;10058968403;S
20240408;100203;4006.2;1;10058968855;S
20240408;100208;4005.8;8;10058970107;S
20240408;100208;4005.8;7;10058970108;S
20240408;100208;4008;1;10058970206;B
20240408;100209;4008;1;10058970345;B
20240408;100209;4006.2;2;10058970387;S
20240408;100209;4008;48;10058970433;B
20240408;100209;4008;13;10058970434;B
20240408;100210;4006.2;1;10058970793;S
20240408;100210;4006.2;3;10058970815;S
20240408;100210;4008;5;10058970835;B
20240408;100211;4006.2;1;10058971227;S
20240408;100214;4008.2;8;10058972361;B
20240408;100214;4006.4;1;10058972583;S
20240408;100215;4008.2;18;10058972777;B
20240408;100216;4006.2;12;10058973023;S
20240408;100216;4006;2;10058973024;S
20240408;100217;4008;1;10058973386;B
20240408;100217;4008;4;10058973387;B
20240408;100217;4008;25;10058973450;B
20240408;100218;4008;9;10058973665;B
20240408;100218;4008;8;10058973666;B
20240408;100219;4006.2;2;10058973977;S
20240408;100221;4008;7;10058974551;B
20240408;100221;4008;50;10058974552;B
20240408;100221;4008.2;1;10058974553;B
20240408;100221;4008.2;9;10058974554;B
20240408;100221;4008.4;4;10058974555;B
20240408;100221;4008.4;15;10058974556;B
20240408;100221;4008.6;114;10058974557;B
20240408;100222;4008.8;2;10058974674;B
20240408;100222;4008.8;8;10058974675;B
20240408;100222;4008.8;2;10058974689;B
20240408;100223;4006.8;10;10058974919;S
20240408;100223;4006.8;2;10058974974;S
20240408;100223;4006.6;9;10058974975;S
20240408;100223;4006.2;1;10058974976;S
20240408;100223;4006.2;4;10058974977;S
20240408;100223;4006.2;39;10058974978;S
20240408;100223;4006.2;38;10058974979;S
20240408;100223;4006;7;10058974980;S
20240408;100224;4008.2;3;10058975497;B
20240408;100225;4008.2;1;10058976199;B
20240408;100225;4008.2;9;10058976200;B
20240408;100225;4008.4;20;10058976201;B
20240408;100225;4006;5;10058976447;S
20240408;100227;4008.4;1;10058977149;B
20240408;100230;4006.2;9;10058978393;S
20240408;100230;4006;1;10058978394;S
20240408;100230;4006;3;10058978395;S
20240408;100232;4007.8;1;10058978864;B
20240408;100232;4008;4;10058978865;B
20240408;100232;4008;2;10058978866;B
20240408;100232;4008.2;17;10058978867;B
20240408;100233;4008;1;10058979132;B
20240408;100233;4008.2;11;10058979133;B
20240408;100233;4006.2;2;10058979463;S
20240408;100233;4006.2;8;10058979464;S
20240408;100234;4006;10;10058979778;S
20240408;100234;4006;10;10058979782;S
20240408;100234;4006;1;10058979795;S
20240408;100234;4007.8;10;10058979837;B
20240408;100235;4006;3;10058980054;S
20240408;100235;4006;2;10058980055;S
20240408;100236;4005.6;2;10058980294;S
20240408;100237;4007.6;2;10058980440;B
20240408;100237;4007.8;28;10058980441;B
20240408;100237;4007.8;9;10058980442;B
20240408;100237;4008;1;10058980443;B
20240408;100237;4006;1;10058980513;S
20240408;100237;4005.6;1;10058980750;S
20240408;100237;4005.6;7;10058980760;S
20240408;100237;4005.4;9;10058980761;S
20240408;100237;4005.2;5;10058980762;S
20240408;100237;4005.2;24;10058980763;S
20240408;100237;4007.4;1;10058980779;B
20240408;100237;4007.4;4;10058980826;B
20240408;100237;4007.6;1;10058980827;B
20240408;100239;4006.2;1;10058981216;S
20240408;100241;4007.4;5;10058982011;B
20240408;100241;4007.6;5;10058982012;B
20240408;100241;4007.8;9;10058982013;B
20240408;100241;4008;7;10058982014;B
20240408;100241;4008.2;38;10058982015;B
20240408;100241;4008.4;2;10058982016;B
20240408;100241;4008.6;1;10058982017;B
20240408;100241;4008.8;2;10058982018;B
20240408;100241;4008.8;110;10058982019;B
20240408;100241;4009;50;10058982020;B
20240408;100241;4009;50;10058982021;B
20240408;100241;4009.2;1;10058982022;B
20240408;100241;4009.2;2;10058982023;B
20240408;100241;4009.2;109;10058982024;B
20240408;100241;4009.2;39;10058982025;B
20240408;100241;4009.4;1;10058982026;B
20240408;100241;4009.6;10;10058982027;B
20240408;100241;4009.6;16;10058982028;B
20240408;100241;4009.8;5;10058982029;B
20240408;100241;4009.8;5;10058982030;B
20240408;100241;4009.8;1;10058982031;B
20240408;100241;4010;1;10058982032;B
20240408;100241;4010;3;10058982033;B
20240408;100241;4010;5;10058982034;B
20240408;100241;4010;1;10058982035;B
20240408;100241;4010;20;10058982036;B
20240408;100241;4010;2;10058982037;B
20240408;100241;4006.8;30;10058982068;S
20240408;100242;4006.4;1;10058982219;S
20240408;100242;4009.4;20;10058982235;B
20240408;100244;4009.4;1;10058982965;B
20240408;100244;4009.6;50;10058982966;B
20240408;100244;4009.6;25;10058982967;B
20240408;100244;4009.8;54;10058982968;B
20240408;100245;4008;3;10058983111;B
20240408;100245;4009.4;7;10058983112;B
20240408;100247;4009.6;50;10058983725;B
20240408;100247;4009.8;4;10058983726;B
20240408;100247;4010;3;10058983727;B
20240408;100247;4010;1;10058983728;B
20240408;100247;4010;8;10058983729;B
20240408;100247;4010;1;10058983730;B
20240408;100247;4010;20;10058983731;B
20240408;100247;4010;1;10058983732;B
20240408;100247;4010;6;10058983733;B
20240408;100247;4010;9;10058983734;B
20240408;100247;4010;2;10058983735;B
20240408;100247;4010;1;10058983736;B
20240408;100247;4010;94;10058983737;B
20240408;100247;4008.4;9;10058983738;S
20240408;100247;4008.2;1;10058983739;S
20240408;100247;4009.6;1;10058983923;B
20240408;100248;4007.2;2;10058984106;S
20240408;100248;4009.6;37;10058984144;B
20240408;100248;4009.8;50;10058984145;B
20240408;100248;4010;73;10058984146;B
20240408;100248;4010;10;10058984147;B
20240408;100248;4010;14;10058984148;B
20240408;100248;4010;5;10058984149;B
20240408;100248;4010;10;10058984150;B
20240408;100248;4010;1;10058984151;B
20240408;100249;4007.2;3;10058984527;S
20240408;100249;4009.8;50;10058984601;B
20240408;100249;4010;50;10058984602;B
20240408;100249;4009.8;2;10058984695;B
20240408;100250;4007.2;3;10058984805;S
20240408;100250;4009.4;5;10058985033;B
20240408;100250;4009.6;3;10058985034;B
20240408;100250;4009.6;9;10058985035;B
20240408;100250;4009.8;48;10058985036;B
20240408;100250;4010;150;10058985037;B
20240408;100250;4010;4;10058985038;B
20240408;100250;4010;10;10058985039;B
20240408;100250;4010;1;10058985040;B
20240408;100250;4010;7;10058985041;B
20240408;100250;4010;1;10058985042;B
20240408;100250;4010;12;10058985043;B
20240408;100252;4009.8;40;10058985503;B
20240408;100253;4010;9;10058985907;B
20240408;100253;4008.2;1;10058986041;S
20240408;100253;4009.8;41;10058986059;B
20240408;100254;4007.8;1;10058986074;S
20240408;100254;4007.6;2;10058986075;S
20240408;100254;4009.8;9;10058986086;B
20240408;100254;4009.8;1;10058986087;B
20240408;100254;4007.6;1;10058986298;S
20240408;100254;4009.8;30;10058986347;B
20240408;100254;4007.6;1;10058986386;S
20240408;100255;4009.8;5;10058986564;B
20240408;100255;4007.8;1;10058986745;S
20240408;100256;4009.6;1;10058986753;B
20240408;100256;4009.8;3;10058986754;B
20240408;100257;4009.6;12;10058987153;B
20240408;100257;4009.6;20;10058987239;B
20240408;100257;4009.8;47;10058987240;B
20240408;100257;4009.8;53;10058987241;B
20240408;100257;4007.8;4;10058987263;S
20240408;100257;4007.8;2;10058987264;S
20240408;100257;4007.8;38;10058987265;S
20240408;100257;4007.8;9;10058987266;S
20240408;100257;4007.6;4;10058987267;S
20240408;100257;4007;4;10058987268;S
20240408;100257;4007;5;10058987269;S
20240408;100257;4006.6;3;10058987270;S
20240408;100258;4006.4;30;10058987524;S
20240408;100300;4008.8;5;10058988698;B
20240408;100300;4009;2;10058988699;B
20240408;100300;4009;9;10058988700;B
20240408;100300;4009.2;17;10058988701;B
20240408;100301;4008;1;10058988823;S
20240408;100301;4006.8;4;10058988824;S
20240408;100301;4006.6;1;10058988957;S
20240408;100301;4006.6;2;10058988958;S
20240408;100302;4009;1;10058989280;B
20240408;100302;4006.6;1;10058989416;S
20240408;100303;4009;2;10058989654;B
20240408;100304;4009;6;10058989897;B
20240408;100305;4007;1;10058990169;S
20240408;100305;4007;2;10058990170;S
20240408;100305;4006.8;7;10058990171;S
20240408;100306;4007;1;10058990570;B
20240408;100309;4007.2;30;10058991430;S
20240408;100309;4007.2;1;10058991626;S
20240408;100310;4008;1;10058991872;B
20240408;100310;4008.2;5;10058991873;B
20240408;100310;4008.4;4;10058991874;B
20240408;100311;4007;1;10058992342;S
20240408;100311;4007;5;10058992343;S
20240408;100311;4007;2;10058992344;S
20240408;100311;4006.8;3;10058992345;S
20240408;100312;4006.4;2;10058992416;S
20240408;100312;4008.4;4;10058992518;B
20240408;100312;4008.6;38;10058992519;B
20240408;100312;4008.8;1;10058992520;B
20240408;100312;4008.8;9;10058992521;B
20240408;100312;4009.2;2;10058992522;B
20240408;100312;4009.4;129;10058992523;B
20240408;100312;4009.6;17;10058992524;B
20240408;100315;4009.4;1;10058993224;B
20240408;100315;4009.6;3;10058993225;B
20240408;100315;4009.6;25;10058993226;B
20240408;100315;4009.8;58;10058993227;B
20240408;100315;4007.2;20;10058993235;S
20240408;100315;4008.4;20;10058993467;S
20240408;100316;4009.8;20;10058993512;B
20240408;100317;4008.4;1;10058994111;S
20240408;100318;4009.8;1;10058994618;B
20240408;100320;4009.4;1;10058995406;B
20240408;100320;4008.4;4;10058995407;S
20240408;100320;4007.4;1;10058995408;S
20240408;100320;4007.4;9;10058995409;S
20240408;100320;4007.4;4;10058995410;S
20240408;100320;4007.2;39;10058995411;S
20240408;100320;4007;2;10058995412;S
20240408;100320;4006.4;8;10058995413;S
20240408;100320;4006.4;133;10058995414;S
20240408;100320;4006.4;6;10058995504;S
20240408;100320;4006.4;33;10058995546;S
20240408;100320;4006.2;1;10058995547;S
20240408;100320;4006.2;9;10058995548;S
20240408;100320;4006;3;10058995549;S
20240408;100320;4005.8;5;10058995550;S
20240408;100320;4005.8;9;10058995551;S
20240408;100321;4005.8;1;10058995715;S
20240408;100321;4005.8;1;10058995811;S
20240408;100321;4005.8;1;10058995946;S
20240408;100323;4007;10;10058996338;S
20240408;100323;4007;1;10058996539;S
20240408;100323;4005.8;8;10058996542;B
20240408;100323;4005.8;13;10058996562;B
20240408;100324;4005.6;2;10058996786;S
20240408;100324;4005.4;9;10058996787;S
20240408;100324;4005.4;23;10058996788;S
20240408;100326;4005.2;5;10058997220;S
20240408;100327;4005.8;2;10058997407;B
20240408;100328;4005.8;5;10058997949;B
20240408;100329;4005.6;24;10058998180;S
20240408;100330;4005.6;15;10058998286;S
20240408;100330;4005.4;1;10058998287;S
20240408;100330;4005.6;3;10058998318;S
20240408;100330;4005.2;1;10058998497;S
20240408;100333;4005.6;1;10058999172;B
20240408;100335;4005.4;2;10058999717;S
20240408;100337;4005.6;1;10059000168;B
20240408;100337;4005.6;1;10059000169;B
20240408;100341;4005.6;9;10059001189;B
20240408;100341;4005.6;1;10059001190;B
20240408;100342;4005.6;5;10059001496;S
20240408;100342;4005.6;1;10059001650;S
20240408;100342;4005.6;1;10059001766;S
20240408;100342;4005.6;5;10059001833;S
20240408;100343;4005.8;1;10059002128;B
20240408;100344;4005.8;1;10059002181;B
20240408;100344;4005.6;27;10059002325;S
20240408;100344;4005.6;10;10059002326;S
20240408;100344;4005.4;3;10059002327;S
20240408;100344;4005.4;1;10059002378;S
20240408;100346;4005.6;8;10059002782;S
20240408;100346;4005.8;3;10059002838;B
20240408;100347;4005.8;1;10059002854;B
20240408;100349;4005.8;1;10059003367;B
20240408;100350;4005.6;5;10059003594;S
20240408;100350;4005.8;1;10059003741;B
20240408;100350;4005.6;27;10059003751;S
20240408;100351;4005.6;2;10059003803;S
20240408;100351;4005.8;18;10059003945;B
20240408;100351;4005.6;1;10059003959;S
20240408;100352;4005.6;1;10059004051;B
20240408;100352;4005.6;1;10059004212;B
20240408;100353;4005.6;6;10059004280;B
20240408;100353;4005.4;8;10059004353;S
20240408;100353;4005.2;4;10059004354;S
20240408;100353;4005.2;2;10059004424;S
20240408;100355;4005.2;2;10059004723;S
20240408;100357;4005.2;12;10059005510;S
20240408;100357;4005.2;124;10059005551;S
20240408;100357;4005.2;221;10059005552;S
20240408;100357;4005.2;2;10059005553;S
20240408;100357;4005.2;39;10059005554;S
20240408;100357;4005;18;10059005555;S
20240408;100357;4005;10;10059005556;S
20240408;100357;4005;40;10059005557;S
20240408;100357;4005;5;10059005558;S
20240408;100357;4005;20;10059005559;S
20240408;100357;4005;54;10059005560;S
20240408;100357;4005;1;10059005561;S
20240408;100357;4005;9;10059005562;S
20240408;100357;4004.4;38;10059005563;S
20240408;100357;4004.2;25;10059005564;S
20240408;100357;4003.8;100;10059005565;S
20240408;100357;4003.8;50;10059005566;S
20240408;100357;4003.6;4;10059005567;S
20240408;100357;4003.4;5;10059005568;S
20240408;100357;4003.2;10;10059005569;S
20240408;100357;4003;20;10059005570;S
20240408;100357;4003;2;10059005571;S
20240408;100357;4003;16;10059005572;S
20240408;100357;4002.8;50;10059005573;S
20240408;100357;4002.4;1;10059005574;S
20240408;100357;4002.4;19;10059005575;S
20240408;100357;4002.2;110;10059005576;S
20240408;100357;4002;5;10059005577;S
20240408;100357;4002;200;10059005578;S
20240408;100357;4002;5;10059005579;S
20240408;100357;4001.8;5;10059005580;S
20240408;100357;4001.6;20;10059005581;S
20240408;100357;4001.2;50;10059005582;S
20240408;100357;4001.2;5;10059005583;S
20240408;100357;4000.8;182;10059005584;S
20240408;100357;4000.6;181;10059005585;S
20240408;100357;4000.4;1000;10059005586;S
20240408;100357;4000.4;50;10059005587;S
20240408;100357;4000.2;10;10059005588;S
20240408;100357;4000.2;5;10059005589;S
20240408;100357;4000.2;25;10059005590;S
20240408;100357;4000.2;1;10059005591;S
20240408;100357;4000.2;20;10059005592;S
20240408;100357;4000.2;30;10059005593;S
20240408;100357;4000;3000;10059005594;S
20240408;100357;4000;2;10059005595;S
20240408;100357;4000;100;10059005596;S
20240408;100357;4000;5;10059005597;S
20240408;100357;4000;10;10059005598;S
20240408;100357;4000;10;10059005599;S
20240408;100357;4000;2;10059005600;S
20240408;100357;4000;50;10059005601;S
20240408;100357;4000;30;10059005602;S
20240408;100357;4000;20;10059005603;S
20240408;100357;4000;1249;10059005604;S
20240408;100357;4000;1;10059005605;S
20240408;100357;4000;10;10059005606;S
20240408;100357;4000;100;10059005607;S
20240408;100357;4000;129;10059005608;B
20240408;100357;4000;31;10059005609;B
20240408;100357;4000;24;10059005611;B
20240408;100357;3999.8;39;10059005612;S
20240408;100357;3999.8;1;10059005631;B
20240408;100357;3999.6;20;10059005632;S
20240408;100358;3999.6;60;10059005671;S
20240408;100358;3999.6;5;10059005746;S
20240408;100358;3999.6;18;10059005755;S
20240408;100358;3999.8;10;10059005885;S
20240408;100358;4000;10;10059005963;B
20240408;100359;4000;24;10059006059;B
20240408;100359;3999.8;29;10059006164;S
20240408;100359;3999.6;47;10059006165;S
20240408;100359;3999.6;4;10059006166;S
20240408;100359;3999.6;30;10059006167;S
20240408;100359;3999.4;13;10059006168;S
20240408;100359;3999.4;7;10059006169;S
20240408;100400;3999.4;2;10059006314;S
20240408;100401;3999.4;16;10059006640;S
20240408;100401;3999.8;2;10059006660;B
20240408;100401;4000;15;10059006661;B
20240408;100402;3999.4;1;10059006931;S
20240408;100402;4000;3;10059006943;B
20240408;100407;4000;111;10059008198;B
20240408;100407;4000;136;10059008378;B
20240408;100410;3999.8;1;10059008947;S
20240408;100411;3999.8;2;10059009220;S
20240408;100412;4000;10;10059009459;B
20240408;100412;3999.8;4;10059009616;S
20240408;100413;4000;25;10059009736;B
20240408;100414;4000;5;10059010080;B
20240408;100416;4000;596;10059010370;B
20240408;100416;4000;50;10059010371;B
20240408;100416;4000;28;10059010411;B
20240408;100416;3999.8;10;10059010444;S
20240408;100416;3999.8;7;10059010537;S
20240408;100417;3999.8;1;10059010893;S
20240408;100419;3999.8;14;10059011299;S
20240408;100419;3999.8;2;10059011300;S
20240408;100419;3999.6;10;10059011301;S
20240408;100419;3999.6;19;10059011302;S
20240408;100421;3999.6;6;10059011908;S
20240408;100421;4000;1;10059012057;B
20240408;100421;4000;2;10059012096;B
20240408;100421;4000;81;10059012127;B
20240408;100421;4000;1;10059012128;B
20240408;100421;4000;8;10059012129;B
20240408;100421;4000;1;10059012130;B
20240408;100421;4000;9;10059012131;B
20240408;100422;3999.8;3;10059012230;S
20240408;100422;3999.8;1;10059012323;S
20240408;100422;3999.6;9;10059012324;S
20240408;100422;3999.6;50;10059012329;S
20240408;100422;3999.6;40;10059012341;S
20240408;100422;3999;5;10059012363;S
20240408;100422;3999;2;10059012364;S
20240408;100422;3999;1;10059012365;S
20240408;100422;3999;10;10059012366;S
20240408;100422;3998.8;10;10059012367;S
20240408;100422;3998.8;333;10059012368;S
20240408;100422;3998.8;39;10059012369;S
20240408;100424;3999;10;10059012766;B
20240408;100425;3998.8;39;10059013226;S
20240408;100425;3998.8;1;10059013227;S
20240408;100425;3998.6;10;10059013228;S
20240408;100426;3999;100;10059013405;B
20240408;100427;3998.8;10;10059013598;S
20240408;100427;3998.6;2;10059013650;S
20240408;100430;3998.8;2;10059014322;B
20240408;100430;3998.6;18;10059014432;S
20240408;100430;3998.6;10;10059014433;S
20240408;100430;3998.4;6;10059014434;S
20240408;100430;3998.8;1;10059014501;B
20240408;100430;3999;9;10059014502;B
20240408;100431;3998.4;20;10059014580;S
20240408;100431;3998.4;11;10059014660;S
20240408;100431;3998.4;20;10059014761;S
20240408;100431;3998.4;10;10059014762;S
20240408;100432;3998.2;5;10059014896;B
20240408;100432;3998;5;10059014991;S
20240408;100432;3998;2;10059014992;S
20240408;100432;3997.2;39;10059014993;S
20240408;100432;3997;1;10059014994;S
20240408;100432;3997;5;10059014995;S
20240408;100432;3997;1;10059014996;S
20240408;100432;3997;1;10059014997;S
20240408;100432;3997;10;10059014998;S
20240408;100432;3997;10;10059014999;S
20240408;100432;3996.4;5;10059015000;S
20240408;100432;3996.2;50;10059015001;S
20240408;100432;3996.4;39;10059015019;S
20240408;100432;3996.2;450;10059015020;S
20240408;100432;3996;10;10059015021;S
20240408;100432;3996;3;10059015022;S
20240408;100432;3996;5;10059015023;S
20240408;100432;3996;3;10059015024;S
20240408;100432;3996;1;10059015025;S
20240408;100432;3996;1;10059015026;S
20240408;100432;3996;15;10059015027;S
20240408;100432;3996;10;10059015028;S
20240408;100432;3995.4;37;10059015029;S
20240408;100432;3995.4;5;10059015030;S
20240408;100432;3995.4;39;10059015031;S
20240408;100432;3995.2;10;10059015032;S
20240408;100432;3995.2;5;10059015033;S
20240408;100432;3995.2;53;10059015034;S
20240408;100432;3995.2;5;10059015035;S
20240408;100432;3995.2;38;10059015036;S
20240408;100432;3995;1;10059015037;S
20240408;100432;3995;6;10059015038;S
20240408;100432;3995;1;10059015039;S
20240408;100432;3995;100;10059015040;S
20240408;100432;3995;4;10059015041;S
20240408;100432;3995;1;10059015042;S
20240408;100432;3995;1;10059015043;S
20240408;100432;3995;3;10059015044;S
20240408;100432;3995;1;10059015045;S
20240408;100432;3995;1;10059015046;S
20240408;100432;3995;4;10059015047;S
20240408;100432;3995;2;10059015048;S
20240408;100432;3995;9;10059015049;S
20240408;100432;3995;1;10059015050;S
20240408;100432;3995;2;10059015051;S
20240408;100432;3995;1;10059015052;S
20240408;100432;3995;1;10059015053;S
20240408;100432;3995;10;10059015054;S
20240408;100432;3995;1;10059015055;S
20240408;100432;3995;1;10059015056;S
20240408;100432;3995;1;10059015057;S
20240408;100432;3995;26;10059015058;S
20240408;100432;3995;30;10059015059;S
20240408;100432;3995;2;10059015060;S
20240408;100432;3995;1;10059015061;S
20240408;100432;3995;1;10059015062;S
20240408;100432;3995;5;10059015063;S
20240408;100432;3995;25;10059015064;S
20240408;100432;3995;1;10059015065;S
20240408;100432;3995;3;10059015066;S
20240408;100432;3995;1;10059015067;S
20240408;100432;3995;1;10059015068;S
20240408;100432;3995;4;10059015069;S
20240408;100432;3995;5;10059015070;S
20240408;100432;3995;10;10059015071;S
20240408;100432;3995;1;10059015072;S
20240408;100432;3995;7;10059015073;S
20240408;100432;3995;9;10059015074;S
20240408;100432;3995;1;10059015075;S
20240408;100432;3995;12;10059015076;S
20240408;100432;3995;1;10059015077;S
20240408;100432;3995;3;10059015078;S
20240408;100432;3995;5;10059015079;S
20240408;100432;3995;50;10059015080;S
20240408;100432;3995;4;10059015081;S
20240408;100432;3995;50;10059015082;S
20240408;100432;3995;5;10059015083;S
20240408;100432;3995;2;10059015084;S
20240408;100432;3995;10;10059015085;S
20240408;100432;3995;50;10059015086;S
20240408;100432;3995;100;10059015087;S
20240408;100432;3995;1;10059015088;S
20240408;100432;3995;2;10059015089;S
20240408;100432;3995;150;10059015090;S
20240408;100432;3995;1;10059015091;S
20240408;100432;3995;50;10059015092;S
20240408;100432;3995;100;10059015093;S
20240408;100432;3994.8;100;10059015094;S
20240408;100432;3994.8;7;10059015095;S
20240408;100432;3994.8;2;10059015096;S
20240408;100432;3994.8;50;10059015097;S
20240408;100432;3994.4;1;10059015098;S
20240408;100432;3994.4;1;10059015099;S
20240408;100432;3994.2;2;10059015100;S
20240408;100432;3994.2;5;10059015101;S
20240408;100432;3994;2;10059015102;S
20240408;100432;3994;13;10059015103;S
20240408;100432;3994;5;10059015104;S
20240408;100432;3994;7;10059015105;S
20240408;100432;3993.6;1;10059015106;S
20240408;100432;3993.4;50;10059015107;S
20240408;100432;3993;2;10059015108;S
20240408;100432;3992.6;50;10059015109;S
20240408;100432;3992.4;30;10059015110;S
20240408;100432;3992.2;10;10059015111;S
20240408;100432;3992.2;91;10059015112;S
20240408;100432;3992;300;10059015113;S
20240408;100432;3992;3;10059015114;S
20240408;100432;3991.8;50;10059015115;S
20240408;100432;3991.2;50;10059015116;S
20240408;100432;3991.2;1;10059015117;S
20240408;100432;3991.2;2;10059015118;S
20240408;100432;3991.2;2;10059015119;S
20240408;100432;3991;2;10059015120;S
20240408;100432;3990.6;3;10059015121;S
20240408;100432;3990.6;100;10059015122;S
20240408;100432;3990.6;1;10059015123;S
20240408;100432;3990.4;15;10059015124;S
20240408;100432;3990.2;1;10059015125;S
20240408;100432;3990;1;10059015126;S
20240408;100432;3990;100;10059015127;S
20240408;100432;3990;1;10059015128;S
20240408;100432;3990;3;10059015129;S
20240408;100432;3990;71;10059015130;S
20240408;100432;3990;1;10059015131;S
20240408;100432;3990;50;10059015132;S
20240408;100432;3989.6;1;10059015133;S
20240408;100432;3989.6;1;10059015134;S
20240408;100432;3989.6;1;10059015135;S
20240408;100432;3989.4;10;10059015136;S
20240408;100432;3989.2;191;10059015137;S
20240408;100432;3990.6;5;10059015144;S
20240408;100432;3992.2;1;10059015156;S
20240408;100432;3992.4;1;10059015157;S
20240408;100432;3992.4;1;10059015158;S
20240408;100432;3992.4;1;10059015159;S
20240408;100433;3990.6;2;10059015256;S
20240408;100433;3990.6;8;10059015258;S
20240408;100433;3990.6;29;10059015260;S
20240408;100433;3990.4;21;10059015261;S
20240408;100433;3992;1;10059015263;B
20240408;100433;3991.2;3;10059015269;S
20240408;100433;3991.2;12;10059015270;S
20240408;100433;3991.2;10;10059015279;S
20240408;100433;3992.8;1;10059015281;B
20240408;100433;3991.2;2;10059015282;S
20240408;100433;3991.4;10;10059015302;S
20240408;100433;3991.4;20;10059015311;S
20240408;100433;3991.4;1;10059015316;S
20240408;100433;3991.4;8;10059015343;S
20240408;100433;3991.2;17;10059015344;S
20240408;100433;3991.4;39;10059015359;S
20240408;100433;3991.2;18;10059015360;S
20240408;100433;3992;2;10059015391;B
20240408;100433;3991.4;16;10059015407;S
20240408;100433;3992;2;10059015422;B
20240408;100433;3992.4;1;10059015423;B
20240408;100434;3991.4;9;10059015433;S
20240408;100434;3991.4;14;10059015435;S
20240408;100434;3991.2;38;10059015436;S
20240408;100434;3991.2;8;10059015437;S
20240408;100434;3991.2;3;10059015440;S
20240408;100434;3992.2;2;10059015444;B
20240408;100434;3992.6;4;10059015445;B
20240408;100434;3992.8;4;10059015446;B
20240408;100434;3992.8;35;10059015447;B
20240408;100434;3992.8;5;10059015448;B
20240408;100434;3993;1;10059015526;B
20240408;100434;3992.4;1;10059015541;S
20240408;100434;3992.4;37;10059015542;S
20240408;100434;3992.4;39;10059015556;S
20240408;100434;3992.4;23;10059015593;S
20240408;100434;3992.4;2;10059015594;S
20240408;100434;3992.2;39;10059015595;S
20240408;100434;3992;10;10059015596;S
20240408;100434;3991.2;100;10059015597;S
20240408;100434;3991;216;10059015598;S
20240408;100435;3993;9;10059015687;B
20240408;100435;3993.2;1;10059015688;B
20240408;100435;3992.2;1;10059015859;S
20240408;100436;3994.4;5;10059015940;B
20240408;100436;3994.6;38;10059015941;B
20240408;100436;3994.8;34;10059015942;B
20240408;100436;3995;50;10059015943;B
20240408;100436;3995.6;16;10059015944;B
20240408;100436;3995.8;50;10059015945;B
20240408;100436;3996;39;10059015946;B
20240408;100436;3996.8;29;10059015947;B
20240408;100436;3996.6;2;10059016070;B
20240408;100436;3996.6;1;10059016140;B
20240408;100437;3996.6;2;10059016557;B
20240408;100437;3996.6;17;10059016558;B
20240408;100439;3996.6;1;10059016998;S
20240408;100439;3996;1;10059016999;S
20240408;100439;3993.4;48;10059017000;S
20240408;100440;3996;5;10059017282;S
20240408;100441;3995.2;1;10059017488;S
20240408;100441;3995;1;10059017489;S
20240408;100441;3994.8;5;10059017490;S
20240408;100441;3993.2;6;10059017491;S
20240408;100441;3993;5;10059017492;S
20240408;100441;3992.6;4;10059017493;S
20240408;100441;3992.6;68;10059017494;S
20240408;100441;3992.6;51;10059017495;S
20240408;100441;3992.4;1;10059017639;S
20240408;100442;3994.2;5;10059017754;B
20240408;100442;3994.2;51;10059017755;B
20240408;100442;3994.4;38;10059017756;B
20240408;100442;3994.6;6;10059017757;B
20240408;100442;3992.4;1;10059017891;S
20240408;100443;3994.4;2;10059018083;B
20240408;100443;3994.6;38;10059018084;B
20240408;100443;3992.6;1;10059018114;S
20240408;100444;3993.6;1;10059018332;S
20240408;100445;3994.6;2;10059018382;B
20240408;100445;3992.2;2;10059018501;S
20240408;100445;3992.2;9;10059018502;S
20240408;100445;3992.2;2;10059018503;S
20240408;100445;3992;34;10059018504;S
20240408;100445;3992;1;10059018574;S
20240408;100446;3992.6;1;10059018889;S
20240408;100447;3994.4;2;10059019105;B
20240408;100448;3992.2;68;10059019417;S
20240408;100448;3992.2;10;10059019418;S
20240408;100448;3992.2;76;10059019419;S
20240408;100448;3992.2;38;10059019420;S
20240408;100448;3992;5;10059019421;S
20240408;100448;3992;373;10059019422;S
20240408;100449;3993.4;1;10059019616;B
20240408;100449;3993.6;2;10059019696;B
20240408;100450;3992;1;10059020021;S
20240408;100450;3993.4;2;10059020051;B
20240408;100452;3992.2;1;10059020568;S
20240408;100452;3994.2;2;10059020576;B
20240408;100453;3992.2;1;10059020769;S
20240408;100453;3992.2;2;10059020905;S
20240408;100453;3992;17;10059020906;S
20240408;100454;3992.2;2;10059021108;S
20240408;100454;3994;1;10059021134;B
20240408;100455;3992.2;1;10059021235;S
20240408;100455;3992.2;7;10059021292;S
20240408;100455;3992;3;10059021293;S
20240408;100456;3993.8;2;10059021516;B
20240408;100456;3994;52;10059021517;B
20240408;100456;3993.8;4;10059021563;B
20240408;100456;3992;2;10059021601;S
20240408;100456;3992;1;10059021694;S
20240408;100457;3992.2;2;10059021828;S
20240408;100457;3992;68;10059021829;S
20240408;100457;3991.8;20;10059021830;S
20240408;100458;3991.8;1;10059022139;S
20240408;100500;3991.8;1;10059022733;S
20240408;100500;3991.8;30;10059022935;S
20240408;100502;3991.8;5;10059023385;B
20240408;100502;3991.4;3;10059023623;S
20240408;100503;3991.4;1;10059023768;S
20240408;100503;3991.4;39;10059023769;S
20240408;100503;3991.2;4;10059023770;S
20240408;100503;3991.2;9;10059023771;S
20240408;100503;3991;94;10059023772;S
20240408;100503;3991;39;10059023806;S
20240408;100503;3990.8;3;10059023807;S
20240408;100503;3990.8;2;10059023808;S
20240408;100503;3990.8;6;10059023809;S
20240408;100503;3991.4;1;10059023929;B
20240408;100504;3991.4;8;10059024058;B
20240408;100504;3991.4;22;10059024059;B
20240408;100504;3991.4;1;10059024060;B
20240408;100504;3991.6;20;10059024062;B
20240408;100504;3991.4;10;10059024145;S
20240408;100504;3991.8;16;10059024147;B
20240408;100504;3991.8;30;10059024148;B
20240408;100504;3991.8;54;10059024149;B
20240408;100504;3991.8;5;10059024150;B
20240408;100504;3991.8;9;10059024151;B
20240408;100504;3992.2;32;10059024152;B
20240408;100504;3995;19;10059024153;B
20240408;100505;3992.6;4;10059024499;S
20240408;100508;3994;1;10059025208;B
20240408;100510;3993.8;5;10059025864;B
20240408;100510;3994;25;10059025906;B
20240408;100511;3993;1;10059026112;S
20240408;100511;3992.8;9;10059026113;S
20240408;100511;3992.6;13;10059026114;S
20240408;100511;3992.6;5;10059026271;S
20240408;100513;3994;16;10059026806;B
20240408;100513;3994;1;10059026807;B
20240408;100513;3994.4;100;10059026808;B
20240408;100513;3994.6;8;10059026809;B
20240408;100513;3995.2;1;10059027034;B
20240408;100514;3995.2;45;10059027137;B
20240408;100514;3995.6;9;10059027138;B
20240408;100514;3996.4;31;10059027139;B
20240408;100514;3996.6;115;10059027140;B
20240408;100514;3997.4;1;10059027211;B
20240408;100514;3998.2;2;10059027255;B
20240408;100515;3998.4;4;10059027489;B
20240408;100515;3998.8;46;10059027490;B
20240408;100515;3998.8;39;10059027579;B
20240408;100515;3999;61;10059027580;B
20240408;100515;3998.4;10;10059027650;B
20240408;100515;3999;90;10059027651;B
20240408;100516;3999;30;10059027706;B
20240408;100516;3999;9;10059027707;B
20240408;100516;3999;24;10059027960;S
20240408;100516;3999;4;10059027961;S
20240408;100517;3999.6;4;10059028053;B
20240408;100517;4000;6;10059028054;B
20240408;100518;3999.8;9;10059028336;B
20240408;100518;4000;1;10059028337;B
20240408;100518;4000;1;10059028338;B
20240408;100518;4000;130;10059028441;B
20240408;100518;3999.4;20;10059028458;S
20240408;100519;3999.4;18;10059028500;S
20240408;100519;3999.2;9;10059028501;S
20240408;100519;3999;1;10059028502;S
20240408;100519;4000;83;10059028525;B
20240408;100519;4000;20;10059028526;B
20240408;100519;4000;2;10059028527;B
20240408;100519;3999.4;38;10059028609;S
20240408;100519;3999.2;9;10059028610;S
20240408;100519;3998.8;3;10059028611;S
20240408;100519;4000;60;10059028612;B
20240408;100519;4000;24;10059028638;B
20240408;100519;3998.4;76;10059028643;S
20240408;100519;3998.2;18;10059028644;S
20240408;100519;3999.8;1;10059028764;B
20240408;100521;3999.4;1;10059029200;B
20240408;100521;3999.6;9;10059029201;B
20240408;100522;3999.6;1;10059029298;B
20240408;100523;3997.6;6;10059029648;S
20240408;100523;3997.6;1;10059029851;S
20240408;100525;3997.6;4;10059030256;S
20240408;100526;3999;5;10059030564;B
20240408;100526;3999.2;76;10059030565;B
20240408;100526;3999.4;9;10059030566;B
20240408;100526;3999.6;31;10059030567;B
20240408;100526;3999.8;2;10059030568;B
20240408;100526;4000;119;10059030569;B
20240408;100526;4000;8;10059030570;B
20240408;100526;3998.8;1;10059030636;B
20240408;100527;3998.8;1;10059030896;B
20240408;100527;3999;2;10059030897;B
20240408;100527;3999.4;15;10059030899;B
20240408;100527;3999.6;5;10059030900;B
20240408;100529;3999.4;1;10059031476;B
20240408;100529;3999.6;9;10059031477;B
20240408;100529;3999.6;31;10059031478;B
20240408;100529;3999.8;39;10059031479;B
20240408;100529;4000;20;10059031480;B
20240408;100530;3999.2;2;10059031613;B
20240408;100530;3999.8;4;10059031614;B
20240408;100531;3999.8;3;10059031978;B
20240408;100533;3998.4;1;10059032326;S
20240408;100534;3997.8;1;10059032593;S
20240408;100534;3997.6;5;10059032594;S
20240408;100534;3997.4;1;10059032595;S
20240408;100534;3997.2;1;10059032630;S
20240408;100534;3997.2;9;10059032631;S
20240408;100534;3997;24;10059032632;S
20240408;100536;3998.6;2;10059033033;B
20240408;100536;3998.8;5;10059033034;B
20240408;100536;3998.8;35;10059033035;B
20240408;100536;3998.8;10;10059033036;B
20240408;100539;3997.8;68;10059034459;S
20240408;100539;3997.8;39;10059034460;S
20240408;100539;3997.6;9;10059034461;S
20240408;100539;3997.2;5;10059034462;S
20240408;100539;3997;279;10059034463;S
20240408;100539;3998.2;1;10059034531;B
20240408;100540;3998.2;16;10059035030;B
20240408;100542;3997.4;4;10059035517;S
20240408;100542;3997;1;10059035518;S
20240408;100542;3995.8;9;10059035519;S
20240408;100542;3995.6;39;10059035520;S
20240408;100542;3995.4;5;10059035521;S
20240408;100542;3995.2;42;10059035522;S
20240408;100542;3996.8;1;10059035527;B
20240408;100542;3996.8;1;10059035626;B
20240408;100544;3996.8;1;10059036034;B
20240408;100544;3994.4;18;10059036090;S
20240408;100546;3996.4;1;10059036684;B
20240408;100546;3996.6;68;10059036685;B
20240408;100546;3996.8;2;10059036686;B
20240408;100546;3996.8;8;10059036687;B
20240408;100546;3997;21;10059036688;B
20240408;100546;3994.6;3;10059036760;S
20240408;100546;3994.6;152;10059036835;S
20240408;100546;3994.4;21;10059036836;S
20240408;100546;3994.4;26;10059036837;S
20240408;100548;3996.2;2;10059037276;B
20240408;100548;3996.2;3;10059037397;B
20240408;100548;3996.4;7;10059037398;B
20240408;100549;3996.8;4;10059037594;B
20240408;100549;3995;1;10059037715;S
20240408;100549;3994.6;1;10059037716;S
20240408;100550;3997;6;10059037852;B
20240408;100550;3997;1;10059037871;B
20240408;100551;3996.8;1;10059038353;B
20240408;100551;3997.4;3;10059038354;B
20240408;100551;3997.4;5;10059038358;B
20240408;100552;3995;8;10059038496;S
20240408;100552;3995;3;10059038497;S
20240408;100552;3997.4;1;10059038533;B
20240408;100552;3997.4;100;10059038610;B
20240408;100552;3995.4;2;10059038661;S
20240408;100554;3997.6;39;10059039121;B
20240408;100554;3997.8;8;10059039122;B
20240408;100554;3998.4;46;10059039123;B
20240408;100554;3998.4;7;10059039124;B
20240408;100555;3998.8;1;10059039413;B
20240408;100555;3998.8;8;10059039516;B
20240408;100556;3998.8;30;10059039610;B
20240408;100556;3998.8;28;10059039611;S
20240408;100556;3998.2;1;10059039655;S
20240408;100556;3997;1;10059039656;S
20240408;100556;3997;1;10059039680;S
20240408;100556;3997;10;10059039808;S
20240408;100556;3997;1;10059039854;S
20240408;100557;3996.6;1;10059040101;S
20240408;100558;3999;1;10059040184;B
20240408;100558;3999;8;10059040185;B
20240408;100558;3999.2;11;10059040186;B
20240408;100558;3999.2;9;10059040240;B
20240408;100558;3999.4;6;10059040241;B
20240408;100559;3999.6;1;10059040482;B
20240408;100559;3999.6;1;10059040483;B
20240408;100559;3999.8;1;10059040484;B
20240408;100559;3999.8;20;10059040520;B
20240408;100559;4000;5;10059040521;B
20240408;100600;4000;100;10059040985;B
20240408;100600;4000;1;10059040996;B
20240408;100600;3998.8;70;10059041167;S
20240408;100601;4000;100;10059041310;B
20240408;100601;4000;1;10059041376;B
20240408;100603;4000;2;10059041909;B
20240408;100606;3999;1;10059042696;S
20240408;100609;3999.8;1;10059043558;B
20240408;100610;3999.8;8;10059043884;B
20240408;100610;3999.8;1;10059043914;B
20240408;100610;3999.8;8;10059043915;B
20240408;100610;3999.8;3;10059043916;B
20240408;100611;4000;4;10059044023;B
20240408;100611;3998.4;5;10059044272;S
20240408;100611;3998;8;10059044273;S
20240408;100611;3998;2;10059044367;B
20240408;100612;3998;28;10059044441;B
20240408;100613;3998;7;10059044775;B
20240408;100613;3998.4;3;10059044776;B
20240408;100614;3998.4;1;10059045070;B
20240408;100616;3998.4;1;10059045514;B
20240408;100616;3998.6;8;10059045515;B
20240408;100616;3999;10;10059045660;B
20240408;100616;3999;20;10059045716;B
20240408;100616;3999.2;8;10059045717;B
20240408;100616;3999.2;17;10059045718;B
20240408;100616;3998.8;13;10059045751;S
20240408;100616;3998.4;4;10059045752;S
20240408;100616;3998.4;8;10059045753;S
20240408;100616;3998.2;39;10059045754;S
20240408;100616;3997.8;38;10059045755;S
20240408;100616;3996.8;25;10059045756;S
20240408;100616;3996.6;1;10059045757;S
20240408;100616;3996.4;1;10059045758;S
20240408;100616;3996.2;24;10059045759;S
20240408;100616;3996;4;10059045760;S
20240408;100616;3995.6;143;10059045761;S
20240408;100617;3998.6;4;10059045929;B
20240408;100617;3998.8;38;10059045930;B
20240408;100617;3999;1;10059045931;B
20240408;100617;3999;8;10059045932;B
20240408;100617;3999;9;10059045933;B
20240408;100619;3998.8;4;10059046374;B
20240408;100619;3998.6;3;10059046432;B
20240408;100621;3998.8;1;10059046737;B
20240408;100621;3998.8;9;10059046738;B
20240408;100622;3998.8;1;10059047076;B
20240408;100622;3998.8;2;10059047077;B
20240408;100623;3998.4;50;10059047232;S
20240408;100623;3998;2;10059047257;S
20240408;100623;3998.2;3;10059047260;B
20240408;100624;3997.2;1;10059047461;S
20240408;100624;3997.2;2;10059047462;S
20240408;100624;3998.8;10;10059047675;B
20240408;100625;3999;20;10059047742;B
20240408;100626;3997.8;2;10059048082;S
20240408;100628;3998.8;9;10059048438;B
20240408;100628;3999;1;10059048439;B
20240408;100630;3999;12;10059049008;B
20240408;100631;3998.8;9;10059049301;B
20240408;100631;3999;1;10059049302;B
20240408;100631;3998.8;1;10059049347;B
20240408;100631;3997.8;2;10059049369;S
20240408;100633;3999;1;10059049592;B
20240408;100634;3999;10;10059049847;B
20240408;100634;3999;10;10059049938;B
20240408;100634;3997.8;66;10059049964;S
20240408;100634;3997.8;31;10059049965;S
20240408;100635;3997.8;4;10059050070;S
20240408;100635;3998.6;9;10059050185;B
20240408;100635;3998.8;25;10059050186;B
20240408;100635;3998.8;1;10059050225;B
20240408;100636;3998.8;37;10059050266;S
20240408;100636;3997.8;5;10059050296;S
20240408;100637;3999;1;10059050610;B
20240408;100637;3997.8;1;10059050667;S
20240408;100639;3999;2;10059051197;B
20240408;100639;3999;3;10059051276;B
20240408;100640;3999;2;10059051486;B
20240408;100641;3999;1;10059051675;B
20240408;100642;3999;130;10059051928;B
20240408;100642;3997.8;5;10059052047;S
20240408;100643;3999;5;10059052321;B
20240408;100643;3997.8;1;10059052451;S
20240408;100643;3999;1;10059052484;B
20240408;100644;3999;1;10059052503;B
20240408;100644;3999;5;10059052808;B
20240408;100644;3997.8;1;10059052813;S
20240408;100645;3999;200;10059052947;B
20240408;100646;3999;38;10059053309;B
20240408;100649;3999;2;10059054239;B
20240408;100650;3998;3;10059054329;S
20240408;100650;3999;1;10059054353;B
20240408;100652;3998;3;10059054851;S
20240408;100655;3999;4;10059055577;B
20240408;100655;3999;1;10059055597;B
20240408;100656;3999;22;10059055807;B
20240408;100656;3999;1;10059055942;B
20240408;100656;3999;25;10059055991;B
20240408;100656;3999;9;10059055992;B
20240408;100656;3999;2;10059055993;B
20240408;100656;3999;6;10059055994;B
20240408;100656;3999.2;32;10059055995;B
20240408;100656;3999.8;26;10059055996;B
20240408;100657;3997.8;1;10059056195;S
20240408;100700;3997.8;2;10059056734;S
20240408;100701;3997.8;1;10059057026;S
20240408;100701;3997.8;6;10059057027;S
20240408;100701;3997.8;2;10059057057;S
20240408;100701;3997.8;6;10059057058;S
20240408;100701;3997.8;27;10059057059;S
20240408;100701;3997.8;11;10059057061;S
20240408;100701;3997.8;9;10059057069;S
20240408;100701;3998;10;10059057070;S
20240408;100701;3998;6;10059057071;S
20240408;100701;3998;3;10059057072;S
20240408;100702;3998.6;3;10059057254;B
20240408;100704;3998;1;10059057846;S
20240408;100704;3998;1;10059057868;S
20240408;100705;3998;3;10059057977;S
20240408;100705;3998.8;3;10059058247;B
20240408;100706;3998.8;46;10059058455;B
20240408;100707;3999.4;1;10059058646;B
20240408;100708;3999.6;1;10059058839;B
20240408;100709;3999.8;10;10059059038;B
20240408;100709;3999;1;10059059154;S
20240408;100709;3998.6;10;10059059155;S
20240408;100709;3998.2;2;10059059156;S
20240408;100709;3998.2;41;10059059157;S
20240408;100710;3999.6;38;10059059381;B
20240408;100710;3999.6;2;10059059382;B
20240408;100710;3999.8;14;10059059383;B
20240408;100710;3999.8;10;10059059384;B
20240408;100710;3999.8;10;10059059385;B
20240408;100710;3999.8;100;10059059386;B
20240408;100710;3999.8;34;10059059387;B
20240408;100710;4000;17;10059059388;B
20240408;100710;4000;10;10059059389;B
20240408;100710;4000;20;10059059390;B
20240408;100710;4000;50;10059059391;B
20240408;100710;4000;45;10059059392;B
20240408;100710;3998.2;1;10059059420;S
20240408;100711;3999.8;2;10059059619;B
20240408;100713;3998.2;2;10059060021;S
20240408;100713;3999.8;1;10059060054;B
20240408;100713;3998.6;76;10059060149;S
20240408;100713;3998.6;15;10059060150;S
20240408;100713;3999.2;1;10059060184;B
20240408;100714;3999.2;1;10059060249;B
20240408;100714;3999.2;1;10059060251;B
20240408;100714;3999.4;10;10059060252;B
20240408;100714;3999.4;39;10059060253;B
20240408;100714;3999.4;35;10059060254;B
20240408;100714;3999.6;38;10059060255;B
20240408;100714;3999.8;3;10059060256;B
20240408;100714;3999.8;72;10059060257;B
20240408;100714;4000;803;10059060258;B
20240408;100716;4000;93;10059060841;B
20240408;100716;3999.6;2;10059061007;S
20240408;100716;3999.4;1;10059061008;S
20240408;100716;3999.4;11;10059061009;S
20240408;100716;3999.4;6;10059061010;S
20240408;100716;3999.8;1;10059061042;B
20240408;100717;3999.6;1;10059061207;S
20240408;100717;3999.6;12;10059061211;S
20240408;100717;3999.2;2;10059061213;S
20240408;100718;3999.2;1;10059061238;B
20240408;100718;3998.2;1;10059061388;S
20240408;100719;3999.4;39;10059061488;B
20240408;100719;3999.6;43;10059061489;B
20240408;100719;3999.6;12;10059061490;B
20240408;100719;3999.6;1;10059061491;B
20240408;100719;3999.8;179;10059061492;B
20240408;100719;4000;837;10059061493;B
20240408;100719;3999.4;1;10059061591;S
20240408;100720;4000;3;10059061767;B
20240408;100720;4000;4;10059061824;B
20240408;100720;3998.6;2;10059061893;S
20240408;100720;3998.6;74;10059061899;S
20240408;100720;3998.4;6;10059061900;S
20240408;100721;4000;50;10059062101;B
20240408;100722;4000;55;10059062248;B
20240408;100722;3999.8;15;10059062358;B
20240408;100722;3999.8;40;10059062359;B
20240408;100722;4000;5;10059062426;B
20240408;100723;4000;5;10059062562;B
20240408;100723;4000;49;10059062687;B
20240408;100725;4000;1;10059063004;B
20240408;100725;4000;7;10059063041;B
20240408;100728;4000;100;10059063788;B
20240408;100729;4000;5;10059064041;B
20240408;100729;3999.4;2;10059064062;S
20240408;100729;3999.4;5;10059064063;S
20240408;100729;4000;34;10059064123;B
20240408;100729;4000;20;10059064149;B
20240408;100729;4000;1;10059064181;B
20240408;100731;4000;4;10059064493;B
20240408;100731;4000;250;10059064633;B
20240408;100732;3999.4;1;10059064700;S
20240408;100732;3999.4;70;10059064915;S
20240408;100732;3999.4;15;10059064916;S
20240408;100732;3999.4;38;10059064917;S
20240408;100732;3999.4;56;10059064918;S
20240408;100733;3999.4;1;10059065019;S
20240408;100734;4000;1;10059065320;B
20240408;100735;4000;1;10059065383;B
20240408;100735;3999.4;1;10059065505;S
20240408;100736;4000;106;10059065577;B
20240408;100736;4000;10;10059065722;B
20240408;100739;3999.4;2;10059066614;S
20240408;100739;3999.4;65;10059066709;S
20240408;100739;3999.4;22;10059066710;S
20240408;100740;3999.4;18;10059066816;S
20240408;100740;3999.4;39;10059066817;S
20240408;100740;3999.8;1;10059066888;B
20240408;100741;3999.8;2;10059067000;B
20240408;100742;3999.4;13;10059067216;S
20240408;100743;3999.4;2;10059067529;S
20240408;100744;3999.8;4;10059067625;B
20240408;100745;3999.6;1;10059067862;B
20240408;100745;3999.6;11;10059067863;B
20240408;100745;3999.2;5;10059067990;S
20240408;100747;3999.4;1;10059068495;S
20240408;100748;3999.4;1;10059068659;S
20240408;100751;3999.6;4;10059069226;B
20240408;100751;3999.6;1;10059069227;B
20240408;100752;3999.6;1;10059069433;B
20240408;100754;3999.2;45;10059069833;S
20240408;100754;3999.2;18;10059069834;S
20240408;100754;3999.2;250;10059069882;B
20240408;100754;3999;10;10059069997;S
20240408;100754;3999;1;10059069998;S
20240408;100754;3999;7;10059070012;B
20240408;100755;3999;1;10059070180;B
20240408;100756;3999;31;10059070314;B
20240408;100756;3998.2;2;10059070363;S
20240408;100757;3998;1;10059070521;S
20240408;100757;3998;68;10059070522;S
20240408;100757;3998;6;10059070523;S
20240408;100757;3998;1;10059070524;S
20240408;100757;3998;24;10059070525;S
20240408;100757;3998.8;25;10059070589;B
20240408;100757;3998.8;10;10059070635;B
20240408;100758;3998;5;10059070716;S
20240408;100758;3998.8;41;10059070746;B
20240408;100758;3998.8;9;10059070747;B
20240408;100758;3998.8;76;10059070781;B
20240408;100758;3999;50;10059070782;B
20240408;100758;3999;18;10059070783;B
20240408;100758;3999;62;10059070784;B
20240408;100758;3999.2;187;10059070785;B
20240408;100758;3999.4;38;10059070786;B
20240408;100758;3999.6;68;10059070787;B
20240408;100758;3999.8;100;10059070788;B
20240408;100758;3999.8;1;10059070789;B
20240408;100759;3999.6;5;10059071062;B
20240408;100802;3999.2;10;10059071819;S
20240408;100804;3999.2;6;10059072465;S
20240408;100805;3999.6;1;10059072704;B
20240408;100806;3999.2;2;10059072912;S
20240408;100807;3999.6;6;10059073112;B
20240408;100808;3999.6;64;10059073163;B
20240408;100808;3999.6;18;10059073164;B
20240408;100808;3999.8;49;10059073165;B
20240408;100808;3999.8;100;10059073166;B
20240408;100808;3999.8;62;10059073167;B
20240408;100808;4000;51;10059073168;B
20240408;100808;3999.2;1;10059073227;S
20240408;100811;3999.8;1;10059073896;B
20240408;100811;3999.2;1;10059073943;S
20240408;100812;3999.2;80;10059074065;S
20240408;100812;3999.2;18;10059074066;S
20240408;100812;3999;58;10059074067;S
20240408;100814;3999;1;10059074506;B
20240408;100815;3999.4;2;10059074683;B
20240408;100815;3998;17;10059074749;S
20240408;100815;3999.4;74;10059074798;B
20240408;100815;3999.4;18;10059074799;B
20240408;100815;3999.4;8;10059074800;B
20240408;100816;3999.4;60;10059074953;B
20240408;100816;3999.4;16;10059074954;B
20240408;100816;3998.2;1;10059074994;S
20240408;100816;3998.4;1;10059075077;S
20240408;100818;3999.6;43;10059075357;B
20240408;100818;3999.8;7;10059075358;B
20240408;100818;4000;8;10059075400;B
20240408;100819;3999.4;5;10059075654;B
20240408;100819;4000;15;10059075655;B
20240408;100819;3999;4;10059075682;S
20240408;100819;3999;2;10059075745;S
20240408;100820;3998.8;1;10059075772;S
20240408;100820;3998.8;2;10059075773;S
20240408;100820;3999.6;8;10059076034;B
20240408;100821;3998.8;1;10059076176;S
20240408;100822;3998.8;2;10059076392;S
20240408;100822;3999.8;2;10059076401;B
20240408;100824;3999.8;5;10059076876;B
20240408;100824;4000;25;10059076877;B
20240408;100824;4000;1;10059076913;B
20240408;100825;4000;1;10059077133;B
20240408;100825;3999.4;2;10059077138;S
20240408;100827;4000;99;10059077509;B
20240408;100829;3999.4;2;10059077991;S
20240408;100830;4000;25;10059078050;B
20240408;100831;3999.8;1;10059078339;S
20240408;100832;4000;30;10059078500;B
20240408;100833;3999.8;1;10059078570;S
20240408;100833;4000;24;10059078643;B
20240408;100833;4000;1;10059078721;B
20240408;100834;4000;9;10059078801;B
20240408;100834;4000;5;10059078914;B
20240408;100834;4000;6;10059078956;B
20240408;100835;3999.8;3;10059079021;S
20240408;100835;3999.8;70;10059079044;S
20240408;100835;4000;150;10059079139;B
20240408;100836;3999.8;2;10059079209;S
20240408;100836;3999.8;7;10059079210;S
20240408;100836;4000;28;10059079227;B
20240408;100836;4000;50;10059079333;B
20240408;100837;4000;1;10059079457;B
20240408;100837;4000;100;10059079519;B
20240408;100839;3999.8;1;10059079970;S
20240408;100841;4000;4;10059080359;B
20240408;100841;3999.8;1;10059080382;S
20240408;100841;4000;100;10059080460;B
20240408;100841;4000;1;10059080462;B
20240408;100842;4000;55;10059080595;B
20240408;100842;4000;13;10059080666;B
20240408;100842;3999.8;4;10059080707;S
20240408;100843;3999.8;1;10059080774;S
20240408;100843;4000;14;10059080844;B
20240408;100844;4000;4;10059081097;B
20240408;100846;3999.8;2;10059081306;S
20240408;100847;4000;1;10059081455;B
20240408;100847;3999.8;4;10059081536;S
20240408;100848;4000;2;10059081654;B
20240408;100848;4000;1;10059081745;B
20240408;100849;4000;9;10059081879;B
20240408;100849;4000;1;10059081881;B
20240408;100851;3999.8;6;10059082407;S
20240408;100852;4000;50;10059082551;B
20240408;100854;4000;100;10059082967;B
20240408;100855;4000;2;10059083051;B
20240408;100856;4000;27;10059083252;B
20240408;100859;3999.8;2;10059083882;S
20240408;100900;4000;1;10059083996;B
20240408;100900;3999.8;3;10059084076;S
20240408;100900;4000;1;10059084100;B
20240408;100901;4000;1;10059084304;B
20240408;100902;3999.8;10;10059084402;S
20240408;100903;4000;55;10059084607;B
20240408;100903;4000;55;10059084638;B
20240408;100905;3999.8;1;10059085099;S
20240408;100906;4000;1;10059085311;B
20240408;100907;4000;150;10059085443;B
20240408;100908;3999.8;1;10059085616;S
20240408;100909;4000;4;10059085751;B
20240408;100910;3999.8;9;10059085967;S
20240408;100910;3999.8;13;10059085968;S
20240408;100910;3999.8;4;10059085969;S
20240408;100912;3999.8;40;10059086414;S
20240408;100912;4000;1;10059086469;B
20240408;100913;3999.8;3;10059086608;S
20240408;100914;3999.8;2;10059086709;S
20240408;100914;4000;1;10059086815;B
20240408;100915;3999.8;1;10059087099;S
20240408;100916;4000;19;10059087120;B
20240408;100916;3999.8;18;10059087140;S
20240408;100916;4000;1;10059087183;B
20240408;100916;4000;55;10059087288;B
20240408;100917;4000;1;10059087344;B
20240408;100917;4000;1;10059087357;B
20240408;100918;4000;1;10059087572;B
20240408;100920;3999.8;15;10059088031;S
20240408;100920;3999.8;76;10059088032;S
20240408;100920;3999.6;63;10059088033;S
20240408;100920;3999.8;1;10059088114;B
20240408;100920;3999.8;25;10059088144;B
20240408;100922;3999.6;2;10059088447;S
20240408;100922;3999.8;11;10059088524;B
20240408;100922;3999.8;1;10059088550;B
20240408;100923;3999.6;76;10059088839;S
20240408;100923;3999.4;1;10059088840;S
20240408;100923;3999.4;3;10059088841;S
20240408;100926;3999.8;38;10059089228;B
20240408;100926;4000;8;10059089229;B
20240408;100927;3999.8;1;10059089487;B
20240408;100927;3999.8;2;10059089528;B
20240408;100928;3999.8;35;10059089603;B
20240408;100928;3999.8;25;10059089604;B
20240408;100931;3999.8;1;10059090100;S
20240408;100931;3999.8;39;10059090165;S
20240408;100931;3999.6;11;10059090166;S
20240408;100931;3999.8;1;10059090199;S
20240408;100932;3999.8;75;10059090304;S
20240408;100932;3999.6;425;10059090305;S
20240408;100932;3999.8;2;10059090328;B
20240408;100932;3999.6;310;10059090333;S
20240408;100935;3999.4;20;10059091017;B
20240408;100936;3999.4;38;10059091172;B
20240408;100936;3999.6;1;10059091261;B
20240408;100937;3999.6;7;10059091542;B
20240408;100938;3999.4;12;10059091787;S
20240408;100940;3999.6;1;10059092177;B
20240408;100941;3999.6;1;10059092334;B
20240408;100941;3999.4;5;10059092366;S
20240408;100941;3999.6;3;10059092381;B
20240408;100942;3999.6;1;10059092509;B
20240408;100942;3999.6;1;10059092515;B
20240408;100943;3999.4;7;10059092801;S
20240408;100944;3999.4;4;10059092930;S
20240408;100944;3999.4;7;10059092994;S
20240408;100944;3999.4;32;10059092995;S
20240408;100946;3999.2;3;10059093266;S
20240408;100946;3999.2;60;10059093267;S
20240408;100946;3999.2;9;10059093268;S
20240408;100950;3999.6;1;10059094080;B
20240408;100950;3999.2;2;10059094083;S
20240408;100951;3999.6;1;10059094243;B
20240408;100954;3999.2;20;10059094772;S
20240408;100954;3999.2;1;10059094981;S
20240408;100955;3999.6;30;10059095138;B
20240408;100955;3999.6;2;10059095139;B
20240408;100955;3999.2;6;10059095195;S
20240408;100956;3999.6;10;10059095281;B
20240408;100958;3999.6;3;10059095778;B
20240408;100959;3999.6;10;10059095878;B
20240408;100959;3999.2;2;10059095923;S
20240408;101000;3999.2;4;10059096069;S
20240408;101000;3999;1;10059096070;S
20240408;101001;3999.2;6;10059096231;B
20240408;101001;3999.2;4;10059096237;B
20240408;101001;3999;1;10059096372;S
20240408;101001;3999;5;10059096373;S
20240408;101002;3999;1;10059096583;S
20240408;101004;3999.2;1;10059096862;B
20240408;101004;3999;10;10059096926;S
20240408;101005;3999;3;10059097013;S
20240408;101005;3999;1;10059097167;S
20240408;101005;3999;1;10059097168;S
20240408;101006;3999;4;10059097290;S
20240408;101006;3998.8;22;10059097291;S
20240408;101006;3998.4;5;10059097311;B
20240408;101008;3998;8;10059097736;S
20240408;101009;3998.4;1;10059097891;B
20240408;101009;3998.4;1;10059097981;B
20240408;101010;3998.4;2;10059098111;B
20240408;101011;3998.2;1;10059098477;S
20240408;101015;3998.2;38;10059099061;S
20240408;101015;3998;21;10059099062;S
20240408;101015;3998;19;10059099164;S
20240408;101016;3998.4;9;10059099241;B
20240408;101016;3998.4;58;10059099370;B
20240408;101016;3998.4;38;10059099371;B
20240408;101016;3998.6;27;10059099372;B
20240408;101016;3998.6;93;10059099373;B
20240408;101016;3999.2;10;10059099374;B
20240408;101016;3999.2;3;10059099375;B
20240408;101017;3999.2;103;10059099441;S
20240408;101017;3999.2;1;10059099598;S
20240408;101019;3999.4;1;10059099902;B
20240408;101022;3999.2;5;10059100711;S
20240408;101025;3999.4;2;10059101338;B
20240408;101025;3999.2;30;10059101453;S
20240408;101026;3999.2;29;10059101574;S
20240408;101026;3999.2;3;10059101706;S
20240408;101027;3998.2;3;10059101906;S
20240408;101028;3998.6;76;10059101984;B
20240408;101028;3998.6;38;10059101985;B
20240408;101028;3998.8;27;10059101986;B
20240408;101028;3998.8;92;10059101987;B
20240408;101028;3999;1;10059101988;B
20240408;101028;3999.4;16;10059101989;B
20240408;101030;3998.6;1;10059102593;B
20240408;101030;3998.6;9;10059102646;B
20240408;101032;3998.4;2;10059103187;S
20240408;101032;3998.4;23;10059103188;S
20240408;101032;3998.2;4;10059103261;S
20240408;101034;3998.2;10;10059103954;S
20240408;101035;3998.6;39;10059104244;B
20240408;101035;3998.2;11;10059104314;S
20240408;101035;3998;10;10059104315;S
20240408;101036;3998.4;40;10059104513;B
20240408;101036;3998.2;1;10059104611;S
20240408;101042;3998.4;10;10059105940;B
20240408;101042;3998.2;1;10059106106;S
20240408;101043;3998.4;2;10059106255;B
20240408;101044;3998.4;1;10059106389;B
20240408;101046;3998.4;1;10059106809;B
20240408;101046;3998.4;1;10059106925;B
20240408;101047;3998.2;3;10059107031;S
20240408;101048;3998;1;10059107201;S
20240408;101050;3998.4;5;10059107933;B
20240408;101050;3998;10;10059107934;S
20240408;101052;3998;1;10059108355;S
20240408;101054;3998.4;30;10059108655;B
20240408;101056;3998.4;4;10059109140;B
20240408;101057;3998;7;10059109339;S
20240408;101057;3998;27;10059109340;S
20240408;101058;3998;2;10059109531;S
20240408;101058;3998;1;10059109563;S
20240408;101058;3998.4;2;10059109676;B
20240408;101100;3998;17;10059109985;S
20240408;101100;3998;1;10059110140;S
20240408;101102;3998.2;1;10059110511;B
20240408;101103;3998.2;15;10059110921;B
20240408;101104;3998;25;10059111076;S
20240408;101105;3998.2;1;10059111375;B
20240408;101109;3998.2;5;10059112186;B
20240408;101110;3998.2;3;10059112470;B
20240408;101110;3998;21;10059112591;S
20240408;101110;3998.2;2;10059112761;B
20240408;101111;3998.2;7;10059112913;B
20240408;101111;3998;5;10059112947;S
20240408;101112;3998;1;10059113142;S
20240408;101112;3998;10;10059113200;S
20240408;101112;3998.2;4;10059113246;B
20240408;101112;3998.2;2;10059113247;B
20240408;101112;3998.2;1;10059113248;B
20240408;101112;3998.2;11;10059113249;B
20240408;101113;3998.2;1;10059113660;B
20240408;101114;3998.2;1;10059113942;B
20240408;101116;3998.2;9;10059114299;B
20240408;101116;3998.2;1;10059114318;B
20240408;101117;3998;17;10059114721;S
20240408;101117;3998;45;10059114722;S
20240408;101117;3998;1;10059114723;S
20240408;101117;3998;20;10059114724;S
20240408;101117;3998;26;10059114725;S
20240408;101117;3997.8;2;10059114726;S
20240408;101117;3997.8;25;10059114727;S
20240408;101117;3997.8;6;10059114750;B
20240408;101118;3997.8;2;10059114890;B
20240408;101119;3997.8;5;10059115228;B
20240408;101120;3997.8;1;10059115742;B
20240408;101121;3997.8;10;10059116271;B
20240408;101122;3997.4;1;10059116474;S
20240408;101129;3997.4;1;10059117965;S
20240408;101129;3997.4;9;10059117966;S
20240408;101130;3997.4;1;10059118051;S
20240408;101130;3997.6;1;10059118271;B
20240408;101134;3997.6;1;10059119194;B
20240408;101135;3997.2;1;10059119412;S
20240408;101135;3997.2;24;10059119413;S
20240408;101136;3997.6;10;10059119607;B
20240408;101136;3997.6;11;10059119611;B
20240408;101139;3997.4;2;10059120374;B
20240408;101139;3997;1;10059120645;S
20240408;101139;3997;1;10059120646;S
20240408;101139;3997;2;10059120647;S
20240408;101139;3997;8;10059120648;S
20240408;101139;3996.8;10;10059120649;S
20240408;101139;3996.8;28;10059120650;S
20240408;101139;3997.2;13;10059120695;B
20240408;101142;3997;30;10059121748;S
20240408;101142;3997;1;10059121749;S
20240408;101142;3997;24;10059121750;S
20240408;101142;3996.8;72;10059121751;S
20240408;101142;3996.8;30;10059121752;S
20240408;101143;3996.6;1;10059121885;S
20240408;101144;3996.6;25;10059122082;S
20240408;101146;3996.6;1;10059122454;S
20240408;101147;3996.6;3;10059122712;S
20240408;101147;3996.8;3;10059122740;B
20240408;101147;3996.6;10;10059122763;S
20240408;101149;3996.8;47;10059123102;B
20240408;101149;3997;38;10059123103;B
20240408;101149;3997.2;1;10059123104;B
20240408;101149;3997.2;24;10059123105;B
20240408;101149;3997.6;20;10059123106;B
20240408;101150;3997.6;3;10059123390;B
20240408;101150;3997.6;3;10059123472;B
20240408;101153;3997.6;1;10059124361;B
20240408;101154;3997;2;10059124449;S
20240408;101154;3997.6;1;10059124595;B
20240408;101156;3997.2;21;10059124847;B
20240408;101156;3996.8;68;10059124906;S
20240408;101156;3996.6;60;10059124907;S
20240408;101156;3996.6;3;10059124908;S
20240408;101156;3996.6;24;10059124909;S
20240408;101156;3996.4;500;10059124910;S
20240408;101156;3996.2;2;10059124911;S
20240408;101156;3996;1;10059124912;S
20240408;101156;3996;5;10059124913;S
20240408;101156;3995.4;39;10059124914;S
20240408;101156;3995.2;46;10059124915;S
20240408;101156;3995;4;10059124945;S
20240408;101156;3995;3;10059124980;S
20240408;101157;3995.4;3;10059125059;B
20240408;101157;3995;29;10059125091;S
20240408;101157;3995;264;10059125131;S
20240408;101157;3995;1;10059125132;S
20240408;101157;3995;40;10059125133;S
20240408;101157;3995;2;10059125134;S
20240408;101157;3995;10;10059125135;S
20240408;101157;3995;8;10059125136;S
20240408;101157;3995;13;10059125137;S
20240408;101157;3995;17;10059125138;S
20240408;101157;3995;8;10059125139;S
20240408;101157;3995;7;10059125140;S
20240408;101157;3995;5;10059125141;S
20240408;101157;3994.6;2;10059125163;S
20240408;101159;3994.6;3;10059125582;S
20240408;101159;3994.2;22;10059125583;S
20240408;101200;3994.8;1;10059125773;B
20240408;101200;3994.2;17;10059125822;S
20240408;101200;3994.2;10;10059125823;S
20240408;101200;3994;73;10059125824;S
20240408;101200;3994.2;39;10059125829;S
20240408;101200;3994;11;10059125830;S
20240408;101203;3994.6;4;10059126493;B
20240408;101203;3994;3;10059126549;S
20240408;101204;3994.8;10;10059126878;B
20240408;101204;3994;13;10059127207;S
20240408;101204;3994;50;10059127208;S
20240408;101204;3994;21;10059127209;S
20240408;101204;3994;16;10059127210;S
20240408;101204;3993.4;1;10059127251;S
20240408;101205;3993.8;25;10059127534;B
20240408;101207;3993.2;1;10059127927;S
20240408;101207;3993.2;1;10059127928;S
20240408;101207;3993.2;1;10059127929;S
20240408;101211;3994.2;5;10059128956;B
20240408;101212;3993.4;1;10059129210;S
20240408;101213;3993.4;1;10059129592;S
20240408;101213;3993.2;1;10059129593;S
20240408;101213;3993.2;17;10059129594;S
20240408;101213;3993;5;10059129595;S
20240408;101213;3993;38;10059129596;S
20240408;101213;3993;38;10059129597;S
20240408;101215;3993;3;10059129895;S
20240408;101216;3994.2;33;10059130149;B
20240408;101216;3994.4;17;10059130150;B
20240408;101216;3994.6;2;10059130151;B
20240408;101216;3995;32;10059130152;B
20240408;101216;3993;9;10059130250;S
20240408;101216;3993;2;10059130251;S
20240408;101218;3992.8;1;10059130791;S
20240408;101218;3992.8;1;10059130822;S
20240408;101218;3992.8;12;10059130896;S
20240408;101219;3993;10;10059131097;B
20240408;101219;3993;1;10059131102;B
20240408;101219;3993;3;10059131186;B
20240408;101220;3993;5;10059131466;B
20240408;101223;3992.8;11;10059132192;S
20240408;101224;3993;1;10059132323;B
20240408;101224;3992.8;2;10059132336;S
20240408;101224;3992.8;37;10059132349;S
20240408;101224;3992.6;17;10059132350;S
20240408;101224;3992.6;5;10059132351;S
20240408;101224;3992.6;39;10059132352;S
20240408;101224;3992.2;2;10059132353;S
20240408;101224;3992.6;1;10059132362;S
20240408;101225;3993;56;10059132547;B
20240408;101225;3993;1;10059132548;B
20240408;101227;3993;13;10059132942;S
20240408;101227;3992.4;47;10059132943;S
20240408;101227;3992.8;1;10059132971;S
20240408;101228;3993;6;10059133237;S
20240408;101228;3993.8;1;10059133274;B
20240408;101229;3994;6;10059133715;B
20240408;101229;3994.2;9;10059133716;B
20240408;101230;3993.4;2;10059133896;S
20240408;101230;3993.2;4;10059133897;S
20240408;101232;3993.2;2;10059134293;S
20240408;101232;3993.2;3;10059134318;S
20240408;101233;3993.2;11;10059134319;S
20240408;101233;3993.2;2;10059134387;S
20240408;101233;3994.6;2;10059134432;B
20240408;101233;3994.6;4;10059134433;B
20240408;101233;3993.2;20;10059134442;S
20240408;101233;3993.2;1;10059134515;S
20240408;101236;3994.6;19;10059134990;B
20240408;101236;3993.2;4;10059135085;S
20240408;101236;3993.2;4;10059135176;S
20240408;101237;3993.2;3;10059135343;S
20240408;101237;3993.2;20;10059135439;S
20240408;101238;3993.2;1;10059135687;S
20240408;101240;3993.4;27;10059136115;S
20240408;101243;3993.2;5;10059137088;S
20240408;101244;3994.6;1;10059137155;B
20240408;101244;3993.2;30;10059137218;S
20240408;101244;3993;4;10059137219;S
20240408;101244;3993;4;10059137220;S
20240408;101244;3993;16;10059137221;S
20240408;101244;3992.8;2;10059137222;S
20240408;101244;3992.2;76;10059137223;S
20240408;101244;3992.2;68;10059137224;S
20240408;101244;3992.2;36;10059137225;S
20240408;101244;3994.2;2;10059137242;B
20240408;101244;3992.2;36;10059137342;S
20240408;101244;3992.2;2;10059137343;S
20240408;101244;3992;10;10059137344;S
20240408;101244;3992;1;10059137345;S
20240408;101244;3992;1;10059137346;S
20240408;101244;3992;3;10059137347;S
20240408;101244;3992;200;10059137348;S
20240408;101244;3992;3;10059137349;S
20240408;101244;3992;1;10059137350;S
20240408;101244;3992;4;10059137351;S
20240408;101244;3992;1;10059137352;S
20240408;101244;3992;4;10059137353;S
20240408;101244;3992;16;10059137354;S
20240408;101244;3991.8;2;10059137355;S
