<DATE>;<TIME>;<LAST>;<VOL>;<ID>;<OPER>
20240409;095931;3958;10;10077831695;S
20240409;095931;3958;2;10077831696;S
20240409;095931;3958;20;10077831697;S
20240409;095931;3958;2;10077831698;S
20240409;095931;3958;2;10077831699;S
20240409;095931;3958;2;10077831700;S
20240409;095931;3958;5;10077831701;S
20240409;095931;3958;4;10077831702;S
20240409;095931;3958;3;10077831703;S
20240409;095931;3958;1;10077831704;S
20240409;095931;3958;1;10077831705;S
20240409;095931;3958;2;10077831706;S
20240409;095931;3958;3;10077831707;S
20240409;095931;3958;1;10077831708;S
20240409;095931;3958;1;10077831709;S
20240409;095931;3958;3;10077831710;S
20240409;095931;3958;1;10077831711;S
20240409;095931;3958;1;10077831712;S
20240409;095931;3958;1;10077831713;S
20240409;095931;3958;1;10077831714;S
20240409;095931;3958;5;10077831715;S
20240409;095931;3958;1;10077831716;S
20240409;095931;3958;1;10077831717;S
20240409;095931;3958;1;10077831718;S
20240409;095931;3958;28;10077831719;S
20240409;095931;3958;10;10077831720;S
20240409;095931;3958;13;10077831721;S
20240409;095931;3958;2;10077831722;B
20240409;095931;3958;2;10077831723;B
20240409;095931;3958;5;10077831724;S
20240409;095931;3958;47;10077831725;B
20240409;095931;3958;1;10077831726;B
20240409;095931;3958;5;10077831727;B
20240409;095931;3958;1;10077831728;B
20240409;095931;3958;1;10077831729;B
20240409;095931;3958;4;10077831730;B
20240409;095931;3958;1;10077831731;B
20240409;095931;3958;2;10077831732;B
20240409;095931;3958;4;10077831733;B
20240409;095931;3958;2;10077831734;B
20240409;095931;3958;2;10077831735;B
20240409;095931;3958;3;10077831736;B
20240409;095931;3958;5;10077831737;B
20240409;095931;3958;1;10077831738;S
20240409;095931;3958;2;10077831739;S
20240409;095931;3958;1;10077831740;B
20240409;095931;3958;1;10077831741;B
20240409;095931;3958;1;10077831742;B
20240409;095931;3958;3;10077831743;B
20240409;095931;3958;2;10077831744;B
20240409;095931;3958;2;10077831745;B
20240409;095931;3958;2;10077831746;B
20240409;095931;3958;8;10077831747;B
20240409;095931;3958;1;10077831748;B
20240409;095931;3958;2;10077831749;B
20240409;095931;3958;1;10077831750;B
20240409;095931;3958;3;10077831751;B
20240409;095931;3958;2;10077831752;B
20240409;095931;3958;9;10077831753;B
20240409;095931;3958;2;10077831754;B
20240409;095931;3958;10;10077831755;S
20240409;095931;3958;1;10077831756;S
20240409;095931;3958;1;10077831757;S
20240409;095931;3958;1;10077831758;S
20240409;095931;3958;1;10077831759;S
20240409;095931;3958;10;10077831760;S
20240409;095931;3958;1;10077831761;S
20240409;095931;3958;10;10077831762;S
20240409;095931;3958;1;10077831763;S
20240409;095931;3958;35;10077831764;S
20240409;095931;3958;1;10077831765;B
20240409;095931;3958;5;10077831766;B
20240409;095931;3958;5;10077831767;S
20240409;095931;3958;1;10077831768;S
20240409;095931;3958;1;10077831769;B
20240409;095931;3958;40;10077831770;B
20240409;095931;3958;2;10077831771;B
20240409;095931;3958;1;10077831772;B
20240409;095931;3958;3;10077831773;B
20240409;095931;3958;12;10077831774;B
20240409;095931;3958;28;10077831775;B
20240409;095931;3958;2;10077831776;B
20240409;095931;3958;70;10077831777;B
20240409;095931;3958;1;10077831778;B
20240409;095931;3958;1;10077831779;B
20240409;095931;3958;11;10077831780;B
20240409;095931;3958;10;10077831781;B
20240409;095931;3958;1;10077831782;B
20240409;095931;3958;1;10077831783;B
20240409;095931;3958;1;10077831784;B
20240409;095931;3958;6;10077831785;B
20240409;095931;3958;1;10077831786;B
20240409;095931;3958;1;10077831787;B
20240409;100000;3957;1;10077840069;S
20240409;100000;3956;1;10077840101;S
20240409;100000;3956;1;10077840102;S
20240409;100000;3955;20;10077840201;S
20240409;100000;3955;1;10077840202;S
20240409;100000;3955;19;10077840203;S
20240409;100000;3953;2;10077840237;S
20240409;100000;3952;26;10077840323;S
20240409;100000;3953.6;25;10077840478;B
20240409;100000;3954.4;93;10077840479;B
20240409;100001;3955;12;10077840776;S
20240409;100001;3956.4;16;10077841181;S
20240409;100001;3958.8;10;10077841404;B
20240409;100002;3958.8;5;10077842130;B
20240409;100003;3958;3;10077843403;S
20240409;100004;3958.8;24;10077843475;B
20240409;100004;3959;11;10077843476;B
20240409;100004;3959;1;10077843477;B
20240409;100004;3959;2;10077843478;B
20240409;100004;3959;10;10077843479;B
20240409;100004;3959;5;10077843480;B
20240409;100004;3959;2;10077843481;B
20240409;100004;3959;1;10077843482;B
20240409;100004;3959;20;10077843483;B
20240409;100004;3959;5;10077843484;B
20240409;100004;3960;17;10077843485;B
20240409;100004;3960;4;10077843486;B
20240409;100004;3960;1;10077843487;B
20240409;100004;3960;20;10077843488;B
20240409;100004;3960;1;10077843489;B
20240409;100004;3960;2;10077843490;B
20240409;100004;3958;3;10077843569;S
20240409;100004;3959.6;5;10077843684;S
20240409;100004;3959.4;15;10077843685;S
20240409;100004;3959.4;9;10077843687;S
20240409;100004;3958.2;9;10077843705;S
20240409;100004;3958.2;10;10077843709;S
20240409;100004;3959.6;2;10077844011;S
20240409;100004;3959.6;20;10077844027;S
20240409;100005;3959.6;56;10077844358;S
20240409;100005;3959;77;10077844359;S
20240409;100005;3957.8;67;10077844360;S
20240409;100005;3960;1;10077844587;B
20240409;100005;3958.8;3;10077844933;S
20240409;100005;3958.2;1;10077845018;S
20240409;100005;3960;20;10077845103;B
20240409;100005;3958.2;4;10077845229;S
20240409;100005;3958.8;1;10077845544;S
20240409;100007;3959.2;2;10077848375;S
20240409;100007;3959;2;10077848376;S
20240409;100007;3959;6;10077848419;S
20240409;100008;3959;1;10077849523;S
20240409;100008;3959;1;10077849534;S
20240409;100008;3959.4;6;10077850219;B
20240409;100008;3959.4;2;10077850228;B
20240409;100008;3959.4;1;10077850233;B
20240409;100008;3957.4;2;10077850531;S
20240409;100008;3958.2;1;10077850610;S
20240409;100008;3958.2;2;10077850611;S
20240409;100008;3958.2;2;10077850821;S
20240409;100009;3959;3;10077851194;B
20240409;100009;3959.6;2;10077851195;B
20240409;100009;3959.6;21;10077851196;B
20240409;100010;3959.4;2;10077851500;B
20240409;100010;3959.4;39;10077851501;B
20240409;100010;3959.8;76;10077851502;B
20240409;100010;3960;3;10077851503;B
20240409;100010;3958.6;1;10077851619;S
20240409;100010;3961;1;10077851630;B
20240409;100010;3961;8;10077851631;B
20240409;100011;3960.8;1;10077852047;B
20240409;100011;3960.8;39;10077852048;B
20240409;100011;3961.2;10;10077852049;B
20240409;100011;3961.2;25;10077852050;B
20240409;100011;3961.2;25;10077852051;B
20240409;100011;3961.2;1;10077852052;B
20240409;100011;3961.2;49;10077852053;B
20240409;100011;3961;1;10077852246;B
20240409;100011;3958.4;1;10077852252;S
20240409;100011;3960.8;1;10077852407;B
20240409;100011;3961;1;10077852408;B
20240409;100011;3957.8;2;10077852415;S
20240409;100012;3960.8;2;10077852574;B
20240409;100012;3961;1;10077852743;B
20240409;100012;3961;4;10077852766;B
20240409;100013;3961;32;10077852886;B
20240409;100013;3961.2;8;10077852887;B
20240409;100015;3961;2;10077853504;B
20240409;100018;3959.4;1;10077854839;B
20240409;100018;3961;37;10077854840;B
20240409;100018;3961.2;14;10077854841;B
20240409;100019;3961.2;1;10077855071;B
20240409;100020;3961.2;2;10077855217;B
20240409;100020;3961.2;1;10077855312;B
20240409;100022;3961.2;3;10077855769;B
20240409;100024;3961.2;6;10077856473;B
20240409;100024;3960.4;76;10077856537;S
20240409;100024;3960.4;34;10077856538;S
20240409;100025;3961.2;4;10077856772;B
20240409;100025;3961.2;2;10077856800;B
20240409;100025;3961.2;1;10077856801;B
20240409;100025;3963;6;10077856802;B
20240409;100026;3963;3;10077856922;B
20240409;100029;3963;4;10077858069;B
20240409;100030;3962.4;76;10077858333;S
20240409;100030;3962.4;24;10077858334;S
20240409;100031;3963;1;10077858656;B
20240409;100031;3963;21;10077858685;B
20240409;100031;3964.8;14;10077858686;B
20240409;100034;3965.8;8;10077859408;B
20240409;100034;3964.4;1;10077859646;S
20240409;100035;3964.4;1;10077859870;S
20240409;100035;3964.2;2;10077859871;S
20240409;100035;3964.2;69;10077859872;S
20240409;100035;3964.2;76;10077859873;S
20240409;100035;3964;4;10077859874;S
20240409;100035;3964;148;10077859875;S
20240409;100035;3964.4;15;10077859906;B
20240409;100036;3962.6;2;10077860093;S
20240409;100036;3962.6;16;10077860296;S
20240409;100040;3964;16;10077861062;B
20240409;100041;3963;16;10077861313;S
20240409;100042;3964;6;10077861613;B
20240409;100043;3964;17;10077861867;B
20240409;100043;3964.2;1;10077861868;B
20240409;100043;3964.6;2;10077861869;B
20240409;100043;3965.8;5;10077861870;B
20240409;100043;3963.2;2;10077862130;S
20240409;100043;3963;3;10077862131;S
20240409;100043;3963.2;2;10077862151;S
20240409;100043;3963;18;10077862152;S
20240409;100044;3965.4;5;10077862241;B
20240409;100045;3963.2;3;10077862650;S
20240409;100045;3963.2;3;10077862696;S
20240409;100047;3963;3;10077863468;S
20240409;100049;3965.4;1;10077864163;B
20240409;100049;3963.2;1;10077864217;B
20240409;100049;3963;70;10077864255;S
20240409;100049;3962.8;1;10077864258;S
20240409;100049;3962.8;200;10077864259;S
20240409;100049;3962.8;201;10077864260;S
20240409;100049;3962.8;201;10077864261;S
20240409;100049;3962.8;201;10077864262;S
20240409;100049;3962.8;201;10077864263;S
20240409;100049;3962.8;201;10077864264;S
20240409;100049;3962.8;200;10077864265;S
20240409;100049;3962.8;199;10077864266;S
20240409;100049;3962.8;178;10077864267;S
20240409;100049;3962.8;18;10077864269;S
20240409;100049;3962.8;18;10077864270;S
20240409;100049;3962.8;18;10077864273;S
20240409;100049;3962.8;18;10077864274;S
20240409;100049;3962.8;18;10077864275;S
20240409;100049;3962.8;18;10077864276;S
20240409;100049;3962.8;18;10077864277;S
20240409;100049;3962.8;18;10077864278;S
20240409;100049;3962.8;18;10077864279;S
20240409;100049;3962.8;18;10077864280;S
20240409;100049;3962.8;18;10077864281;S
20240409;100049;3962.8;18;10077864282;S
20240409;100049;3962.8;18;10077864283;S
20240409;100049;3962.8;18;10077864284;S
20240409;100049;3962.8;60;10077864285;S
20240409;100049;3962.8;43;10077864286;S
20240409;100051;3963;1;10077864994;S
20240409;100052;3962.6;25;10077865212;S
20240409;100052;3963.2;10;10077865227;B
20240409;100053;3962.6;2;10077865626;S
20240409;100055;3963.2;10;10077866207;B
20240409;100057;3963.2;18;10077867006;B
20240409;100057;3962.6;2;10077867031;S
20240409;100059;3963.2;71;10077867754;B
20240409;100059;3963.4;3;10077867755;B
20240409;100059;3964;26;10077867756;B
20240409;100100;3964;3;10077868161;S
20240409;100101;3964.2;1;10077868683;S
20240409;100104;3964.2;3;10077869564;S
20240409;100106;3964.4;1;10077870266;B
20240409;100107;3964.4;1;10077870628;B
20240409;100108;3964.2;3;10077870766;S
20240409;100108;3964.2;69;10077870871;S
20240409;100108;3964.2;3;10077870872;S
20240409;100109;3964.4;1;10077871206;B
20240409;100109;3964.4;1;10077871207;B
20240409;100109;3964.4;22;10077871208;B
20240409;100110;3964.2;18;10077871382;S
20240409;100110;3964.2;16;10077871383;S
20240409;100110;3964.4;18;10077871386;B
20240409;100113;3964.2;39;10077872311;S
20240409;100113;3964.2;36;10077872312;S
20240409;100113;3964.4;1;10077872490;B
20240409;100118;3964.4;17;10077873893;B
20240409;100119;3964.4;1;10077874359;B
20240409;100119;3964.4;2;10077874431;B
20240409;100120;3964.2;2;10077874939;S
20240409;100121;3964.2;7;10077875262;S
20240409;100122;3964.2;67;10077875652;S
20240409;100122;3964.2;3;10077875653;S
20240409;100123;3964.2;20;10077875707;S
20240409;100123;3964;1;10077875708;S
20240409;100123;3964;9;10077875709;S
20240409;100125;3963.2;4;10077876297;S
20240409;100125;3963;20;10077876298;S
20240409;100125;3963;26;10077876299;S
20240409;100125;3963;1;10077876316;S
20240409;100125;3962.6;25;10077876317;S
20240409;100125;3960.4;1;10077876393;B
20240409;100125;3960.4;9;10077876395;B
20240409;100125;3960.4;1;10077876396;B
20240409;100125;3960;1;10077876428;S
20240409;100126;3960;10;10077876860;S
20240409;100127;3960;4;10077877024;S
20240409;100128;3960;5;10077877324;S
20240409;100128;3960;2;10077877325;S
20240409;100128;3959.8;4;10077877326;S
20240409;100128;3958.2;10;10077877333;S
20240409;100131;3957;100;10077877969;B
20240409;100131;3957.2;3;10077877972;S
20240409;100131;3957.2;7;10077877973;S
20240409;100131;3956.6;2;10077878004;S
20240409;100133;3956.8;1;10077878740;B
20240409;100133;3957;1;10077878741;B
20240409;100133;3957.2;34;10077878742;B
20240409;100135;3956.2;30;10077879444;S
20240409;100135;3956;1;10077879445;S
20240409;100135;3956;10;10077879446;S
20240409;100135;3955.8;49;10077879447;S
20240409;100135;3956;15;10077879535;S
20240409;100135;3955.8;44;10077879536;S
20240409;100136;3956;1;10077879616;S
20240409;100137;3956;7;10077880056;S
20240409;100137;3956;4;10077880057;S
20240409;100137;3955.8;664;10077880058;S
20240409;100138;3956;1;10077880212;S
20240409;100140;3956.2;2;10077880789;B
20240409;100142;3956.4;5;10077881283;B
20240409;100151;3956.4;3;10077883433;B
20240409;100152;3956;3;10077883450;S
20240409;100152;3954;10;10077883455;S
20240409;100152;3954;50;10077883456;B
20240409;100152;3954.6;1;10077883518;B
20240409;100154;3954.6;52;10077884036;B
20240409;100156;3954.8;1;10077884387;B
20240409;100200;3954.6;20;10077885383;S
20240409;100200;3954.6;2;10077885384;S
20240409;100201;3953.4;1;10077885682;S
20240409;100201;3953.2;9;10077885683;S
20240409;100201;3953;9;10077885684;S
20240409;100202;3953.6;8;10077885829;B
20240409;100205;3953.6;40;10077886765;B
20240409;100206;3953.4;1;10077886924;S
20240409;100207;3953.2;9;10077887133;S
20240409;100207;3953;108;10077887134;S
20240409;100208;3953.6;1;10077887407;B
20240409;100209;3953;10;10077887613;S
20240409;100213;3953;25;10077888431;S
20240409;100214;3953;48;10077888655;S
20240409;100214;3953;1;10077888656;S
20240409;100214;3952.8;1;10077888657;S
20240409;100216;3951.4;1;10077889284;S
20240409;100216;3951.2;39;10077889285;S
20240409;100216;3951.2;31;10077889286;S
20240409;100216;3950.2;1;10077889402;S
20240409;100217;3950.2;39;10077889431;S
20240409;100217;3950.2;1;10077889432;S
20240409;100217;3950;2;10077889433;S
20240409;100217;3950;5;10077889434;S
20240409;100217;3950;3;10077889435;S
20240409;100217;3950;20;10077889436;S
20240409;100217;3950;1;10077889437;S
20240409;100217;3950;194;10077889438;S
20240409;100217;3950;6;10077889446;S
20240409;100217;3951;1;10077889447;B
20240409;100217;3950;2;10077889527;S
20240409;100217;3950;126;10077889689;S
20240409;100218;3951;75;10077889738;B
20240409;100218;3951;38;10077889739;B
20240409;100218;3951.2;37;10077889740;B
20240409;100218;3950.2;4;10077889742;S
20240409;100218;3950.2;46;10077889743;B
20240409;100218;3950.2;38;10077889755;S
20240409;100218;3950;66;10077889756;S
20240409;100218;3950;46;10077889757;S
20240409;100218;3950;54;10077889828;S
20240409;100218;3950;9;10077889829;S
20240409;100218;3950;233;10077889830;S
20240409;100218;3950;1;10077889831;S
20240409;100218;3950;2;10077889832;S
20240409;100218;3950;1;10077889833;S
20240409;100218;3950;200;10077889834;S
20240409;100218;3950.2;1;10077889903;S
20240409;100218;3950;74;10077889904;S
20240409;100218;3950;5;10077889914;S
20240409;100221;3950;20;10077890404;S
20240409;100222;3950;101;10077890787;S
20240409;100222;3950;8;10077890788;S
20240409;100226;3950;2;10077891620;S
20240409;100226;3950.2;1;10077891723;S
20240409;100226;3950;5;10077891724;S
20240409;100226;3950;9;10077891725;S
20240409;100227;3950;20;10077891812;S
20240409;100227;3950.2;76;10077891985;S
20240409;100227;3950;124;10077891986;S
20240409;100228;3950;1;10077892103;S
20240409;100228;3950;2;10077892157;S
20240409;100229;3950.2;1;10077892446;B
20240409;100230;3950;78;10077892590;S
20240409;100230;3950;2;10077892591;S
20240409;100230;3950;5;10077892592;S
20240409;100230;3950.4;2;10077892646;B
20240409;100230;3950;126;10077892677;S
20240409;100232;3950;46;10077893023;S
20240409;100232;3950;1;10077893024;S
20240409;100232;3950;115;10077893142;S
20240409;100232;3950.2;1;10077893180;B
20240409;100232;3950.2;9;10077893181;B
20240409;100235;3950;60;10077893594;S
20240409;100236;3950;19;10077893896;S
20240409;100236;3950;31;10077893897;S
20240409;100237;3950;1;10077894077;S
20240409;100238;3950;68;10077894178;S
20240409;100238;3950;2;10077894179;S
20240409;100238;3950;70;10077894180;S
20240409;100238;3950;70;10077894181;S
20240409;100238;3950.2;10;10077894182;B
20240409;100238;3950.2;100;10077894183;B
20240409;100238;3950.4;98;10077894184;B
20240409;100238;3950.6;100;10077894185;B
20240409;100238;3950.4;50;10077894187;B
20240409;100238;3951.4;1;10077894189;B
20240409;100238;3951.6;4;10077894190;B
20240409;100238;3952.4;100;10077894191;B
20240409;100238;3952.6;76;10077894192;B
20240409;100238;3952.8;9;10077894193;B
20240409;100238;3952.8;69;10077894194;B
20240409;100238;3952.8;10;10077894195;B
20240409;100238;3953;1;10077894196;B
20240409;100238;3953;20;10077894197;B
20240409;100238;3953;3;10077894199;B
20240409;100238;3953;69;10077894200;B
20240409;100238;3953.2;50;10077894201;B
20240409;100238;3953.2;76;10077894202;B
20240409;100238;3953.4;10;10077894203;B
20240409;100238;3953.4;137;10077894204;S
20240409;100238;3953.2;10;10077894222;S
20240409;100240;3953.6;7;10077894693;B
20240409;100240;3953.6;43;10077894694;B
20240409;100243;3954.2;30;10077895272;S
20240409;100244;3953.8;10;10077895530;S
20240409;100244;3953.4;69;10077895531;S
20240409;100244;3953.4;76;10077895532;S
20240409;100244;3953.2;824;10077895533;S
20240409;100244;3953.2;38;10077895534;S
20240409;100246;3952.4;20;10077895766;S
20240409;100246;3952.4;7;10077895780;S
20240409;100253;3952.8;5;10077897681;S
20240409;100253;3952.8;5;10077897682;S
20240409;100253;3952.6;3;10077897683;S
20240409;100254;3954.4;1;10077897988;B
20240409;100255;3953;3;10077898086;S
20240409;100256;3952.6;5;10077898368;S
20240409;100256;3952.6;69;10077898369;S
20240409;100256;3952.6;5;10077898370;S
20240409;100256;3952.6;10;10077898374;S
20240409;100256;3954.4;2;10077898464;B
20240409;100258;3952.6;38;10077898687;S
20240409;100259;3954;7;10077898851;B
20240409;100259;3954.2;10;10077898852;B
20240409;100259;3954.4;2;10077898853;B
20240409;100259;3954.4;18;10077898854;B
20240409;100300;3953;9;10077899158;S
20240409;100303;3954.4;5;10077899676;B
20240409;100303;3954.2;5;10077899677;S
20240409;100304;3954.4;1;10077899820;B
20240409;100304;3954.4;1;10077899821;B
20240409;100306;3954.4;1;10077900337;B
20240409;100306;3954.2;5;10077900347;S
20240409;100306;3954.4;1;10077900419;B
20240409;100309;3954.4;1;10077901006;B
20240409;100309;3954.2;1;10077901114;S
20240409;100312;3954.2;2;10077901723;S
20240409;100312;3954.4;3;10077901725;B
20240409;100313;3954.2;2;10077901781;S
20240409;100313;3954.2;2;10077901878;S
20240409;100314;3954.4;40;10077902305;B
20240409;100314;3954.4;1;10077902614;B
20240409;100315;3954.2;1;10077902842;S
20240409;100315;3954.2;1;10077902843;S
20240409;100315;3954;11;10077902845;S
20240409;100315;3954;39;10077902848;S
20240409;100315;3954;16;10077902849;S
20240409;100315;3954;5;10077902900;B
20240409;100315;3954.2;10;10077902901;B
20240409;100315;3954.2;37;10077902902;B
20240409;100319;3954.4;10;10077904228;B
20240409;100320;3953.6;12;10077904609;S
20240409;100322;3954;1;10077905198;S
20240409;100326;3954.2;1;10077906073;S
20240409;100326;3954;2;10077906114;S
20240409;100326;3954.4;1;10077906139;B
20240409;100329;3954.4;2;10077906680;B
20240409;100330;3954;2;10077906856;S
20240409;100330;3953.4;4;10077906857;S
20240409;100333;3953.4;13;10077907268;S
20240409;100340;3954.2;1;10077908846;B
20240409;100340;3954.2;5;10077908847;B
20240409;100340;3954.2;9;10077908848;B
20240409;100347;3953.6;10;10077910684;S
20240409;100353;3954.2;3;10077912033;B
20240409;100353;3954.2;2;10077912034;B
20240409;100353;3954.2;26;10077912035;B
20240409;100353;3954.4;15;10077912036;B
20240409;100353;3954.4;12;10077912037;B
20240409;100354;3954.2;7;10077912304;S
20240409;100355;3954;5;10077912500;S
20240409;100355;3954;8;10077912501;S
20240409;100358;3954;92;10077913297;S
20240409;100358;3953.8;8;10077913298;S
20240409;100400;3953.6;1;10077913856;S
20240409;100400;3953.4;4;10077913857;S
20240409;100408;3953.4;21;10077915850;S
20240409;100408;3953.2;1;10077915851;S
20240409;100408;3953.2;12;10077915852;S
20240409;100408;3953.2;1150;10077915853;S
20240409;100410;3952.6;39;10077916259;S
20240409;100410;3952.4;50;10077916260;S
20240409;100410;3952.4;12;10077916261;S
20240409;100410;3952.4;119;10077916262;S
20240409;100412;3953.2;2;10077916862;B
20240409;100418;3952.6;15;10077918273;S
20240409;100420;3952.6;1;10077919112;S
20240409;100426;3952.6;1;10077920255;S
20240409;100428;3952.6;4;10077920817;S
20240409;100436;3952.2;5;10077923164;S
20240409;100448;3952.8;38;10077926550;B
20240409;100448;3952.8;12;10077926551;B
20240409;100448;3952.8;5;10077926552;B
20240409;100448;3953.2;2;10077926553;B
20240409;100448;3953.6;5;10077926554;B
20240409;100448;3953.6;138;10077926556;S
20240409;100448;3953.2;12;10077926557;S
20240409;100448;3952.4;3;10077926558;S
20240409;100448;3952;1;10077926559;S
20240409;100448;3952;2;10077926560;S
20240409;100448;3952;1;10077926561;S
20240409;100448;3951.8;128;10077926562;S
20240409;100449;3951;5;10077926835;S
20240409;100449;3950.8;103;10077926836;S
20240409;100456;3950.8;1;10077928520;S
20240409;100456;3950.8;5;10077928521;S
20240409;100458;3950.6;1;10077929033;S
20240409;100458;3950.4;10;10077929034;S
20240409;100458;3950.4;4;10077929035;S
20240409;100458;3950.2;1;10077929036;S
20240409;100458;3950.2;18;10077929037;S
20240409;100502;3950.4;11;10077930138;S
20240409;100502;3950.2;5;10077930139;S
20240409;100503;3950.2;15;10077930447;S
20240409;100503;3950;20;10077930448;S
20240409;100506;3951.6;1;10077931325;B
20240409;100508;3951.6;4;10077931848;B
20240409;100508;3951.6;6;10077931849;B
20240409;100512;3951.6;2;10077932814;B
20240409;100516;3950.8;12;10077933942;S
20240409;100516;3950.8;10;10077933943;S
20240409;100516;3950.6;1;10077933944;S
20240409;100516;3950.6;38;10077933945;S
20240409;100516;3950.6;39;10077933946;S
20240409;100524;3950.4;1;10077936058;S
20240409;100525;3950.4;4;10077936156;S
20240409;100525;3950.2;1;10077936157;S
20240409;100525;3950.2;12;10077936158;S
20240409;100525;3950.2;5;10077936159;S
20240409;100525;3950.2;39;10077936307;S
20240409;100525;3950.2;1;10077936308;S
20240409;100525;3950.2;1;10077936309;S
20240409;100525;3950;40;10077936310;S
20240409;100525;3950;28;10077936311;S
20240409;100526;3950.2;39;10077936496;S
20240409;100526;3950;1;10077936497;S
20240409;100526;3950;328;10077936498;S
20240409;100526;3950;100;10077936499;S
20240409;100526;3950;5;10077936500;S
20240409;100526;3950;1;10077936501;S
20240409;100526;3950;1;10077936502;S
20240409;100526;3950;10;10077936503;S
20240409;100526;3950;1;10077936504;S
20240409;100526;3950;1;10077936505;S
20240409;100526;3950;13;10077936506;S
20240409;100527;3950;11;10077936624;S
20240409;100527;3950.8;7;10077936760;B
20240409;100531;3950;6;10077937474;S
20240409;100531;3950;7;10077937475;S
20240409;100532;3950.2;10;10077937531;B
20240409;100533;3950;11;10077937739;S
20240409;100533;3950;3;10077937740;S
20240409;100533;3950;3;10077937741;S
20240409;100533;3950;3;10077937742;S
20240409;100533;3950;7;10077937743;S
20240409;100533;3950;2;10077937744;S
20240409;100533;3950;12;10077937745;S
20240409;100533;3950;49;10077937746;S
20240409;100535;3950.2;3;10077938168;B
20240409;100537;3950;8;10077938749;S
20240409;100538;3950;1;10077938777;S
20240409;100538;3950;2;10077938818;S
20240409;100539;3950;1;10077939524;S
20240409;100539;3950.2;2;10077939665;B
20240409;100541;3950;13;10077940141;S
20240409;100542;3950;290;10077940459;S
20240409;100542;3950;200;10077940460;S
20240409;100542;3950;10;10077940461;S
20240409;100543;3950.2;5;10077940698;B
20240409;100543;3950.2;10;10077940788;B
20240409;100546;3950.2;4;10077941391;S
20240409;100546;3950.2;274;10077941433;S
20240409;100546;3950.2;12;10077941434;S
20240409;100546;3950.2;50;10077941435;S
20240409;100546;3950;36;10077941436;S
20240409;100546;3950;128;10077941437;S
20240409;100547;3950.8;3;10077941674;B
20240409;100550;3950.2;2;10077942357;S
20240409;100552;3950.2;76;10077942750;S
20240409;100552;3950;200;10077942751;S
20240409;100552;3950;10;10077942752;S
20240409;100552;3950;15;10077942753;S
20240409;100553;3950;50;10077943205;S
20240409;100558;3950.6;1;10077944300;B
20240409;100558;3950.8;4;10077944301;B
20240409;100601;3950.4;1;10077944902;B
20240409;100603;3950;2;10077945480;S
20240409;100605;3950;9;10077946130;S
20240409;100606;3950;5;10077946214;S
20240409;100610;3950;2;10077947148;S
20240409;100610;3950;4;10077947185;S
20240409;100610;3950;1;10077947289;S
20240409;100612;3950;3;10077947656;S
20240409;100614;3950.2;1;10077948200;B
20240409;100614;3950.2;6;10077948205;B
20240409;100614;3950.2;1;10077948460;B
20240409;100614;3950;2;10077948526;S
20240409;100615;3950;1;10077948567;S
20240409;100616;3950;9;10077948937;S
20240409;100617;3950;23;10077949223;S
20240409;100617;3950;1;10077949224;S
20240409;100617;3949.8;12;10077949225;S
20240409;100617;3949.8;14;10077949226;S
20240409;100617;3949.8;3;10077949239;S
20240409;100617;3949.6;12;10077949240;S
20240409;100617;3949.6;1;10077949261;S
20240409;100617;3949.6;1;10077949262;S
20240409;100617;3949.6;1;10077949263;S
20240409;100619;3950;1;10077949521;S
20240409;100619;3949.4;4;10077949526;S
20240409;100619;3949.4;500;10077949527;S
20240409;100619;3949.2;223;10077949528;S
20240409;100619;3949.2;12;10077949529;S
20240409;100619;3949.2;14;10077949530;S
20240409;100619;3949.2;11;10077949531;S
20240409;100619;3949.2;177;10077949532;S
20240409;100619;3949.2;41;10077949533;S
20240409;100619;3949.2;1;10077949535;S
20240409;100619;3949;2;10077949538;S
20240409;100619;3949;5;10077949677;S
20240409;100619;3949;1;10077949678;S
20240409;100619;3948.8;44;10077949679;S
20240409;100623;3949;1;10077950586;S
20240409;100623;3948.8;14;10077950587;S
20240409;100625;3948.6;1;10077950961;S
20240409;100625;3948.4;28;10077950962;S
20240409;100625;3948.2;5;10077951066;S
20240409;100625;3948.2;5;10077951067;S
20240409;100625;3948.2;5;10077951068;S
20240409;100625;3948.2;5;10077951069;S
20240409;100625;3948;1;10077951070;S
20240409;100625;3948;1;10077951071;S
20240409;100625;3948;28;10077951072;S
20240409;100625;3948;14;10077951082;S
20240409;100626;3947.2;1;10077951227;S
20240409;100626;3948.6;1;10077951325;B
20240409;100627;3948;1;10077951679;S
20240409;100627;3947.2;2;10077951680;S
20240409;100631;3947.2;10;10077952773;S
20240409;100635;3947.2;1;10077953801;S
20240409;100635;3947;5;10077953802;S
20240409;100635;3947;294;10077953803;S
20240409;100637;3947;1;10077954151;S
20240409;100637;3946.8;5;10077954152;S
20240409;100637;3946.8;2;10077954153;S
20240409;100637;3946.6;492;10077954154;S
20240409;100637;3945.6;1;10077954245;S
20240409;100637;3945.6;94;10077954246;S
20240409;100638;3947;5;10077954373;B
20240409;100638;3947.2;38;10077954374;B
20240409;100638;3947.6;1;10077954375;B
20240409;100638;3948;1;10077954376;B
20240409;100638;3948;5;10077954377;B
20240409;100640;3948;1;10077954894;B
20240409;100640;3948.6;1;10077954895;B
20240409;100640;3948.6;38;10077954896;B
20240409;100640;3949;3;10077954897;B
20240409;100640;3949.2;7;10077954898;B
20240409;100641;3949.4;4;10077955059;B
20240409;100642;3948.2;76;10077955314;S
20240409;100642;3948;38;10077955315;S
20240409;100642;3947.8;5;10077955316;S
20240409;100642;3947.2;31;10077955317;S
20240409;100647;3947.6;76;10077956359;S
20240409;100647;3947.4;5;10077956360;S
20240409;100647;3947.4;19;10077956361;S
20240409;100650;3948;30;10077957013;S
20240409;100650;3949.2;5;10077957045;B
20240409;100653;3949.2;1;10077957698;B
20240409;100653;3948.4;10;10077957843;S
20240409;100654;3948.6;1;10077958070;S
20240409;100654;3948.2;11;10077958071;S
20240409;100654;3948.2;18;10077958072;S
20240409;100659;3949.6;1;10077959405;B
20240409;100702;3949.4;1;10077960074;B
20240409;100702;3949.6;3;10077960075;B
20240409;100704;3949;1;10077961445;S
20240409;100704;3949;19;10077961446;S
20240409;100707;3949;24;10077962271;S
20240409;100708;3949;13;10077962444;S
20240409;100709;3949.6;5;10077962530;B
20240409;100714;3947.6;40;10077964404;B
20240409;100715;3947.4;1;10077964614;S
20240409;100715;3947;9;10077964615;S
20240409;100716;3947;1;10077964923;S
20240409;100718;3947;1;10077965204;S
20240409;100718;3947;1;10077965205;S
20240409;100718;3947;1;10077965206;S
20240409;100718;3946.2;50;10077965348;S
20240409;100718;3946;1;10077965349;S
20240409;100718;3946;50;10077965350;S
20240409;100718;3946;38;10077965351;S
20240409;100718;3945.8;19;10077965352;S
20240409;100719;3946;10;10077965445;B
20240409;100719;3945.8;1;10077965451;S
20240409;100721;3946.4;1;10077965908;B
20240409;100726;3946.2;20;10077966992;B
20240409;100726;3946.4;76;10077966993;B
20240409;100726;3946.6;47;10077966994;B
20240409;100729;3945.6;1;10077967596;S
20240409;100729;3945.6;19;10077967597;S
20240409;100730;3945.6;1;10077967805;S
20240409;100730;3945.4;1;10077967806;S
20240409;100730;3945.4;5;10077967807;S
20240409;100730;3945.4;3;10077967808;S
20240409;100730;3945.2;5;10077967881;S
20240409;100730;3945.2;38;10077967882;S
20240409;100730;3945.2;20;10077967883;S
20240409;100730;3945;1;10077967884;S
20240409;100730;3945;1;10077967885;S
20240409;100730;3945;50;10077967886;S
20240409;100730;3945;30;10077967887;S
20240409;100730;3945;10;10077967888;S
20240409;100730;3945;25;10077967889;S
20240409;100730;3945;1;10077967890;S
20240409;100730;3945;1;10077967891;S
20240409;100730;3945;1;10077967892;S
20240409;100730;3945;1;10077967893;S
20240409;100730;3945;16;10077967894;S
20240409;100730;3945;114;10077967902;S
20240409;100730;3944.6;50;10077967909;B
20240409;100730;3944.6;76;10077967910;B
20240409;100730;3944.6;230;10077967911;B
20240409;100730;3944.8;38;10077967912;B
20240409;100730;3944.8;106;10077967913;B
20240409;100730;3944.6;6;10077967915;B
20240409;100730;3944.6;7;10077967916;B
20240409;100730;3944.6;13;10077967920;B
20240409;100732;3945.6;10;10077968340;S
20240409;100733;3945.8;76;10077968458;S
20240409;100733;3945.6;85;10077968459;S
20240409;100733;3945.2;50;10077968460;S
20240409;100733;3945;10;10077968461;S
20240409;100733;3944.8;38;10077968462;S
20240409;100733;3944.8;16;10077968463;S
20240409;100733;3944.6;5;10077968464;S
20240409;100733;3944.4;1;10077968465;S
20240409;100733;3944.4;69;10077968466;S
20240409;100733;3944.2;90;10077968467;S
20240409;100733;3945.6;1;10077968473;S
20240409;100734;3946.8;1;10077968932;B
20240409;100736;3947.4;1;10077969171;B
20240409;100736;3947.6;1;10077969172;B
20240409;100743;3946.8;10;10077971229;S
20240409;100743;3946.6;6;10077971230;S
20240409;100746;3946.6;1;10077971646;S
20240409;100746;3946.4;69;10077971647;S
20240409;100746;3946.4;76;10077971648;S
20240409;100746;3946.4;10;10077971649;S
20240409;100746;3946.2;291;10077971650;S
20240409;100746;3946.2;38;10077971651;S
20240409;100746;3945.6;30;10077971653;S
20240409;100747;3945.2;33;10077972100;S
20240409;100749;3945.2;8;10077972662;S
20240409;100749;3945;2;10077972663;S
20240409;100752;3945.2;5;10077973140;S
20240409;100755;3945.4;1;10077973911;S
20240409;100755;3945.6;7;10077974114;B
20240409;100756;3945.4;10;10077974196;S
20240409;100756;3945.2;5;10077974197;S
20240409;100756;3945.2;8;10077974198;S
20240409;100756;3945;7;10077974304;S
20240409;100757;3945;16;10077974582;S
20240409;100757;3945;8;10077974583;S
20240409;100757;3945;1;10077974584;S
20240409;100757;3945;10;10077974585;S
20240409;100758;3945;1;10077974810;B
20240409;100800;3944.6;1;10077975094;S
20240409;100800;3944.4;9;10077975095;S
20240409;100800;3944.4;1;10077975123;S
20240409;100800;3944.8;1;10077975131;B
20240409;100801;3944;10;10077975641;S
20240409;100803;3944.8;2;10077976109;B
20240409;100804;3944;81;10077976478;S
20240409;100804;3944;3;10077976479;S
20240409;100804;3944;25;10077976480;S
20240409;100804;3943.8;91;10077976481;S
20240409;100804;3943.6;1;10077976663;S
20240409;100804;3943.6;1;10077976664;S
20240409;100804;3943.4;323;10077976665;S
20240409;100807;3943.2;2;10077977213;S
20240409;100807;3943;8;10077977214;S
20240409;100809;3943;70;10077977715;S
20240409;100809;3943;5;10077977716;S
20240409;100809;3943;50;10077977717;S
20240409;100809;3943;25;10077977718;S
20240409;100809;3943;50;10077977719;S
20240409;100809;3942.8;1;10077977720;S
20240409;100809;3942.8;1;10077977721;S
20240409;100809;3942.8;232;10077977722;S
20240409;100812;3942.2;1;10077978381;B
20240409;100812;3942.2;18;10077978429;S
20240409;100813;3942.2;32;10077978691;S
20240409;100813;3942;20;10077978692;S
20240409;100813;3942;10;10077978693;S
20240409;100813;3942;3;10077978694;S
20240409;100813;3942;114;10077978695;S
20240409;100813;3942.2;1;10077978794;S
20240409;100813;3942;36;10077978795;S
20240409;100813;3942.2;5;10077978796;B
20240409;100815;3941.2;3;10077979216;S
20240409;100815;3941.2;2;10077979217;S
20240409;100815;3941;5;10077979218;S
20240409;100816;3941.4;25;10077979441;B
20240409;100817;3941.4;1;10077979657;B
20240409;100817;3941;1;10077979667;S
20240409;100817;3941.4;1;10077979680;B
20240409;100818;3941;100;10077979741;S
20240409;100818;3941.2;91;10077979880;S
20240409;100818;3941;29;10077979881;S
20240409;100820;3941.2;1;10077980221;S
20240409;100820;3941.4;1;10077980273;S
20240409;100820;3941.4;9;10077980274;S
20240409;100820;3941.2;20;10077980275;S
20240409;100823;3941.6;1;10077981332;B
20240409;100824;3942;2;10077981508;B
20240409;100824;3941.4;1;10077981634;S
20240409;100824;3941.4;9;10077981635;S
20240409;100824;3941.2;15;10077981636;S
20240409;100824;3941;6;10077981698;S
20240409;100824;3941;100;10077981701;S
20240409;100825;3941;9;10077981812;S
20240409;100825;3941;11;10077981813;S
20240409;100825;3941.2;5;10077981826;B
20240409;100825;3941;20;10077981854;S
20240409;100825;3941;19;10077981855;S
20240409;100825;3941;1;10077981856;S
20240409;100825;3941;9;10077981857;S
20240409;100825;3941;1;10077981858;S
20240409;100826;3941;10;10077982023;S
20240409;100826;3941.2;10;10077982121;B
20240409;100827;3941;70;10077982264;S
20240409;100829;3941;6;10077982677;S
20240409;100829;3941.2;1;10077982703;B
20240409;100829;3941;3;10077982748;S
20240409;100831;3941;2;10077983198;S
20240409;100831;3941;3;10077983223;S
20240409;100832;3941;3;10077983341;S
20240409;100832;3941;50;10077983344;S
20240409;100832;3941;990;10077983424;S
20240409;100832;3941;10;10077983425;S
20240409;100832;3941;50;10077983474;S
20240409;100832;3941;6;10077983497;S
20240409;100833;3941.2;3;10077983586;B
20240409;100833;3941.2;12;10077983587;B
20240409;100833;3941.2;1;10077983588;B
20240409;100833;3941;1;10077983602;S
20240409;100833;3941.2;10;10077983646;B
20240409;100833;3941.2;1;10077983689;B
20240409;100835;3941.4;1;10077984071;S
20240409;100836;3941.6;5;10077984510;B
20240409;100837;3941.8;1;10077984658;S
20240409;100837;3941.8;100;10077984745;S
20240409;100838;3941.8;2;10077984762;S
20240409;100838;3941.8;5;10077984763;S
20240409;100838;3941.8;5;10077984764;S
20240409;100838;3941.8;5;10077984765;S
20240409;100838;3941.8;69;10077984766;S
20240409;100838;3941.6;11;10077984767;S
20240409;100838;3941.6;500;10077984768;S
20240409;100838;3941.2;10;10077984769;S
20240409;100838;3941.2;1;10077984770;S
20240409;100838;3941.2;10;10077984771;S
20240409;100838;3941.2;12;10077984772;S
20240409;100838;3941.2;631;10077984773;S
20240409;100838;3941.2;39;10077984774;S
20240409;100841;3941.8;20;10077985871;S
20240409;100841;3941.8;5;10077985910;S
20240409;100842;3941.8;9;10077986068;S
20240409;100842;3941.8;11;10077986069;S
20240409;100842;3941.8;1;10077986070;S
20240409;100842;3941.6;6;10077986071;S
20240409;100842;3941.6;4;10077986072;S
20240409;100842;3941.4;2;10077986073;S
20240409;100842;3941.2;1;10077986074;S
20240409;100842;3941;3;10077986075;S
20240409;100843;3941.6;2;10077986476;S
20240409;100844;3941.4;5;10077986680;B
20240409;100844;3941.2;1;10077986728;S
20240409;100844;3941.2;1;10077986730;S
20240409;100845;3941.4;1;10077986903;B
20240409;100845;3941.2;4;10077986981;S
20240409;100845;3941.2;11;10077986982;S
20240409;100845;3941;28;10077986983;S
20240409;100846;3941.4;10;10077987000;B
20240409;100846;3941.4;100;10077987001;B
20240409;100846;3942;8;10077987002;B
20240409;100846;3942;48;10077987003;B
20240409;100846;3942;19;10077987004;B
20240409;100846;3942.2;1;10077987262;B
20240409;100847;3942.2;10;10077987434;B
20240409;100849;3942.2;7;10077987764;B
20240409;100849;3942.2;1;10077987855;B
20240409;100852;3942;3;10077988239;S
20240409;100854;3942;12;10077988692;S
20240409;100854;3942;11;10077988693;S
20240409;100854;3942;10;10077988694;S
20240409;100854;3942;67;10077988695;S
20240409;100854;3942;12;10077988823;S
20240409;100854;3942;5;10077988824;S
20240409;100854;3942;5;10077988825;S
20240409;100854;3941.8;903;10077988826;S
20240409;100854;3942;5;10077988828;S
20240409;100855;3941;15;10077989085;S
20240409;100900;3941.4;69;10077989924;S
20240409;100900;3941.2;1;10077989925;S
20240409;100900;3941.2;12;10077989926;S
20240409;100900;3941.2;45;10077989927;S
20240409;100900;3941.2;23;10077989928;S
20240409;100903;3941.2;2;10077990274;S
20240409;100903;3941.2;38;10077990275;S
20240409;100903;3941;9;10077990276;S
20240409;100903;3941;11;10077990277;S
20240409;100904;3941.6;1;10077990421;B
20240409;100906;3941.8;1;10077990844;B
20240409;100907;3941.8;38;10077990903;S
20240409;100907;3941.8;11;10077990904;S
20240409;100907;3941.8;21;10077990905;S
20240409;100907;3941.8;25;10077990935;S
20240409;100907;3941.8;1;10077990936;S
20240409;100908;3941.8;5;10077991193;S
20240409;100909;3941.8;1;10077991429;S
20240409;100911;3942;42;10077991873;B
20240409;100911;3942;30;10077991874;B
20240409;100911;3942;9;10077991875;B
20240409;100911;3942.2;6;10077991876;B
20240409;100911;3942.2;2;10077991877;B
20240409;100911;3942.2;11;10077991878;B
20240409;100912;3942;2;10077992016;B
20240409;100912;3942.4;7;10077992017;B
20240409;100914;3942.4;1;10077992245;B
20240409;100914;3942.4;300;10077992277;B
20240409;100914;3942.4;1;10077992294;B
20240409;100914;3942.2;11;10077992325;S
20240409;100914;3942.4;1;10077992400;B
20240409;100915;3942.2;2;10077992531;S
20240409;100918;3942.2;1;10077992950;S
20240409;100918;3942.4;1;10077992971;B
20240409;100918;3942.4;2;10077992972;B
20240409;100918;3942.2;2;10077993046;S
20240409;100918;3942.2;1;10077993089;S
20240409;100920;3942.2;2;10077993381;S
20240409;100921;3942.4;3;10077993649;B
20240409;100921;3942.4;10;10077993651;B
20240409;100921;3942.2;8;10077993661;S
20240409;100922;3942.2;5;10077993904;S
20240409;100924;3942.2;11;10077994322;S
20240409;100925;3942.2;1;10077994459;S
20240409;100926;3942.4;3;10077994682;B
20240409;100927;3942.4;1;10077994960;B
20240409;100927;3942.2;1;10077994962;S
20240409;100928;3942.2;50;10077995092;S
20240409;100928;3942.2;1;10077995093;S
20240409;100928;3942.2;3;10077995094;S
20240409;100928;3942.4;3;10077995182;B
20240409;100929;3942.2;1;10077995347;S
20240409;100930;3942.4;1;10077995510;B
20240409;100932;3942.2;2;10077995754;S
20240409;100932;3942.2;3;10077995755;S
20240409;100932;3942.2;1;10077995756;S
20240409;100932;3942.2;4;10077995757;S
20240409;100934;3942.4;2;10077996204;B
20240409;100934;3942.6;1;10077996205;B
20240409;100935;3942.4;11;10077996443;S
20240409;100935;3942.4;38;10077996444;S
20240409;100935;3942.4;69;10077996445;S
20240409;100935;3942.2;6;10077996446;S
20240409;100935;3942.2;45;10077996447;S
20240409;100935;3942.2;31;10077996448;S
20240409;100936;3942.4;1;10077996677;S
20240409;100937;3942.6;50;10077996742;S
20240409;100937;3942.4;37;10077996743;S
20240409;100937;3942.2;11;10077996744;S
20240409;100937;3942.2;202;10077996745;S
20240409;100942;3942.6;5;10077997569;S
20240409;100944;3942.8;2;10077997936;B
20240409;100944;3942.6;1;10077998052;S
20240409;100944;3942.6;10;10077998070;S
20240409;100947;3942.6;10;10077998642;S
20240409;100947;3942.6;3;10077998643;S
20240409;100947;3942.8;76;10077998647;B
20240409;100947;3942.8;10;10077998671;S
20240409;100947;3943;5;10077998782;B
20240409;100948;3943;17;10077998964;B
20240409;100949;3943;10;10077999170;B
20240409;100949;3943;50;10077999212;B
20240409;100949;3943;5;10077999213;B
20240409;100951;3943.8;23;10077999461;S
20240409;100952;3944;1;10077999850;B
20240409;100953;3944.8;1;10077999901;B
20240409;100953;3944.8;1;10078000190;S
20240409;100954;3945;1;10078000451;B
20240409;100955;3945;1;10078000597;B
20240409;100955;3945;1;10078000676;B
20240409;100955;3945;2;10078000751;B
20240409;100955;3945.2;5;10078000752;B
20240409;100956;3945.8;3;10078000852;S
20240409;100957;3946.4;5;10078000972;B
20240409;100957;3946.6;5;10078000973;B
20240409;100957;3946;2;10078001006;S
20240409;101000;3947;2;10078001526;B
20240409;101000;3947;1;10078001693;B
20240409;101001;3946.8;1;10078001901;S
20240409;101001;3946.8;1;10078001979;S
20240409;101002;3946.8;9;10078002164;S
20240409;101002;3946.8;1;10078002165;S
20240409;101003;3947;3;10078002298;B
20240409;101003;3947;3;10078002299;B
20240409;101003;3947;3;10078002300;B
20240409;101003;3946.6;38;10078002366;S
20240409;101003;3946.6;11;10078002367;B
20240409;101006;3946.8;2;10078002967;B
20240409;101007;3946.8;10;10078003098;S
20240409;101007;3947.2;1;10078003126;B
20240409;101009;3947.2;50;10078003411;B
20240409;101009;3948;38;10078003413;S
20240409;101010;3948.2;2;10078003595;S
20240409;101010;3948.4;1;10078003633;S
20240409;101010;3948.2;1;10078003634;S
20240409;101011;3948.4;5;10078003844;S
20240409;101013;3949;1;10078004164;B
20240409;101014;3948.8;5;10078004346;S
20240409;101015;3949;1;10078004486;B
20240409;101015;3949.2;11;10078004487;B
20240409;101015;3949.4;4;10078004488;B
20240409;101015;3949.6;10;10078004489;B
20240409;101015;3949.6;3;10078004490;B
20240409;101015;3949.6;100;10078004491;B
20240409;101015;3949.8;1;10078004492;B
20240409;101015;3949.8;5;10078004493;B
20240409;101015;3950;30;10078004494;B
20240409;101015;3950;17;10078004495;B
20240409;101015;3950;1;10078004496;B
20240409;101015;3950;5;10078004497;B
20240409;101015;3951;1;10078004498;B
20240409;101015;3951;39;10078004499;B
20240409;101015;3951.2;31;10078004500;B
20240409;101015;3951.4;15;10078004501;B
20240409;101015;3951.4;6;10078004502;B
20240409;101015;3951.4;2;10078004503;B
20240409;101015;3951.4;200;10078004504;B
20240409;101015;3951.6;3;10078004505;B
20240409;101015;3952;1;10078004506;B
20240409;101015;3952;14;10078004507;B
20240409;101015;3952;1;10078004508;B
20240409;101015;3952;1;10078004509;B
20240409;101015;3952.2;5;10078004510;B
20240409;101015;3952.2;50;10078004511;B
20240409;101015;3952.6;16;10078004512;B
20240409;101015;3952.8;50;10078004513;B
20240409;101015;3953.2;38;10078004514;B
20240409;101015;3953.2;50;10078004515;B
20240409;101015;3953.8;5;10078004516;B
20240409;101015;3954;40;10078004517;B
20240409;101015;3954.2;244;10078004518;B
20240409;101015;3953.6;13;10078004610;B
20240409;101015;3951.6;69;10078004622;S
20240409;101015;3951.4;38;10078004623;S
20240409;101015;3951.4;5;10078004624;S
20240409;101015;3951.2;600;10078004625;S
20240409;101015;3951.2;11;10078004626;S
20240409;101015;3950;50;10078004627;S
20240409;101015;3949;160;10078004628;S
20240409;101015;3949;17;10078004629;S
20240409;101016;3950.6;1;10078004683;S
20240409;101016;3951.2;38;10078004717;B
20240409;101016;3951.2;1;10078004729;B
20240409;101017;3951.4;100;10078004864;B
20240409;101017;3951.4;11;10078004865;B
20240409;101017;3951.4;5;10078004866;B
20240409;101017;3952;39;10078004867;B
20240409;101017;3953.6;1;10078004868;B
20240409;101017;3954.2;130;10078004869;B
20240409;101017;3954.4;361;10078004870;B
20240409;101017;3954.4;1;10078004871;B
20240409;101017;3954.4;15;10078004872;B
20240409;101017;3954.4;50;10078004873;B
20240409;101017;3954.6;17;10078004874;B
20240409;101018;3954.2;1;10078005169;B
20240409;101018;3954.4;4;10078005170;B
20240409;101019;3954;7;10078005315;B
20240409;101019;3954.2;3;10078005316;B
20240409;101020;3954.4;1;10078005468;B
20240409;101020;3954.4;28;10078005469;B
20240409;101020;3953.8;1;10078005509;S
20240409;101022;3954.2;1;10078005806;B
20240409;101022;3954.4;2;10078005807;B
20240409;101022;3954.4;11;10078005808;B
20240409;101022;3954.6;39;10078005809;B
20240409;101022;3954.8;75;10078005810;B
20240409;101022;3955;10;10078005811;B
20240409;101022;3955;162;10078005812;B
20240409;101022;3954.8;30;10078005852;B
20240409;101022;3955;1;10078005860;B
20240409;101023;3954.6;1;10078006103;S
20240409;101023;3954.6;1;10078006104;S
20240409;101024;3954.6;1;10078006207;S
20240409;101025;3954.8;1;10078006354;B
20240409;101025;3954.8;1;10078006355;B
20240409;101025;3955;1;10078006356;B
20240409;101026;3954.6;1;10078006701;S
20240409;101029;3954.6;1;10078007351;S
20240409;101031;3954.6;1;10078007581;S
20240409;101031;3954.8;1;10078007678;B
20240409;101031;3954.8;10;10078007679;B
20240409;101031;3954.8;1;10078007680;B
20240409;101031;3954.8;10;10078007681;B
20240409;101031;3954.8;8;10078007682;B
20240409;101032;3954.8;25;10078007830;B
20240409;101033;3954.6;1;10078007880;S
20240409;101034;3954.8;2;10078008116;B
20240409;101035;3954.6;4;10078008283;S
20240409;101035;3954.4;16;10078008284;S
20240409;101035;3954.4;22;10078008306;S
20240409;101039;3954;1;10078008901;S
20240409;101039;3954;8;10078008910;S
20240409;101039;3953.8;200;10078008911;S
20240409;101039;3953.8;38;10078008912;S
20240409;101039;3953.8;118;10078008913;S
20240409;101039;3953.8;84;10078008914;S
20240409;101039;3953.8;89;10078008915;S
20240409;101039;3953.8;9;10078008916;S
20240409;101039;3952.2;16;10078008917;S
20240409;101039;3952.4;38;10078008919;S
20240409;101039;3952.4;38;10078008920;S
20240409;101039;3951.8;38;10078008921;S
20240409;101039;3951.4;31;10078008925;S
20240409;101041;3950.8;5;10078009385;S
20240409;101043;3952;69;10078009583;B
20240409;101043;3952.2;31;10078009584;B
20240409;101044;3952;1;10078009865;B
20240409;101044;3952;15;10078009884;B
20240409;101047;3952.2;76;10078010652;B
20240409;101047;3952.2;24;10078010653;B
20240409;101048;3952;1;10078010822;S
20240409;101052;3951.6;40;10078011427;B
20240409;101053;3951.6;76;10078011786;B
20240409;101053;3951.6;69;10078011787;B
20240409;101053;3951.8;25;10078011788;B
20240409;101054;3951.6;76;10078011887;B
20240409;101054;3951.8;242;10078011888;B
20240409;101054;3951.8;10;10078011889;B
20240409;101054;3953.4;16;10078011890;B
20240409;101054;3953.4;22;10078011891;B
20240409;101054;3952;1;10078011954;B
20240409;101054;3952;6;10078011955;B
20240409;101055;3952.4;2;10078012183;S
20240409;101055;3952.4;100;10078012184;S
20240409;101055;3952;28;10078012185;S
20240409;101100;3953.4;1;10078012757;B
20240409;101100;3953.4;53;10078012758;B
20240409;101104;3953.4;1;10078014079;B
20240409;101110;3953.2;86;10078015749;S
20240409;101110;3953;76;10078015750;S
20240409;101110;3952.8;150;10078015751;S
20240409;101110;3952.4;488;10078015752;S
20240409;101113;3952.6;15;10078016260;B
20240409;101119;3951.4;3;10078017264;S
20240409;101126;3952.2;1;10078018499;B
20240409;101128;3951.4;2;10078018686;S
20240409;101128;3951.4;1;10078018687;S
20240409;101128;3951.2;6;10078018688;S
20240409;101128;3951;8;10078018689;S
20240409;101128;3951;2;10078018690;S
20240409;101128;3950.8;4;10078018691;S
20240409;101128;3950.6;76;10078018692;S
20240409;101128;3950.6;69;10078018693;S
20240409;101128;3950.4;5;10078018694;S
20240409;101128;3950.4;50;10078018695;S
20240409;101128;3950;77;10078018696;S
20240409;101128;3950.2;76;10078018748;S
20240409;101128;3950;100;10078018749;S
20240409;101128;3950;2;10078018750;S
20240409;101128;3950;2;10078018751;S
20240409;101128;3950;30;10078018752;S
20240409;101128;3950;90;10078018753;S
20240409;101129;3949.2;4;10078018854;S
20240409;101129;3949.2;39;10078018855;S
20240409;101129;3949.2;5;10078018856;S
20240409;101129;3949;2;10078018857;S
20240409;101130;3949;2;10078019080;S
20240409;101132;3949.2;40;10078019444;S
20240409;101132;3949.2;4;10078019445;S
20240409;101132;3949;36;10078019446;S
20240409;101132;3948.8;70;10078019447;S
20240409;101132;3949.2;4;10078019459;S
20240409;101132;3948.8;15;10078019460;S
20240409;101132;3950.4;1;10078019461;S
20240409;101132;3950.6;5;10078019488;B
20240409;101132;3951.2;5;10078019489;B
20240409;101134;3950.2;2;10078019881;B
20240409;101140;3950.6;1;10078021035;B
20240409;101141;3949;1;10078021102;B
20240409;101142;3950;2;10078021525;S
20240409;101142;3950;20;10078021526;S
20240409;101142;3950;1;10078021527;S
20240409;101149;3948.2;2;10078022789;S
20240409;101149;3948.2;8;10078022790;S
20240409;101149;3948;39;10078022791;S
20240409;101149;3948;951;10078022792;S
20240409;101149;3946.8;6;10078022799;S
20240409;101149;3946.6;20;10078022800;S
20240409;101149;3946.6;1;10078022801;S
20240409;101149;3946.6;16;10078022802;S
20240409;101149;3946.6;10;10078022803;S
20240409;101151;3947.6;2;10078023116;B
20240409;101152;3947.8;1;10078023183;B
20240409;101152;3947.8;34;10078023184;B
20240409;101155;3947.8;1;10078023574;B
20240409;101155;3946.4;8;10078023679;S
20240409;101155;3946.4;22;10078023680;S
20240409;101157;3946.4;47;10078024214;S
20240409;101157;3946.4;50;10078024215;S
20240409;101157;3946.2;39;10078024216;S
20240409;101157;3946.2;9;10078024217;S
20240409;101200;3946.4;1;10078024731;S
20240409;101200;3946;3;10078024812;S
20240409;101201;3947.4;50;10078025045;B
20240409;101203;3947;32;10078025397;S
20240409;101207;3947.4;10;10078026222;S
20240409;101207;3947.4;5;10078026223;S
20240409;101209;3947.4;1;10078026768;S
20240409;101212;3948.4;9;10078027318;B
20240409;101212;3948.4;16;10078027319;B
20240409;101213;3947.2;1;10078027542;S
20240409;101215;3948.4;1;10078027858;B
20240409;101215;3947.2;1;10078027968;S
20240409;101222;3947.4;7;10078029582;S
20240409;101222;3947.2;1;10078029583;S
20240409;101222;3947.2;5;10078029584;S
20240409;101222;3947.2;14;10078029585;S
20240409;101225;3948.2;1;10078030247;B
20240409;101226;3947;285;10078030470;B
20240409;101226;3947;68;10078030471;B
20240409;101226;3947;24;10078030472;B
20240409;101229;3948.8;1;10078030990;B
20240409;101230;3949.4;5;10078031172;B
20240409;101236;3948;69;10078032202;S
20240409;101236;3947.8;5;10078032203;S
20240409;101236;3947.8;100;10078032204;S
20240409;101236;3947.6;126;10078032205;S
20240409;101241;3947.2;2;10078033198;S
20240409;101241;3947.2;34;10078033199;S
20240409;101241;3947;2;10078033200;S
20240409;101241;3947;4;10078033201;S
20240409;101242;3947;102;10078033310;S
20240409;101243;3947.6;6;10078033458;B
20240409;101246;3946.4;39;10078033959;S
20240409;101246;3946.2;3;10078033960;S
20240409;101246;3946.2;249;10078033961;S
20240409;101246;3946.2;9;10078033962;S
20240409;101247;3946.8;1;10078034274;B
20240409;101248;3945.2;5;10078034396;S
20240409;101256;3945;25;10078036233;S
20240409;101257;3945;10;10078036329;S
20240409;101257;3945;27;10078036330;S
20240409;101302;3945;20;10078038286;S
20240409;101303;3945;53;10078038432;S
20240409;101303;3945;10;10078038433;S
20240409;101303;3945;1;10078038434;S
20240409;101303;3945;1;10078038435;S
20240409;101303;3945;15;10078038436;S
20240409;101303;3945;19;10078038437;S
20240409;101303;3945;3;10078038438;S
20240409;101303;3944;1;10078038439;S
20240409;101303;3944;5;10078038440;S
20240409;101303;3943.6;1;10078038441;S
20240409;101303;3943.4;5;10078038442;S
20240409;101303;3943.2;86;10078038443;S
20240409;101304;3942.8;5;10078038725;S
20240409;101305;3944.4;1;10078038756;B
20240409;101305;3944.4;4;10078038761;B
20240409;101305;3946;12;10078038762;B
20240409;101306;3943.6;9;10078039269;S
20240409;101313;3944;4;10078040594;S
20240409;101314;3944;2;10078040748;S
20240409;101314;3943.4;3;10078040749;S
20240409;101316;3942.6;1;10078041158;S
20240409;101318;3942.8;12;10078041585;S
20240409;101318;3942.8;33;10078041586;S
20240409;101322;3944.4;1;10078042185;S
20240409;101322;3944.2;1;10078042186;S
20240409;101322;3944;10;10078042187;S
20240409;101322;3944;6;10078042188;S
20240409;101322;3944;1;10078042189;S
20240409;101322;3943.2;50;10078042190;S
20240409;101322;3943.2;2;10078042191;S
20240409;101322;3943;19;10078042192;S
20240409;101323;3944.6;1;10078042345;S
20240409;101323;3944.4;1;10078042346;S
20240409;101323;3943.6;35;10078042389;S
20240409;101323;3943.4;50;10078042390;S
20240409;101323;3943.4;5;10078042391;S
20240409;101323;3943.4;6;10078042392;S
20240409;101323;3943.4;154;10078042393;S
20240409;101323;3945;4;10078042567;B
20240409;101327;3943.4;1;10078043607;S
20240409;101327;3943.2;6;10078043608;S
20240409;101327;3943;1;10078043609;S
20240409;101327;3943;8;10078043610;S
20240409;101327;3942.8;3;10078043611;S
20240409;101329;3942.8;1;10078043961;S
20240409;101329;3942.6;44;10078043962;S
20240409;101330;3942.6;8;10078044269;S
20240409;101331;3942.6;6;10078044465;S
20240409;101334;3942.8;36;10078045013;S
20240409;101336;3944.8;1;10078045378;B
20240409;101336;3942.8;6;10078045454;S
20240409;101336;3942.8;100;10078045455;S
20240409;101336;3942.8;50;10078045456;S
20240409;101336;3942.6;100;10078045457;S
20240409;101336;3942.4;30;10078045458;S
20240409;101336;3942.4;2;10078045459;S
20240409;101336;3942.4;1;10078045460;S
20240409;101336;3942.4;1;10078045461;S
20240409;101336;3942.2;51;10078045462;S
20240409;101336;3942;100;10078045463;S
20240409;101336;3942;10;10078045464;S
20240409;101336;3942;25;10078045465;S
20240409;101336;3942;1;10078045466;S
20240409;101336;3942;5;10078045467;S
20240409;101336;3942;2;10078045468;S
20240409;101336;3942;250;10078045469;S
20240409;101336;3942;5;10078045470;S
20240409;101336;3942;39;10078045471;S
20240409;101336;3941.6;2;10078045472;S
20240409;101336;3941.4;20;10078045473;S
20240409;101337;3941.6;30;10078045613;S
20240409;101339;3941.6;5;10078046004;S
20240409;101339;3941.8;5;10078046030;S
20240409;101340;3942.8;50;10078046210;B
20240409;101340;3943;5;10078046211;B
20240409;101340;3943.2;50;10078046212;B
20240409;101340;3943.2;6;10078046213;B
20240409;101340;3943.4;110;10078046214;B
20240409;101340;3944;29;10078046215;B
20240409;101341;3944.4;1;10078046381;B
20240409;101350;3943;9;10078047862;S
20240409;101350;3943;41;10078047870;S
20240409;101350;3943;6;10078047871;S
20240409;101350;3942.8;103;10078047872;S
20240409;101352;3942;1;10078048152;S
20240409;101352;3941.8;50;10078048153;S
20240409;101352;3941.8;6;10078048154;S
20240409;101352;3941.6;6;10078048155;S
20240409;101352;3941.6;27;10078048156;S
20240409;101352;3941.6;1;10078048236;S
20240409;101356;3942.8;1;10078048639;B
20240409;101401;3942.8;3;10078049677;S
20240409;101401;3942.6;7;10078049678;S
20240409;101402;3942.2;1;10078049717;S
20240409;101402;3942.2;13;10078049789;S
20240409;101405;3942.4;7;10078050214;S
20240409;101405;3942.2;25;10078050215;S
20240409;101405;3942.2;6;10078050216;S
20240409;101408;3942.8;1;10078050824;S
20240409;101408;3942.8;4;10078050983;S
20240409;101408;3942.8;1;10078050984;S
20240409;101408;3943;2;10078051012;B
20240409;101408;3943;1;10078051013;B
20240409;101408;3943;17;10078051014;B
20240409;101410;3943;25;10078051477;B
20240409;101411;3943;47;10078051557;B
20240409;101411;3943;11;10078051558;B
20240409;101411;3943;1;10078051559;B
20240409;101413;3944.2;5;10078051959;B
20240409;101413;3944.2;7;10078051960;B
20240409;101413;3944.4;1;10078051961;B
20240409;101413;3944.4;100;10078051962;B
20240409;101413;3944.8;3;10078051963;B
20240409;101413;3945;1;10078051964;B
20240409;101413;3945;5;10078051965;B
20240409;101413;3945.6;59;10078051979;B
20240409;101413;3945.6;1;10078051980;B
20240409;101413;3945.6;3;10078052036;S
20240409;101413;3945.8;1;10078052051;B
20240409;101413;3946.6;1;10078052052;B
20240409;101414;3947.2;20;10078052179;S
20240409;101414;3948;5;10078052262;B
20240409;101414;3947.2;19;10078052275;S
20240409;101414;3947;2;10078052276;S
20240409;101414;3947;6;10078052277;S
20240409;101414;3946.2;50;10078052278;S
20240409;101414;3945.6;58;10078052279;S
20240409;101414;3948;5;10078052310;B
20240409;101420;3947.4;3;10078053135;S
20240409;101420;3947.4;39;10078053136;S
20240409;101420;3947.2;5;10078053137;S
20240409;101420;3947.2;6;10078053138;S
20240409;101420;3947;4;10078053139;S
20240409;101420;3946.8;2;10078053140;S
20240409;101420;3946.6;20;10078053141;S
20240409;101420;3946.4;5;10078053142;S
20240409;101420;3946.4;16;10078053143;S
20240409;101420;3948;1;10078053178;B
20240409;101426;3947.6;1;10078054034;B
20240409;101427;3947.4;5;10078054221;S
20240409;101427;3947.4;5;10078054222;S
20240409;101428;3947.6;1;10078054392;B
20240409;101429;3947.6;2;10078054435;S
20240409;101429;3947.6;27;10078054496;S
20240409;101429;3947.4;10;10078054497;S
20240409;101429;3947.4;7;10078054498;S
20240409;101429;3947.4;41;10078054499;S
20240409;101429;3947.8;2;10078054523;B
20240409;101429;3948;1;10078054524;B
20240409;101429;3948.2;1;10078054525;B
20240409;101429;3948.2;5;10078054526;B
20240409;101429;3948.2;5;10078054527;B
20240409;101429;3948.2;7;10078054528;B
20240409;101431;3948.6;1;10078054870;B
20240409;101431;3948.8;10;10078054871;B
20240409;101431;3949;12;10078054872;B
20240409;101431;3949;6;10078054873;B
20240409;101431;3949.6;17;10078054874;B
20240409;101431;3949.8;4;10078054875;B
20240409;101432;3948.4;7;10078054941;S
20240409;101432;3948.2;3;10078054942;S
20240409;101433;3949.4;1;10078055200;S
20240409;101433;3949.4;4;10078055201;S
20240409;101433;3949.6;1;10078055205;B
20240409;101434;3949.6;1;10078055296;B
20240409;101434;3948.8;2;10078055318;S
20240409;101437;3949.8;10;10078055763;B
20240409;101440;3949.2;1;10078056428;S
20240409;101440;3949.2;7;10078056429;S
20240409;101440;3949;42;10078056430;S
20240409;101443;3949.6;50;10078056891;B
20240409;101443;3949.6;7;10078056892;B
20240409;101443;3949.6;5;10078056893;B
20240409;101448;3948;1;10078057948;S
20240409;101450;3948;4;10078058229;S
20240409;101450;3948;7;10078058230;S
20240409;101450;3947.8;76;10078058231;S
20240409;101459;3947.2;1;10078059650;S
20240409;101508;3948;1;10078061401;B
20240409;101509;3948;5;10078061740;B
20240409;101509;3948.6;4;10078061741;B
20240409;101509;3949.6;7;10078061742;B
20240409;101509;3949.6;100;10078061743;B
20240409;101509;3949.8;86;10078061744;B
20240409;101509;3949.8;5;10078061745;B
20240409;101509;3949.8;59;10078061746;B
20240409;101509;3949.8;39;10078061747;B
20240409;101509;3950;945;10078061748;B
20240409;101509;3950;1;10078061749;B
20240409;101509;3950;5;10078061750;B
20240409;101509;3950;10;10078061751;B
20240409;101509;3950;1;10078061842;B
20240409;101515;3949.6;7;10078063115;S
20240409;101516;3950;1;10078063435;B
20240409;101519;3950;1;10078063916;B
20240409;101519;3950;1;10078063978;B
20240409;101519;3950;3;10078063998;B
20240409;101520;3950;1;10078064071;B
20240409;101520;3950;1;10078064100;B
20240409;101522;3950;1;10078064562;B
20240409;101523;3950;1;10078064754;B
20240409;101523;3950;1;10078064833;B
20240409;101523;3950;171;10078064852;B
20240409;101523;3950;1;10078064853;B
20240409;101523;3950;1;10078064854;B
20240409;101523;3950;1;10078065010;B
20240409;101524;3950;1;10078065264;B
20240409;101526;3949.8;300;10078065514;S
20240409;101526;3949.6;7;10078065515;S
20240409;101526;3949.6;100;10078065516;S
20240409;101526;3949.6;43;10078065517;S
20240409;101527;3949.8;1;10078065943;B
20240409;101527;3949.8;5;10078065951;B
20240409;101534;3950.2;7;10078068046;B
20240409;101534;3950.4;1;10078068047;B
20240409;101534;3950.4;100;10078068048;B
20240409;101534;3950.8;92;10078068049;B
20240409;101535;3951.2;95;10078068383;S
20240409;101535;3951;80;10078068384;S
20240409;101535;3951;7;10078068385;S
20240409;101535;3950.8;14;10078068386;S
20240409;101535;3950.6;10;10078068387;S
20240409;101535;3950.4;5;10078068388;S
20240409;101536;3950;1;10078068393;B
20240409;101536;3949.2;1;10078068447;S
20240409;101540;3950;8;10078069305;B
20240409;101542;3950;50;10078069815;B
20240409;101546;3950;50;10078070859;S
20240409;101546;3949.8;8;10078070860;S
20240409;101546;3948.8;21;10078070861;S
20240409;101546;3948.4;39;10078070862;S
20240409;101546;3948.2;172;10078070863;S
20240409;101552;3949;5;10078072435;B
20240409;101552;3949.2;3;10078072436;B
20240409;101552;3949.2;51;10078072437;B
20240409;101552;3949.8;41;10078072438;B
20240409;101556;3948.4;4;10078073225;S
20240409;101556;3948.2;2;10078073226;S
20240409;101556;3948;3;10078073227;S
20240409;101556;3949;1;10078073257;B
20240409;101601;3949.2;1;10078074006;B
20240409;101601;3949.8;3;10078074007;B
20240409;101601;3949.8;1;10078074123;B
20240409;101605;3947.8;2;10078075031;S
20240409;101605;3947.8;5;10078075032;S
20240409;101605;3947.6;44;10078075033;S
20240409;101607;3949.2;2;10078075288;B
20240409;101607;3949.2;50;10078075289;B
20240409;101607;3949.4;5;10078075290;B
20240409;101607;3949.4;100;10078075291;B
20240409;101607;3949.6;50;10078075292;B
20240409;101607;3949.8;69;10078075293;B
20240409;101607;3949.8;76;10078075294;B
20240409;101607;3950;63;10078075295;B
20240409;101615;3949.2;2;10078077123;S
20240409;101618;3949.2;1;10078077544;B
20240409;101621;3949;3;10078078132;S
20240409;101625;3949.6;11;10078078911;B
20240409;101627;3950;2;10078079817;B
20240409;101628;3949.8;2;10078080023;S
20240409;101630;3949.8;2;10078080689;S
20240409;101632;3950;25;10078081243;B
20240409;101634;3949.8;3;10078081616;S
20240409;101636;3950;1;10078081899;B
20240409;101639;3949.8;3;10078082354;S
20240409;101639;3949.8;20;10078082420;S
20240409;101642;3949.2;2;10078083198;S
20240409;101642;3949;2;10078083200;S
20240409;101642;3949;11;10078083201;S
20240409;101642;3949;2;10078083202;S
20240409;101643;3949.2;1;10078083320;B
20240409;101643;3949.4;1;10078083348;B
20240409;101644;3949.4;10;10078083591;B
20240409;101644;3949.8;20;10078083592;B
20240409;101645;3950;1;10078083620;B
20240409;101645;3949.8;5;10078083624;S
20240409;101645;3949.8;5;10078083625;S
20240409;101652;3949.8;1;10078084820;B
20240409;101653;3949.6;2;10078084906;S
20240409;101658;3949.6;11;10078085643;S
20240409;101658;3949.4;91;10078085644;S
20240409;101659;3950;1;10078085879;B
20240409;101702;3950;20;10078086657;B
20240409;101710;3950;1;10078088330;B
20240409;101711;3950;10;10078088493;B
20240409;101729;3949.2;2;10078091839;B
20240409;101729;3949;1;10078091851;S
20240409;101729;3949;24;10078091865;S
20240409;101729;3948.6;50;10078091873;B
20240409;101735;3949;1;10078092841;S
20240409;101735;3949;4;10078092842;S
20240409;101739;3949;11;10078093572;B
20240409;101739;3949.2;8;10078093573;B
20240409;101739;3950;6;10078093574;B
20240409;101740;3948.8;5;10078093696;S
20240409;101743;3949;1;10078094324;S
20240409;101744;3949;1;10078094660;B
20240409;101746;3948.8;9;10078095000;S
20240409;101748;3948.8;4;10078095204;B
20240409;101748;3948.8;2;10078095239;B
20240409;101749;3949;1;10078095394;B
20240409;101749;3948.8;1;10078095404;S
20240409;101755;3948.6;3;10078096748;S
20240409;101755;3948.6;5;10078096749;S
20240409;101756;3948;2;10078097076;S
20240409;101756;3947.8;1;10078097077;S
20240409;101759;3948.2;1;10078097759;B
20240409;101815;3947.6;2;10078100521;S
20240409;101817;3947.8;48;10078100909;B
20240409;101819;3947.8;9;10078101196;B
20240409;101819;3947.8;76;10078101197;B
20240409;101819;3947.8;15;10078101198;B
20240409;101819;3947.4;1;10078101243;S
20240409;101819;3947.8;10;10078101244;B
20240409;101831;3947.4;1;10078103313;S
20240409;101831;3947.4;9;10078103314;S
20240409;101831;3947.2;1;10078103315;S
20240409;101834;3947.6;76;10078103761;B
20240409;101834;3947.6;9;10078103762;B
20240409;101834;3947.8;44;10078103763;B
20240409;101834;3947.8;50;10078103764;B
20240409;101834;3947.8;1;10078103765;B
20240409;101834;3948;105;10078103766;B
20240409;101834;3948;80;10078103767;B
20240409;101834;3948.6;2;10078103768;B
20240409;101834;3948.6;39;10078103769;B
20240409;101835;3949;7;10078103878;B
20240409;101835;3949;3;10078103879;B
20240409;101837;3948.8;2;10078104108;S
20240409;101839;3949;9;10078104325;B
20240409;101840;3949;25;10078104637;B
20240409;101840;3949;25;10078104718;B
20240409;101840;3949;23;10078104719;B
20240409;101841;3948.8;1;10078104809;S
20240409;101844;3949;1;10078105054;B
20240409;101844;3949;1;10078105127;B
20240409;101845;3948.8;3;10078105144;S
20240409;101846;3948.8;20;10078105276;S
20240409;101848;3948.8;10;10078105850;S
20240409;101851;3949;30;10078106677;B
20240409;101853;3948.8;1;10078107115;S
20240409;101857;3948.8;5;10078108177;S
20240409;101858;3948.8;173;10078108362;S
20240409;101858;3948.8;253;10078108522;S
20240409;101858;3949;90;10078108536;B
20240409;101859;3948.8;9;10078108857;S
20240409;101901;3948.8;70;10078109508;S
20240409;101904;3949;2;10078110211;B
20240409;101907;3948.8;2;10078110906;S
20240409;101908;3949;4;10078111084;B
20240409;101908;3949;1;10078111085;B
20240409;101911;3949;1;10078111491;B
20240409;101914;3949;5;10078111924;S
20240409;101925;3949.2;17;10078114131;S
20240409;101925;3949.2;5;10078114132;S
20240409;101925;3949;200;10078114133;S
20240409;101925;3949;78;10078114134;S
20240409;101928;3948.8;45;10078114905;S
20240409;101928;3948.8;155;10078114906;S
20240409;101928;3949.6;5;10078115114;B
20240409;101928;3949.8;3;10078115115;B
20240409;101930;3949;1;10078115462;B
20240409;101930;3949;6;10078115526;B
20240409;101930;3949.8;19;10078115527;B
20240409;101933;3950;120;10078116339;B
20240409;101933;3950;5;10078116340;B
20240409;101933;3950;56;10078116341;B
20240409;101933;3950;5;10078116342;B
20240409;101933;3950;10;10078116343;B
20240409;101933;3950;4;10078116344;B
20240409;101941;3949.2;2;10078118883;S
20240409;101943;3949.2;4;10078119627;S
20240409;101945;3949.2;26;10078120179;S
20240409;101945;3949.4;4;10078120211;B
20240409;101946;3949.6;2;10078120257;B
20240409;101946;3949.8;10;10078120349;S
20240409;101946;3950;2;10078120494;B
20240409;101950;3950;1;10078121674;B
20240409;101951;3950;1;10078121841;B
20240409;101951;3949.8;1;10078121943;S
20240409;101952;3949.8;75;10078122026;S
20240409;101952;3949.8;21;10078122027;S
20240409;101952;3949.8;4;10078122028;S
20240409;102001;3950;2;10078124191;B
20240409;102001;3949.6;3;10078124292;S
20240409;102002;3950;17;10078124383;B
20240409;102002;3950;57;10078124384;B
20240409;102002;3950;50;10078124385;B
20240409;102002;3950;1;10078124386;B
20240409;102002;3950;45;10078124387;B
20240409;102002;3950;628;10078124388;B
20240409;102002;3950;2;10078124389;B
20240409;102002;3950;21;10078124399;B
20240409;102002;3950;7;10078124400;B
20240409;102002;3950;5;10078124401;B
20240409;102002;3949.8;2;10078124438;S
20240409;102002;3950;1;10078124440;B
20240409;102002;3950;10;10078124442;B
20240409;102002;3950;1;10078124509;B
20240409;102002;3950;1;10078124556;B
20240409;102003;3950;1;10078124599;B
20240409;102003;3950;1;10078124600;B
20240409;102003;3950;1;10078124693;B
20240409;102003;3950;45;10078124701;B
20240409;102003;3950;1;10078124732;B
20240409;102003;3950;1;10078124781;B
20240409;102003;3950;1;10078124782;B
20240409;102005;3950;1;10078125034;B
20240409;102005;3950;1;10078125131;B
20240409;102007;3950;1;10078125518;B
20240409;102007;3950;2;10078125519;B
20240409;102007;3949.8;10;10078125687;S
20240409;102007;3950;1;10078125688;B
20240409;102008;3950;1;10078125744;B
20240409;102008;3950;1;10078125745;B
20240409;102008;3950;2;10078125746;B
20240409;102009;3950;91;10078126057;B
20240409;102009;3950;1;10078126058;B
20240409;102009;3950;8;10078126059;B
20240409;102009;3950;30;10078126231;B
20240409;102010;3950;192;10078126346;B
20240409;102010;3950;8;10078126347;B
20240409;102010;3950;2;10078126395;B
20240409;102012;3950;1;10078126880;B
20240409;102013;3949.8;1;10078126976;S
20240409;102013;3950;1;10078127120;B
20240409;102015;3950;11;10078127399;B
20240409;102015;3949.8;2;10078127557;S
20240409;102015;3950;492;10078127559;B
20240409;102015;3950;8;10078127560;B
20240409;102017;3950;1;10078128025;B
20240409;102017;3950;1;10078128026;B
20240409;102017;3950;2;10078128027;B
20240409;102017;3950;12;10078128147;B
20240409;102020;3950;2;10078130504;B
20240409;102020;3950;2;10078130505;B
20240409;102021;3950;5;10078130685;B
20240409;102022;3950;2;10078130965;B
20240409;102022;3950;9;10078130978;B
20240409;102022;3950;1;10078130979;B
20240409;102022;3949.8;3;10078131021;S
20240409;102022;3950;1;10078131022;B
20240409;102022;3950;1;10078131023;B
20240409;102022;3950;1;10078131203;B
20240409;102024;3950;2;10078131692;B
20240409;102027;3950;2;10078133227;B
20240409;102027;3950;1;10078133229;B
20240409;102027;3950;1;10078133456;B
20240409;102027;3950;1;10078133457;B
20240409;102028;3950;1;10078133593;B
20240409;102029;3950;1;10078134710;B
20240409;102029;3950;1;10078134711;B
20240409;102029;3949.8;2;10078134764;S
20240409;102029;3950;8;10078134838;B
20240409;102030;3950;2;10078134905;B
20240409;102030;3950;1;10078134906;B
20240409;102031;3950;8;10078135027;B
20240409;102031;3950;1;10078135237;B
20240409;102034;3950;25;10078136324;B
20240409;102034;3950;100;10078136329;B
20240409;102034;3950;1;10078136415;B
20240409;102041;3950;7;10078139866;B
20240409;102041;3950;8;10078139867;B
20240409;102041;3949.8;13;10078139885;S
20240409;102041;3950;2;10078139950;B
20240409;102041;3950;5;10078139951;B
20240409;102043;3950;2;10078140836;B
20240409;102043;3950;1;10078140837;B
20240409;102044;3950;5;10078141084;B
20240409;102045;3950;1;10078141758;B
20240409;102045;3950;1;10078141801;B
20240409;102049;3950;1;10078143118;B
20240409;102049;3950;1;10078143428;B
20240409;102050;3950;1;10078143493;B
20240409;102050;3950;34;10078143536;B
20240409;102051;3950;1;10078143598;B
20240409;102053;3950;1;10078144484;B
20240409;102053;3950;2;10078144485;B
20240409;102053;3950;1;10078144486;B
20240409;102054;3950;8;10078144532;B
20240409;102054;3950;1;10078144569;B
20240409;102054;3949.8;6;10078144574;S
20240409;102054;3950;3;10078144601;B
20240409;102054;3950;1;10078144608;B
20240409;102055;3950;1;10078144744;B
20240409;102055;3950;1;10078144745;B
20240409;102055;3950;2;10078144746;B
20240409;102056;3950;2;10078144847;B
20240409;102057;3950;8;10078144981;B
20240409;102057;3950;1;10078144982;B
20240409;102057;3950;1;10078144983;B
20240409;102057;3950;1;10078144984;B
20240409;102059;3950;1;10078146269;B
20240409;102100;3950;1;10078146394;B
20240409;102100;3950;1;10078146428;B
20240409;102100;3950;1;10078146429;B
20240409;102101;3949.8;47;10078146692;S
20240409;102102;3950;1;10078147499;B
20240409;102102;3950;1;10078147512;B
20240409;102102;3950;1;10078147529;B
20240409;102102;3950;1;10078147673;B
20240409;102103;3950;1;10078147834;B
20240409;102105;3949.8;2;10078148016;S
20240409;102105;3949.8;10;10078148017;S
20240409;102105;3949.8;10;10078148056;S
20240409;102110;3949.8;25;10078149811;S
20240409;102110;3949.8;75;10078149812;S
20240409;102110;3949.8;12;10078149813;S
20240409;102110;3949.6;7;10078149814;S
20240409;102110;3949.6;17;10078149815;S
20240409;102110;3949.6;59;10078149816;S
20240409;102112;3949.8;3;10078150259;B
20240409;102112;3949.8;1;10078150269;B
20240409;102112;3949.6;1;10078150274;S
20240409;102112;3949.4;1;10078150275;S
20240409;102116;3949.4;3;10078152291;B
20240409;102118;3949.4;1;10078152554;B
20240409;102120;3949.4;1;10078154083;B
20240409;102122;3949.4;1;10078154387;B
20240409;102127;3949.2;1;10078157380;S
20240409;102134;3949.2;1;10078159594;S
20240409;102134;3949.2;1;10078159759;B
20240409;102134;3949.2;6;10078159760;B
20240409;102135;3949;1;10078159808;S
20240409;102135;3949;6;10078159809;S
20240409;102135;3948.8;45;10078159810;S
20240409;102135;3948.8;21;10078159811;S
20240409;102135;3948.8;27;10078159812;S
20240409;102136;3949.2;5;10078160679;B
20240409;102143;3948.6;2;10078162903;S
20240409;102143;3948.6;3;10078162904;S
20240409;102150;3948.2;10;10078165931;S
20240409;102153;3948.2;40;10078166611;S
20240409;102153;3948.2;17;10078166612;S
20240409;102153;3948;15;10078166613;S
20240409;102153;3948;30;10078166614;S
20240409;102153;3948;198;10078166615;S
20240409;102155;3948.2;30;10078166928;S
20240409;102156;3948.2;3;10078167068;S
20240409;102205;3948.8;3;10078170699;B
20240409;102212;3948;2;10078171947;S
20240409;102213;3948;1;10078173039;S
20240409;102213;3948;1;10078173040;S
20240409;102214;3948.2;1;10078173835;B
20240409;102218;3948.2;1;10078175336;B
20240409;102220;3948;15;10078175908;S
20240409;102221;3948.2;1;10078175918;B
20240409;102221;3948;6;10078175920;S
20240409;102221;3948.2;1;10078175964;B
20240409;102223;3948;1;10078176390;S
20240409;102224;3948;10;10078176467;S
20240409;102228;3948.2;5;10078178743;B
20240409;102229;3948.2;10;10078178832;B
20240409;102230;3948.2;1;10078178994;B
20240409;102230;3948.2;16;10078179102;S
20240409;102230;3948;4;10078179103;S
20240409;102232;3947.6;2;10078179757;S
20240409;102237;3947.6;45;10078182007;S
20240409;102240;3949;1;10078182560;B
20240409;102240;3949;1;10078182561;B
20240409;102254;3948;10;10078187534;B
20240409;102254;3948.6;13;10078187535;B
20240409;102254;3949;76;10078187536;B
20240409;102254;3949.2;20;10078187537;B
20240409;102254;3949.4;1;10078187538;B
20240409;102254;3949.4;69;10078187539;B
20240409;102254;3949.6;20;10078187540;B
20240409;102254;3949.6;100;10078187541;B
20240409;102254;3949.8;89;10078187542;B
20240409;102254;3949.8;1;10078187543;B
20240409;102254;3949.8;1;10078187544;B
20240409;102254;3950;1519;10078187545;B
20240409;102254;3950;1;10078187546;B
20240409;102254;3950;1;10078187547;B
20240409;102254;3950;1;10078187548;B
20240409;102254;3950;1;10078187549;B
20240409;102254;3950;2;10078187550;B
20240409;102254;3950;1;10078187551;B
20240409;102254;3950;1;10078187552;B
20240409;102254;3950;2;10078187553;B
20240409;102254;3950.6;38;10078187554;B
20240409;102254;3950.6;100;10078187555;B
20240409;102254;3951;10;10078187556;B
20240409;102254;3951;188;10078187557;B
20240409;102254;3951;3;10078187558;B
20240409;102254;3951;10;10078187559;B
20240409;102254;3951.6;1;10078187593;S
20240409;102254;3951.6;1;10078187596;S
20240409;102254;3951.6;1;10078187598;S
20240409;102254;3951.6;1;10078187599;S
20240409;102254;3951.6;2;10078187600;S
20240409;102254;3951.6;1;10078187621;S
20240409;102254;3951.6;1;10078187623;S
20240409;102254;3951.6;1;10078187624;S
20240409;102254;3951.6;2;10078187625;S
20240409;102254;3951.6;1;10078187634;S
20240409;102254;3951.6;2;10078187635;S
20240409;102254;3952;1;10078187648;B
20240409;102254;3951.6;1;10078187650;S
20240409;102254;3951.6;2;10078187651;S
20240409;102254;3951.6;1;10078187657;S
20240409;102254;3951.6;2;10078187658;S
20240409;102254;3951.6;1;10078187680;S
20240409;102254;3951.6;2;10078187698;S
20240409;102254;3951.6;1;10078187819;S
20240409;102254;3951.6;1;10078187842;S
20240409;102254;3951.6;1;10078187843;S
20240409;102254;3951.8;5;10078187851;B
20240409;102254;3951.4;1;10078187866;S
20240409;102255;3951.8;10;10078187874;B
20240409;102255;3951.4;1;10078187879;S
20240409;102255;3951.2;1;10078187913;S
20240409;102255;3951.8;60;10078187930;B
20240409;102255;3951.2;2;10078188017;S
20240409;102255;3951.8;3;10078188027;B
20240409;102257;3952;5;10078188351;B
20240409;102257;3952;50;10078188370;B
20240409;102258;3952;8;10078188538;B
20240409;102258;3952;8;10078188539;B
20240409;102258;3952;10;10078188540;B
20240409;102258;3952;40;10078188541;B
20240409;102258;3952.2;9;10078188542;B
20240409;102258;3952.2;13;10078188543;B
20240409;102259;3953.6;50;10078188657;S
20240409;102259;3953.6;13;10078188658;S
20240409;102259;3953.2;14;10078188659;S
20240409;102259;3953.6;45;10078188723;B
20240409;102300;3953.6;5;10078188760;S
20240409;102300;3953.6;50;10078189101;S
20240409;102300;3952.4;4;10078189149;S
20240409;102300;3952.2;135;10078189150;S
20240409;102300;3952.8;3;10078189151;B
20240409;102301;3952.4;5;10078189195;B
20240409;102306;3953.4;5;10078192558;B
20240409;102306;3953.6;4;10078192559;B
20240409;102306;3953.6;1;10078192560;B
20240409;102307;3953.2;5;10078193873;B
20240409;102308;3952.2;5;10078195103;S
20240409;102308;3952.2;100;10078195104;S
20240409;102308;3952;1;10078195105;S
20240409;102308;3952;137;10078195106;S
20240409;102310;3952;4;10078196189;S
20240409;102310;3952;3;10078196190;S
20240409;102315;3953;5;10078197378;B
20240409;102315;3953;76;10078197379;B
20240409;102315;3953.2;4;10078197380;B
20240409;102315;3953.8;32;10078197381;B
20240409;102316;3954;5;10078198606;B
20240409;102318;3953.8;1;10078199198;B
20240409;102326;3953.8;1;10078201868;B
20240409;102328;3954;1;10078202940;B
20240409;102328;3954;38;10078202941;B
20240409;102328;3954.2;76;10078202942;B
20240409;102328;3954.2;100;10078202943;B
20240409;102328;3954.4;1;10078202944;B
20240409;102328;3954.4;100;10078202945;B
20240409;102328;3954.4;4;10078202946;B
20240409;102328;3954.6;1;10078202947;B
20240409;102328;3954.6;39;10078202948;B
20240409;102328;3955;36;10078202949;B
20240409;102328;3955;1;10078202950;B
20240409;102328;3955;66;10078202951;B
20240409;102328;3955;1;10078202952;B
20240409;102328;3955;10;10078202953;B
20240409;102328;3955;2;10078202954;B
20240409;102328;3955.8;24;10078202955;B
20240409;102329;3955.4;1;10078203068;B
20240409;102329;3955.4;69;10078203083;B
20240409;102329;3955.6;39;10078203084;B
20240409;102329;3955.6;12;10078203108;S
20240409;102329;3954.8;1;10078203128;B
20240409;102329;3954.8;75;10078203162;B
20240409;102329;3955;25;10078203163;B
20240409;102329;3955;1;10078203164;B
20240409;102329;3955.8;3;10078203165;B
20240409;102329;3955.8;1;10078203166;B
20240409;102329;3955.8;1;10078203181;S
20240409;102330;3956;5;10078203557;B
20240409;102336;3956.2;15;10078205548;B
20240409;102336;3956.2;5;10078205560;B
20240409;102340;3956.2;1;10078207963;B
20240409;102343;3956;10;10078209523;S
20240409;102343;3956;7;10078209524;S
20240409;102343;3955.8;60;10078209525;S
20240409;102346;3956;1;10078209934;B
20240409;102346;3955.8;1;10078209968;S
20240409;102346;3955.8;25;10078210024;S
20240409;102347;3956;1;10078210125;B
20240409;102350;3956;2;10078210764;B
20240409;102351;3955.8;1;10078210906;S
20240409;102352;3956;5;10078211948;B
20240409;102352;3955.8;1;10078211959;S
20240409;102352;3956;7;10078211969;B
20240409;102352;3956;36;10078211970;B
20240409;102352;3956;39;10078211971;B
20240409;102352;3956.2;7;10078211972;B
20240409;102352;3956.2;10;10078211973;B
20240409;102352;3956.6;100;10078211974;B
20240409;102352;3956.8;20;10078211975;B
20240409;102352;3957;2;10078211976;B
20240409;102352;3957;5;10078211977;B
20240409;102352;3957;1;10078211978;B
20240409;102352;3957;3;10078211979;B
20240409;102352;3957.2;1;10078211980;B
20240409;102352;3957.8;69;10078211981;B
20240409;102352;3957.8;76;10078211982;B
20240409;102352;3958;1;10078211983;B
20240409;102352;3958;31;10078211984;B
20240409;102352;3958.2;38;10078211985;B
20240409;102352;3958.2;50;10078211986;B
20240409;102352;3958.4;40;10078211987;B
20240409;102352;3958.6;184;10078211988;B
20240409;102353;3957.6;100;10078212102;B
20240409;102353;3957.8;7;10078212103;B
20240409;102353;3958;20;10078212104;B
20240409;102353;3958.4;30;10078212125;B
20240409;102354;3958.4;63;10078212896;B
20240409;102355;3958;7;10078213328;S
20240409;102355;3957.8;76;10078213329;S
20240409;102355;3957.6;17;10078213330;S
20240409;102355;3958.6;1;10078213414;B
20240409;102400;3957.4;1;10078214631;S
20240409;102400;3957.6;2;10078214651;B
20240409;102400;3957.6;2;10078214656;B
20240409;102402;3957.4;5;10078215713;S
20240409;102402;3957.6;15;10078215723;B
20240409;102407;3957.6;1;10078217492;B
20240409;102407;3958;1;10078217493;B
20240409;102410;3958.2;3;10078218380;B
20240409;102410;3958.2;1;10078218381;B
20240409;102410;3958.2;9;10078218382;B
20240409;102410;3958.4;25;10078218383;B
20240409;102410;3958.4;10;10078218384;B
20240409;102410;3958.6;22;10078218385;B
20240409;102412;3958;25;10078219864;S
20240409;102412;3958;15;10078219865;S
20240409;102415;3958.2;2;10078220836;B
20240409;102415;3958;10;10078220840;S
20240409;102420;3958;51;10078223352;S
20240409;102431;3957.4;15;10078226967;S
20240409;102434;3957.8;1;10078227409;B
20240409;102434;3957.8;5;10078227469;B
20240409;102434;3957.8;5;10078227470;B
20240409;102434;3957.8;7;10078227731;B
20240409;102444;3957.4;5;10078231127;S
20240409;102446;3957.6;1;10078231575;B
20240409;102446;3957.6;1;10078231585;B
20240409;102446;3957.8;8;10078231586;B
20240409;102446;3957.8;1;10078231587;B
20240409;102454;3957.6;10;10078234840;B
20240409;102455;3957.4;10;10078235078;S
20240409;102455;3956.4;2;10078235108;S
20240409;102456;3956.2;3;10078235126;S
20240409;102500;3956;50;10078237091;S
20240409;102507;3956;5;10078239010;S
20240409;102507;3956;38;10078239011;S
20240409;102507;3955.8;257;10078239012;S
20240409;102509;3955.8;4;10078239902;S
20240409;102511;3956.6;1;10078240170;B
20240409;102513;3957.4;2;10078241063;B
20240409;102517;3956;3;10078242906;B
20240409;102519;3956;39;10078244132;S
20240409;102519;3955.8;45;10078244133;S
20240409;102519;3955.8;566;10078244134;S
20240409;102527;3955.6;25;10078247036;B
20240409;102531;3956;10;10078247645;B
20240409;102534;3956.2;39;10078249059;S
20240409;102534;3956;5;10078249060;S
20240409;102534;3956;7;10078249061;S
20240409;102534;3956;500;10078249062;S
20240409;102534;3955.8;39;10078249063;S
20240409;102534;3954.6;50;10078249064;S
20240409;102534;3954.4;5;10078249065;S
20240409;102534;3954;8;10078249066;S
20240409;102534;3953.4;1;10078249067;S
20240409;102534;3953.4;46;10078249068;S
20240409;102542;3955.6;6;10078251952;B
20240409;102559;3956.4;5;10078258150;B
20240409;102559;3956.4;35;10078258151;B
20240409;102600;3955.6;1;10078258796;B
20240409;102602;3955.4;8;10078259160;S
20240409;102602;3955.4;1;10078259163;S
20240409;102604;3955.6;1;10078260175;B
20240409;102607;3955.4;8;10078261525;S
20240409;102612;3955.8;2;10078264524;B
20240409;102616;3955.4;50;10078265506;B
20240409;102617;3955.6;1;10078265561;B
20240409;102617;3956;1;10078265653;B
20240409;102622;3956.6;1;10078268189;B
20240409;102623;3957.2;30;10078269135;B
20240409;102627;3957.4;3;10078270170;B
20240409;102633;3958;1;10078271846;B
20240409;102636;3957;1;10078272686;S
20240409;102638;3958;13;10078273016;B
20240409;102639;3958;10;10078273143;B
20240409;102640;3957.2;13;10078273329;S
20240409;102640;3957;37;10078273330;S
20240409;102654;3956.8;2;10078276430;B
20240409;102655;3956.2;1;10078276509;S
20240409;102655;3955.6;1;10078276510;S
20240409;102655;3955.6;7;10078276511;S
20240409;102655;3955.6;5;10078276512;S
20240409;102655;3955.4;39;10078276513;S
20240409;102655;3954.8;23;10078276514;S
20240409;102655;3954.2;130;10078276515;S
20240409;102655;3953.6;50;10078276516;S
20240409;102655;3953.2;113;10078276517;S
20240409;102657;3956;1;10078277277;B
20240409;102705;3954.8;1;10078279853;B
20240409;102712;3954.2;1;10078281406;B
20240409;102714;3954.2;28;10078281748;B
20240409;102714;3954.4;5;10078281749;B
20240409;102714;3954.8;4;10078281750;B
20240409;102722;3956.2;3;10078283737;S
20240409;102723;3956.2;2;10078283983;S
20240409;102724;3956.2;5;10078284249;S
20240409;102727;3956.2;2;10078284835;S
20240409;102727;3956.2;24;10078284919;S
20240409;102727;3956.4;10;10078284968;B
20240409;102727;3956.6;1;10078284969;B
20240409;102727;3957.2;4;10078284970;B
20240409;102731;3956.8;5;10078285739;B
20240409;102731;3957.2;1;10078285740;B
20240409;102731;3957.2;1;10078285741;B
20240409;102731;3957.2;91;10078285742;B
20240409;102731;3957.2;2;10078285743;B
20240409;102737;3956.2;64;10078287269;S
20240409;102737;3956.2;5;10078287270;S
20240409;102737;3956;31;10078287271;S
20240409;102738;3956.2;2;10078287338;B
20240409;102739;3956;31;10078287460;S
20240409;102739;3955.8;6;10078287461;S
20240409;102739;3955.2;2;10078287462;S
20240409;102739;3955;1;10078287463;S
20240409;102739;3954.4;10;10078287464;S
20240409;102740;3954.4;1;10078287684;S
20240409;102747;3953.8;10;10078288943;S
20240409;102755;3953.6;3;10078290446;S
20240409;102756;3953.6;1;10078290592;S
20240409;102757;3954.2;39;10078290853;B
20240409;102804;3954.6;1;10078292038;S
20240409;102808;3955.8;5;10078292932;B
20240409;102814;3954.6;10;10078294578;S
20240409;102815;3954;18;10078294826;S
20240409;102816;3955;5;10078295053;S
20240409;102820;3954.6;20;10078295776;S
20240409;102821;3954.6;10;10078296006;S
20240409;102823;3955;1;10078296296;B
20240409;102828;3955;1;10078297053;B
20240409;102831;3955;1;10078297566;B
20240409;102831;3955;2;10078297625;B
20240409;102839;3954.4;3;10078299035;S
20240409;102843;3954.6;2;10078299646;S
20240409;102847;3954.2;6;10078300240;S
20240409;102850;3954.4;12;10078300826;B
20240409;102850;3954.2;1;10078300828;S
20240409;102852;3954.2;1;10078301042;S
20240409;102852;3954.2;2;10078301222;S
20240409;102852;3954.2;1;10078301223;S
20240409;102852;3953.6;1;10078301224;S
20240409;102852;3953.4;1;10078301225;S
20240409;102852;3953.4;5;10078301228;S
20240409;102852;3953.2;4;10078301229;S
20240409;102852;3953;2;10078301230;S
20240409;102852;3952.8;2;10078301231;S
20240409;102856;3953.2;2;10078302085;S
20240409;102856;3953.2;8;10078302086;S
20240409;102859;3953.2;5;10078302684;S
20240409;102906;3953.6;5;10078303903;S
20240409;102913;3955;4;10078304965;B
20240409;102913;3953.6;5;10078305044;S
20240409;102920;3953.2;5;10078306431;S
20240409;102922;3954.6;2;10078306725;B
20240409;102927;3953.6;5;10078307866;S
20240409;102934;3952.8;5;10078308971;S
20240409;102941;3952.8;5;10078310073;S
20240409;102948;3952.8;5;10078311145;S
20240409;102952;3953;10;10078311932;B
20240409;102953;3952.8;12;10078312033;S
20240409;102955;3952.8;5;10078312891;S
20240409;102956;3952.8;7;10078313086;S
20240409;102956;3952.6;14;10078313087;S
20240409;102956;3952.4;1;10078313088;S
20240409;102956;3952.4;19;10078313089;S
20240409;103002;3952.2;5;10078314727;S
20240409;103004;3953.8;2;10078315053;B
20240409;103004;3954.2;1;10078315054;B
20240409;103004;3954.2;3;10078315055;B
20240409;103008;3953;31;10078316240;S
20240409;103008;3952.8;2;10078316241;S
20240409;103008;3952.8;7;10078316242;S
20240409;103009;3953;5;10078316445;S
20240409;103016;3953.2;5;10078318422;S
20240409;103023;3952.8;5;10078320343;S
20240409;103030;3953.2;5;10078322049;S
20240409;103031;3953;20;10078322142;S
20240409;103031;3953;4;10078322143;B
20240409;103031;3952.6;2;10078322189;S
20240409;103037;3952.8;4;10078323705;S
20240409;103037;3952.8;1;10078323706;S
20240409;103042;3952.8;8;10078324512;B
20240409;103044;3952.6;5;10078324908;S
20240409;103051;3953;1;10078325897;S
20240409;103051;3952.8;5;10078325986;S
20240409;103052;3952.8;1;10078326130;S
20240409;103056;3953.6;1;10078326755;S
20240409;103100;3953.4;6;10078327969;S
20240409;103100;3953.2;4;10078327970;S
20240409;103101;3953.2;7;10078328957;S
20240409;103101;3953.4;1;10078329070;B
20240409;103103;3953.4;1;10078329487;B
20240409;103103;3953.6;1;10078329636;S
20240409;103106;3953.8;5;10078330610;B
20240409;103109;3953.6;8;10078331530;S
20240409;103112;3953.6;1;10078332761;S
20240409;103117;3953.8;1;10078334411;B
20240409;103117;3953.8;1;10078334419;B
20240409;103119;3953.8;1;10078334860;B
20240409;103119;3953.8;1;10078334882;B
20240409;103119;3953.6;2;10078334921;S
20240409;103120;3953.8;1;10078335247;B
20240409;103120;3954.8;1;10078335464;S
20240409;103122;3954.4;1;10078336020;B
20240409;103125;3954.2;1;10078336840;S
20240409;103126;3954.4;1;10078337241;S
20240409;103127;3954.4;1;10078337348;S
20240409;103133;3954.8;1;10078339128;B
20240409;103133;3954.2;14;10078339189;S
20240409;103139;3954.8;2;10078340919;S
20240409;103140;3954.8;11;10078341007;S
20240409;103150;3954.6;1;10078343879;S
20240409;103151;3954.6;3;10078344374;S
20240409;103151;3953.6;6;10078344538;S
20240409;103151;3953.4;44;10078344539;S
20240409;103155;3953.2;5;10078345551;S
20240409;103155;3953;6;10078345552;S
20240409;103155;3953;4;10078345553;S
20240409;103157;3954.4;50;10078346091;B
20240409;103157;3954.4;38;10078346092;B
20240409;103157;3954.6;2;10078346093;B
20240409;103157;3954.6;100;10078346094;B
20240409;103157;3954.8;5;10078346095;B
20240409;103158;3954.4;30;10078346307;S
20240409;103214;3954.4;1;10078351440;B
20240409;103216;3954.4;4;10078351985;B
20240409;103216;3954.8;2;10078351986;B
20240409;103216;3955;5;10078351987;B
20240409;103216;3955;4;10078351988;B
20240409;103216;3955;20;10078351989;B
20240409;103217;3954.8;2;10078352243;S
20240409;103221;3954.8;9;10078352971;S
20240409;103222;3954.8;5;10078353181;S
20240409;103227;3954.8;5;10078354487;S
20240409;103232;3954.8;76;10078355608;S
20240409;103232;3954.8;1;10078355609;S
20240409;103234;3954.6;1;10078356134;S
20240409;103235;3955;1;10078356485;B
20240409;103235;3955;3;10078356486;B
20240409;103235;3956;1;10078356487;B
20240409;103235;3956;3;10078356488;B
20240409;103235;3956;4;10078356489;B
20240409;103248;3954.8;1;10078359677;B
20240409;103250;3954.8;1;10078360074;B
20240409;103255;3955;1;10078361141;B
20240409;103256;3955;1;10078361579;B
20240409;103258;3955;4;10078361881;B
20240409;103259;3954.8;1;10078361973;S
20240409;103304;3954.8;4;10078362900;S
20240409;103304;3954.8;2;10078362993;S
20240409;103304;3953.8;2;10078362994;S
20240409;103304;3953.8;1;10078362995;S
20240409;103307;3954.6;20;10078363634;B
20240409;103312;3954.4;5;10078364465;B
20240409;103312;3954.6;2;10078364466;B
20240409;103312;3955;5;10078364467;B
20240409;103312;3955.6;12;10078364468;B
20240409;103318;3953.8;1;10078365451;S
20240409;103318;3953.8;86;10078365496;S
20240409;103320;3953.8;1;10078365711;S
20240409;103334;3954.2;1;10078367804;S
20240409;103349;3954.4;1;10078370552;S
20240409;103355;3954.4;3;10078371501;B
20240409;103358;3954.2;4;10078372116;S
20240409;103358;3954;2;10078372224;S
20240409;103359;3954.2;6;10078372231;B
20240409;103359;3954.2;20;10078372283;B
20240409;103400;3954.2;2;10078372503;B
20240409;103404;3954;28;10078373153;S
20240409;103404;3954;1;10078373154;S
20240409;103408;3954.2;20;10078374059;B
20240409;103408;3954.2;1;10078374060;B
20240409;103410;3954.2;1;10078374475;B
20240409;103412;3954;9;10078375025;S
20240409;103412;3954;5;10078375026;S
20240409;103416;3953.2;2;10078375679;S
20240409;103418;3953.8;1;10078376035;B
20240409;103427;3954;6;10078377662;B
20240409;103447;3953.2;3;10078381704;S
20240409;103447;3953.2;6;10078381705;S
20240409;103447;3953.2;60;10078381706;S
20240409;103447;3953;1;10078381764;S
20240409;103449;3953;9;10078382081;S
20240409;103449;3953;5;10078382112;S
20240409;103450;3953;1;10078382301;S
20240409;103451;3953;1;10078382434;S
20240409;103451;3953;1;10078382488;S
20240409;103452;3953.2;1;10078382676;B
20240409;103452;3953.2;1;10078382682;B
20240409;103453;3953.2;1;10078382824;B
20240409;103454;3953;1;10078382913;S
20240409;103454;3953.2;4;10078382956;B
20240409;103455;3953;1;10078383153;S
20240409;103457;3953;1;10078383497;S
20240409;103458;3953.2;5;10078383700;B
20240409;103459;3953;2;10078383999;S
20240409;103459;3953;1;10078384043;S
20240409;103500;3953;30;10078384307;S
20240409;103501;3953;1;10078384362;S
20240409;103501;3953;5;10078384363;S
20240409;103501;3952.8;4;10078384364;S
20240409;103502;3953;1;10078384809;B
20240409;103505;3953;1;10078385335;S
20240409;103505;3953;1;10078385367;S
20240409;103505;3953.2;1;10078385377;B
20240409;103507;3953;1;10078385622;S
20240409;103508;3953;7;10078385862;S
20240409;103508;3952.8;3;10078385863;S
20240409;103508;3952.8;3;10078385864;S
20240409;103513;3952.8;7;10078386559;S
20240409;103516;3953;1;10078387008;B
20240409;103517;3953;2;10078387231;B
20240409;103517;3953;1;10078387239;B
20240409;103520;3953;1;10078387757;B
20240409;103520;3953;7;10078387758;B
20240409;103520;3953.2;8;10078387759;B
20240409;103520;3953.2;9;10078387760;B
20240409;103525;3953.2;1;10078388479;B
20240409;103525;3952.8;1;10078388480;S
20240409;103538;3952.8;1;10078390378;S
20240409;103542;3952.8;1;10078391032;S
20240409;103548;3953;1;10078392209;B
20240409;103550;3953;1;10078392637;B
20240409;103552;3953;2;10078393004;B
20240409;103554;3953;1;10078393330;B
20240409;103556;3952.8;1;10078393802;S
20240409;103558;3953;1;10078394052;B
20240409;103601;3952.8;1;10078394663;S
20240409;103601;3952.6;1;10078394664;S
20240409;103611;3952.6;4;10078396184;S
20240409;103612;3952.4;1;10078396275;S
20240409;103612;3952.2;2;10078396276;S
20240409;103612;3952.2;6;10078396277;S
20240409;103612;3952.2;1;10078396278;S
20240409;103612;3952.2;1;10078396279;S
20240409;103612;3952;500;10078396280;S
20240409;103612;3952;15;10078396281;S
20240409;103612;3952;1;10078396282;S
20240409;103614;3951.8;1;10078396588;S
20240409;103615;3952;2;10078396643;B
20240409;103615;3951.8;1;10078396703;S
20240409;103615;3951.8;3;10078396708;S
20240409;103617;3951.4;3;10078396910;S
20240409;103617;3951.4;2;10078396950;S
20240409;103617;3951.4;6;10078396951;S
20240409;103620;3951.4;6;10078397403;S
20240409;103621;3951.6;8;10078397489;B
20240409;103623;3951.6;1;10078397788;B
20240409;103623;3951.6;1;10078397832;B
20240409;103624;3951.4;1;10078397847;S
20240409;103626;3951.4;2;10078398234;S
20240409;103634;3951.4;1;10078399570;S
20240409;103637;3951.4;10;10078400101;S
20240409;103638;3951.4;2;10078400248;S
20240409;103638;3951.4;7;10078400299;S
20240409;103643;3951.4;1;10078401096;S
20240409;103644;3951.6;1;10078401101;B
20240409;103644;3951.6;4;10078401172;B
20240409;103645;3951.6;10;10078401280;B
20240409;103646;3951.6;2;10078401397;B
20240409;103646;3951.6;1;10078401442;B
20240409;103652;3951.6;1;10078402377;B
20240409;103655;3951.6;13;10078403084;B
20240409;103658;3951.4;15;10078403435;S
20240409;103702;3951.6;2;10078404011;B
20240409;103705;3951.4;60;10078404415;S
20240409;103705;3951.4;2;10078404416;S
20240409;103705;3951.4;30;10078404417;S
20240409;103705;3951.4;9;10078404418;S
20240409;103705;3951.4;3;10078404419;S
20240409;103705;3951.4;1;10078404420;S
20240409;103705;3951.4;39;10078404421;S
20240409;103705;3951.2;10;10078404422;S
20240409;103705;3951.2;346;10078404423;S
20240409;103707;3951.4;1;10078404767;B
20240409;103708;3951.2;1;10078404904;S
20240409;103710;3951.2;20;10078405395;S
20240409;103716;3951.2;240;10078406133;S
20240409;103717;3951.2;16;10078406290;S
20240409;103717;3951.4;1;10078406358;B
20240409;103725;3951.2;1077;10078407963;S
20240409;103725;3951.2;2;10078407964;S
20240409;103725;3951.2;4;10078407965;S
20240409;103725;3951;2722;10078407966;S
20240409;103725;3951;80;10078407967;S
20240409;103725;3951;1;10078407968;S
20240409;103725;3951;10;10078407969;S
20240409;103725;3951;500;10078407970;S
20240409;103725;3950.6;2;10078407971;S
20240409;103725;3950.4;15;10078407972;S
20240409;103725;3950.4;13;10078407973;S
20240409;103725;3950;200;10078407974;S
20240409;103725;3950;1;10078407975;S
20240409;103725;3950;30;10078407976;S
20240409;103725;3950;3;10078407977;S
20240409;103725;3950;2;10078407978;S
20240409;103725;3950;41;10078407979;S
20240409;103725;3950;23;10078407980;S
20240409;103725;3950;24;10078407981;S
20240409;103725;3950;1;10078407991;S
20240409;103725;3950;1;10078407996;S
20240409;103725;3950;15;10078408003;S
20240409;103725;3950;1;10078408041;S
20240409;103725;3950;8;10078408055;S
20240409;103726;3950;13;10078408077;S
20240409;103726;3950;1;10078408100;S
20240409;103726;3950;7;10078408101;S
20240409;103726;3950;5;10078408144;S
20240409;103726;3950;20;10078408158;S
20240409;103727;3950;1;10078408336;S
20240409;103728;3950;6;10078408432;S
20240409;103728;3950;13;10078408433;S
20240409;103729;3950;17;10078408571;S
20240409;103729;3950;3;10078408573;S
20240409;103729;3950.2;3;10078408581;B
20240409;103729;3950;1;10078408668;S
20240409;103730;3950;2;10078408738;S
20240409;103730;3950;1;10078408764;S
20240409;103731;3950;10;10078408857;S
20240409;103732;3950.2;3;10078408965;B
20240409;103732;3950;22;10078409043;S
20240409;103732;3950;4;10078409044;S
20240409;103732;3950;7;10078409057;S
20240409;103733;3950;2;10078409164;S
20240409;103733;3950.2;1;10078409244;B
20240409;103733;3950.2;1;10078409245;B
20240409;103736;3950;1;10078409645;S
20240409;103736;3950;3500;10078409646;S
20240409;103736;3950;8;10078409647;S
20240409;103736;3950;1;10078409648;S
20240409;103736;3950;3;10078409649;S
20240409;103736;3950;5;10078409650;S
20240409;103736;3950;5;10078409651;S
20240409;103736;3950;80;10078409652;S
20240409;103736;3950;1;10078409653;S
20240409;103736;3950;1;10078409654;S
20240409;103736;3950;2;10078409655;S
20240409;103736;3950;1;10078409656;S
20240409;103736;3950;5;10078409657;S
20240409;103736;3949.8;18;10078409658;S
20240409;103736;3949.4;1;10078409664;S
20240409;103736;3949.4;2;10078409665;S
20240409;103736;3949;1;10078409666;S
20240409;103736;3949;2;10078409667;S
20240409;103736;3949.2;50;10078409668;B
20240409;103736;3949.2;64;10078409669;B
20240409;103736;3949.2;38;10078409670;B
20240409;103737;3949.2;4;10078409729;S
20240409;103739;3949;6;10078409966;S
20240409;103742;3949.2;1;10078410618;B
20240409;103745;3949;2;10078410879;S
20240409;103745;3949;1;10078410880;S
20240409;103745;3949.2;1;10078410920;B
20240409;103746;3949;584;10078411120;S
20240409;103746;3949;16;10078411121;S
20240409;103749;3949;1;10078411417;S
20240409;103752;3949;2;10078412164;S
20240409;103752;3949.2;7;10078412165;B
20240409;103753;3949;200;10078412546;S
20240409;103757;3949;46;10078413046;S
20240409;103759;3949.2;48;10078413450;B
20240409;103759;3949.4;2;10078413451;B
20240409;103759;3949.4;5;10078413452;B
20240409;103801;3949;10;10078413799;S
20240409;103812;3949.2;5;10078415829;S
20240409;103812;3949.6;1;10078415895;B
20240409;103812;3949.8;2;10078415896;B
20240409;103812;3949.8;5;10078415910;B
20240409;103815;3949.4;1;10078416282;S
20240409;103818;3949.2;1;10078416759;S
20240409;103819;3949.4;5;10078416878;B
20240409;103822;3949.4;1;10078417286;B
20240409;103822;3949.4;1;10078417353;B
20240409;103824;3949.4;10;10078417568;B
20240409;103826;3949.4;1;10078417798;B
20240409;103826;3949.4;5;10078417862;B
20240409;103829;3949.2;5;10078418303;S
20240409;103829;3949.2;2;10078418421;S
20240409;103831;3949.2;2;10078418584;S
20240409;103833;3949.4;5;10078418808;B
20240409;103834;3949.2;8;10078418985;S
20240409;103838;3949.4;1;10078419576;B
20240409;103838;3949.2;2;10078419623;S
20240409;103840;3949.4;5;10078419876;B
20240409;103841;3949.4;1;10078420013;B
20240409;103842;3949.4;1;10078420057;B
20240409;103842;3949.2;4;10078420065;S
20240409;103842;3949.2;1;10078420080;S
20240409;103843;3949.4;1;10078420185;B
20240409;103844;3949.4;2;10078420349;B
20240409;103846;3949.4;38;10078420615;B
20240409;103846;3949.4;5;10078420616;B
20240409;103846;3949.6;1;10078420617;B
20240409;103846;3949.8;69;10078420618;B
20240409;103846;3949.8;69;10078420619;B
20240409;103846;3950;33;10078420620;B
20240409;103847;3950;22;10078420912;B
20240409;103847;3949.8;2;10078420968;S
20240409;103851;3949.8;6;10078421441;S
20240409;103851;3950;5;10078421469;B
20240409;103853;3950;1;10078421833;B
20240409;103853;3950;770;10078421874;B
20240409;103853;3950;20;10078421875;B
20240409;103853;3950;10;10078421876;B
20240409;103853;3950;1;10078421952;B
20240409;103855;3950;2;10078422202;B
20240409;103855;3950;1;10078422203;B
20240409;103855;3949.8;16;10078422234;S
