<DATE>;<TIME>;<LAST>;<VOL>;<ID>;<OPER>
20240506;095932;4250;5;10278920409;S
20240506;095932;4250;1;10278920410;S
20240506;095932;4250;1;10278920411;S
20240506;095932;4250;20;10278920412;S
20240506;095932;4250;11;10278920413;S
20240506;095932;4250;3;10278920414;S
20240506;095932;4250;3;10278920415;S
20240506;095932;4250;2;10278920416;S
20240506;095932;4250;1;10278920417;S
20240506;095932;4250;3;10278920418;S
20240506;095932;4250;7;10278920419;S
20240506;095932;4250;48;10278920420;S
20240506;095932;4250;5;10278920421;S
20240506;095932;4250;35;10278920422;S
20240506;095932;4250;1;10278920423;S
20240506;095932;4250;5;10278920424;S
20240506;095932;4250;6;10278920425;S
20240506;095932;4250;94;10278920426;S
20240506;095932;4250;1;10278920427;S
20240506;095932;4250;36;10278920428;S
20240506;095932;4250;2;10278920429;S
20240506;095932;4250;1;10278920430;B
20240506;095932;4250;5;10278920431;S
20240506;095932;4250;10;10278920432;B
20240506;095932;4250;10;10278920433;S
20240506;095932;4250;2;10278920434;S
20240506;095932;4250;1;10278920435;S
20240506;095932;4250;1;10278920436;S
20240506;095932;4250;2;10278920437;S
20240506;095932;4250;20;10278920438;S
20240506;095932;4250;2;10278920439;B
20240506;095932;4250;89;10278920440;B
20240506;095932;4250;50;10278920441;B
20240506;095932;4250;50;10278920442;B
20240506;095932;4250;7;10278920443;B
20240506;095932;4250;1;10278920444;B
20240506;095932;4250;21;10278920445;B
20240506;095932;4250;1;10278920446;S
20240506;095932;4250;1;10278920447;B
20240506;095932;4250;1;10278920448;B
20240506;095932;4250;24;10278920449;B
20240506;095932;4250;6;10278920450;B
20240506;095932;4250;10;10278920451;B
20240506;095932;4250;5;10278920452;B
20240506;095932;4250;1;10278920453;B
20240506;095932;4250;100;10278920454;B
20240506;095932;4250;50;10278920455;B
20240506;095932;4250;5;10278920456;B
20240506;095932;4250;30;10278920457;B
20240506;095932;4250;5;10278920458;B
20240506;095932;4250;1;10278920459;S
20240506;095932;4250;2;10278920460;B
20240506;095932;4250;2;10278920461;B
20240506;095932;4250;2;10278920462;B
20240506;095932;4250;1;10278920463;B
20240506;095932;4250;37;10278920464;B
20240506;095932;4250;3;10278920465;B
20240506;095932;4250;1;10278920466;B
20240506;095932;4250;20;10278920467;B
20240506;095932;4250;20;10278920468;B
20240506;095932;4250;10;10278920469;B
20240506;095932;4250;2;10278920470;B
20240506;095932;4250;2;10278920471;B
20240506;095932;4250;1;10278920472;B
20240506;095932;4250;5;10278920473;B
20240506;095932;4250;3;10278920474;B
20240506;095932;4250;2;10278920475;B
20240506;095932;4250;44;10278920476;B
20240506;095932;4250;1;10278920477;B
20240506;095932;4250;1;10278920478;B
20240506;095932;4250;4;10278920479;B
20240506;095932;4250;1;10278920480;B
20240506;095932;4250;1;10278920481;B
20240506;095932;4250;1;10278920482;B
20240506;095932;4250;1;10278920483;B
20240506;095932;4250;2;10278920484;B
20240506;095932;4250;1;10278920485;B
20240506;095932;4250;2;10278920486;B
20240506;095932;4250;1;10278920487;B
20240506;095932;4250;20;10278920488;B
20240506;095932;4250;3;10278920489;B
20240506;095932;4250;8;10278920490;B
20240506;095932;4250;1;10278920491;B
20240506;095932;4250;7;10278920492;B
20240506;095932;4250;20;10278920493;B
20240506;095932;4250;3;10278920494;B
20240506;095932;4250;1;10278920495;B
20240506;095932;4250;10;10278920496;B
20240506;095932;4250;10;10278920497;B
20240506;095932;4250;10;10278920498;B
20240506;095932;4250;3;10278920499;B
20240506;095932;4250;2;10278920500;B
20240506;095932;4250;1;10278920501;B
20240506;095932;4250;15;10278920502;B
20240506;095932;4250;3;10278920503;B
20240506;095932;4250;2;10278920504;B
20240506;095932;4250;1;10278920505;B
20240506;095932;4250;1;10278920506;S
20240506;095932;4250;10;10278920507;B
20240506;095932;4250;1;10278920508;B
20240506;095932;4250;2;10278920509;B
20240506;095932;4250;1;10278920510;B
20240506;095932;4250;11;10278920511;B
20240506;095932;4250;3;10278920512;B
20240506;095932;4250;7;10278920513;S
20240506;095932;4250;11;10278920514;B
20240506;095932;4250;15;10278920515;B
20240506;095932;4250;2;10278920516;B
20240506;095932;4250;1;10278920517;S
20240506;095932;4250;2;10278920518;S
20240506;095932;4250;50;10278920519;S
20240506;095932;4250;3;10278920520;S
20240506;095932;4250;4;10278920521;B
20240506;095932;4250;24;10278920522;B
20240506;095932;4250;1;10278920523;B
20240506;095932;4250;3;10278920524;B
20240506;095932;4250;1;10278920525;B
20240506;095932;4250;3;10278920526;S
20240506;095932;4250;1;10278920527;S
20240506;095932;4250;107;10278920528;B
20240506;095932;4250;245;10278920529;B
20240506;095932;4250;2;10278920530;B
20240506;095932;4250;1;10278920531;B
20240506;095932;4250;1;10278920532;B
20240506;095932;4250;1;10278920533;B
20240506;095932;4250;9;10278920534;B
20240506;095932;4250;2;10278920535;B
20240506;095932;4250;10;10278920536;B
20240506;095932;4250;1;10278920537;B
20240506;095932;4250;1;10278920538;B
20240506;095932;4250;11;10278920539;B
20240506;095932;4250;4;10278920540;B
20240506;095932;4250;1;10278920541;B
20240506;095932;4250;7;10278920542;S
20240506;095932;4250;50;10278920543;B
20240506;095932;4250;1;10278920544;B
20240506;095932;4250;1;10278920545;B
20240506;095932;4250;1;10278920546;B
20240506;095932;4250;10;10278920547;B
20240506;095932;4250;41;10278920548;B
20240506;095932;4250;100;10278920549;B
20240506;095932;4250;15;10278920550;B
20240506;095932;4250;44;10278920551;B
20240506;095932;4250;1;10278920552;B
20240506;095932;4250;1;10278920553;B
20240506;095932;4250;154;10278920554;B
20240506;095932;4250;10;10278920555;B
20240506;095932;4250;109;10278920556;B
20240506;095932;4250;15;10278920557;B
20240506;095932;4250;2;10278920558;B
20240506;095932;4250;10;10278920559;B
20240506;095932;4250;40;10278920560;S
20240506;095932;4250;5;10278920561;S
20240506;095932;4250;1;10278920562;S
20240506;095932;4250;1;10278920563;S
20240506;095932;4250;10;10278920564;S
20240506;095932;4250;1;10278920565;S
20240506;100000;4250.600000000001;10;10278929716;B
20240506;100000;4250.8;2;10278929767;B
20240506;100000;4251;1;10278929829;B
20240506;100000;4251.4;6;10278930248;S
20240506;100000;4251.2;40;10278930249;S
20240506;100000;4250;25;10278930261;S
20240506;100000;4250.8;1;10278930328;B
20240506;100000;4252;3;10278930341;B
20240506;100000;4252.600000000001;11;10278930342;B
20240506;100000;4253;31;10278930343;B
20240506;100000;4253;40;10278930344;B
20240506;100000;4253;31;10278930393;B
20240506;100000;4253;69;10278930394;B
20240506;100000;4251.600000000001;4;10278930423;S
20240506;100000;4250.8;67;10278930424;B
20240506;100000;4250.8;1;10278930427;B
20240506;100000;4253.2;1;10278930434;B
20240506;100000;4253.8;4;10278930435;B
20240506;100001;4250.2;22;10278930454;S
20240506;100001;4250.2;1;10278930455;S
20240506;100001;4250.4;2;10278930467;S
20240506;100001;4250.2;4;10278930468;S
20240506;100001;4250.4;2;10278930480;S
20240506;100001;4250.2;7;10278930481;S
20240506;100001;4250.4;1;10278930506;S
20240506;100001;4253.600000000001;2;10278930584;B
20240506;100001;4253.8;27;10278930585;B
20240506;100001;4253.8;51;10278930586;B
20240506;100001;4251.2;1;10278930615;S
20240506;100001;4253.600000000001;2;10278930618;B
20240506;100001;4253.8;69;10278930619;B
20240506;100001;4253.600000000001;2;10278930659;B
20240506;100001;4253.8;9;10278930660;B
20240506;100001;4253.8;22;10278930664;B
20240506;100001;4254;200;10278930680;B
20240506;100001;4254.4;9;10278930681;B
20240506;100001;4254.600000000001;31;10278930682;B
20240506;100001;4254.8;60;10278930683;B
20240506;100001;4254.8;1;10278930731;B
20240506;100001;4254.8;2;10278930738;B
20240506;100001;4254.8;137;10278930795;B
20240506;100001;4255;1;10278930796;B
20240506;100001;4255;1;10278930797;B
20240506;100001;4255;5;10278930798;B
20240506;100001;4255;10;10278930799;B
20240506;100001;4255;5;10278930800;B
20240506;100001;4255;28;10278930801;B
20240506;100001;4255;5;10278930802;B
20240506;100001;4255;9;10278930803;B
20240506;100001;4256;1;10278930804;B
20240506;100001;4256;31;10278930805;B
20240506;100001;4256.2;40;10278930806;B
20240506;100001;4256.4;71;10278930807;B
20240506;100001;4256.600000000001;9;10278930808;B
20240506;100001;4256.600000000001;191;10278930811;B
20240506;100001;4258;1;10278930812;B
20240506;100001;4258;1;10278930813;B
20240506;100001;4258.2;45;10278930814;B
20240506;100001;4257.4;2;10278930843;B
20240506;100001;4253.8;5;10278930849;S
20240506;100001;4253.8;5;10278930850;S
20240506;100001;4253.8;1;10278930851;S
20240506;100001;4254;1;10278930852;S
20240506;100001;4257.2;4;10278930859;B
20240506;100001;4257.4;29;10278930860;B
20240506;100001;4257.4;42;10278930861;B
20240506;100001;4257.600000000001;5;10278930862;B
20240506;100001;4254;3;10278930863;S
20240506;100001;4253.8;4;10278930864;S
20240506;100001;4254;1;10278930879;S
20240506;100001;4257.4;4;10278930894;B
20240506;100001;4257.4;4;10278930895;B
20240506;100001;4257.600000000001;35;10278930896;B
20240506;100001;4257.600000000001;9;10278930897;B
20240506;100001;4258.2;18;10278930898;B
20240506;100001;4254;3;10278930998;S
20240506;100001;4254;12;10278930999;S
20240506;100001;4254.600000000001;1;10278931016;B
20240506;100001;4256;6;10278931017;B
20240506;100001;4258;2;10278931018;B
20240506;100001;4258;31;10278931019;B
20240506;100001;4258;71;10278931020;B
20240506;100001;4258.2;6;10278931021;B
20240506;100001;4258;3;10278931057;B
20240506;100001;4258.2;6;10278931058;B
20240506;100001;4258.2;1;10278931070;B
20240506;100001;4258.2;5;10278931128;B
20240506;100001;4254.4;1;10278931172;S
20240506;100001;4256.600000000001;1;10278931220;S
20240506;100001;4258;1;10278931238;B
20240506;100001;4256.600000000001;1;10278931249;S
20240506;100002;4256.600000000001;10;10278931333;S
20240506;100002;4256.600000000001;8;10278931367;S
20240506;100002;4256.600000000001;1;10278931394;S
20240506;100002;4258;24;10278931440;B
20240506;100002;4256.600000000001;6;10278931489;S
20240506;100002;4258.2;2;10278931492;B
20240506;100002;4256.600000000001;1;10278931547;S
20240506;100002;4258;1;10278931570;B
20240506;100002;4256.600000000001;1;10278931571;S
20240506;100002;4256.600000000001;21;10278931596;S
20240506;100002;4256.600000000001;4;10278931597;S
20240506;100002;4256.4;9;10278931598;S
20240506;100002;4254.8;60;10278931599;S
20240506;100002;4254.8;3;10278931601;S
20240506;100002;4257.8;3;10278931630;B
20240506;100002;4258;30;10278931631;B
20240506;100002;4258;67;10278931632;B
20240506;100002;4255;1;10278931650;S
20240506;100002;4258;1;10278931699;B
20240506;100002;4258;29;10278931700;B
20240506;100002;4255;1;10278931731;S
20240506;100002;4258;12;10278931740;B
20240506;100002;4258;10;10278931773;B
20240506;100002;4255;1;10278931774;S
20240506;100002;4254.8;2;10278931775;S
20240506;100002;4255;3;10278931784;S
20240506;100002;4254.8;1;10278931790;S
20240506;100002;4255;1;10278931802;S
20240506;100002;4258;3;10278931810;B
20240506;100002;4255;2;10278931841;S
20240506;100002;4254.8;5;10278931849;S
20240506;100002;4254.8;10;10278931853;S
20240506;100002;4258;9;10278931856;B
20240506;100002;4258;1;10278931857;B
20240506;100002;4258.2;14;10278931858;B
20240506;100002;4254.8;10;10278931865;S
20240506;100002;4258;3;10278931923;B
20240506;100002;4258;3;10278931924;B
20240506;100002;4254.8;1;10278931926;S
20240506;100002;4254.600000000001;2;10278931982;S
20240506;100002;4254.600000000001;5;10278931985;S
20240506;100002;4257.8;2;10278931993;B
20240506;100002;4258;8;10278931994;B
20240506;100002;4258.2;103;10278931995;B
20240506;100002;4258.4;37;10278931996;B
20240506;100002;4258.4;9;10278931997;B
20240506;100002;4258.600000000001;1;10278931998;B
20240506;100002;4258.8;1;10278931999;B
20240506;100002;4258.8;1;10278932000;B
20240506;100002;4259;50;10278932001;B
20240506;100002;4259;40;10278932002;B
20240506;100002;4259.4;1;10278932003;B
20240506;100002;4259.4;31;10278932004;B
20240506;100002;4259.600000000001;200;10278932005;B
20240506;100002;4259.8;1;10278932006;B
20240506;100002;4259.8;1;10278932007;B
20240506;100002;4259.8;3;10278932008;B
20240506;100002;4259.8;3;10278932009;B
20240506;100002;4259.8;1;10278932010;B
20240506;100002;4260;40;10278932011;B
20240506;100002;4260;25;10278932012;B
20240506;100002;4260;20;10278932013;B
20240506;100002;4260;1;10278932014;B
20240506;100002;4260;21;10278932015;B
20240506;100002;4256;1;10278932018;S
20240506;100002;4259.600000000001;1;10278932033;B
20240506;100002;4256.600000000001;1;10278932035;S
20240506;100002;4256.600000000001;1;10278932047;S
20240506;100002;4256.600000000001;1;10278932063;S
20240506;100002;4256.2;9;10278932064;S
20240506;100002;4256.2;1;10278932071;S
20240506;100002;4259.600000000001;1;10278932109;B
20240506;100002;4256.4;3;10278932127;S
20240506;100002;4256.4;3;10278932132;S
20240506;100002;4256.2;3;10278932133;S
20240506;100002;4256.2;27;10278932169;S
20240506;100002;4256.2;8;10278932170;S
20240506;100002;4255.600000000001;1;10278932182;S
20240506;100002;4259.600000000001;1;10278932185;B
20240506;100002;4259.600000000001;1;10278932186;B
20240506;100002;4255.600000000001;2;10278932199;S
20240506;100002;4255.600000000001;40;10278932200;S
20240506;100002;4255.4;8;10278932201;S
20240506;100002;4255.4;33;10278932202;S
20240506;100003;4255.600000000001;5;10278932214;S
20240506;100003;4259.4;3;10278932263;B
20240506;100003;4259.600000000001;71;10278932264;B
20240506;100003;4259.600000000001;31;10278932265;B
20240506;100003;4259.600000000001;5;10278932266;B
20240506;100003;4259.8;40;10278932267;B
20240506;100003;4259.8;8;10278932268;B
20240506;100003;4260;2;10278932269;B
20240506;100003;4260;1;10278932270;B
20240506;100003;4260;1;10278932271;B
20240506;100003;4260;2;10278932272;B
20240506;100003;4260;5;10278932273;B
20240506;100003;4260;20;10278932274;B
20240506;100003;4260.600000000001;36;10278932275;B
20240506;100003;4260.4;31;10278932278;B
20240506;100003;4260.600000000001;64;10278932279;B
20240506;100003;4261;100;10278932280;B
20240506;100003;4261.2;200;10278932281;B
20240506;100003;4261.2;1;10278932282;B
20240506;100003;4261.600000000001;51;10278932283;B
20240506;100003;4256.2;1;10278932292;S
20240506;100003;4256.2;23;10278932392;S
20240506;100003;4257.2;5;10278932402;B
20240506;100003;4259.4;3;10278932403;B
20240506;100003;4260;1;10278932404;B
20240506;100003;4261;11;10278932405;B
20240506;100003;4256.2;4;10278932418;S
20240506;100003;4256.2;1;10278932442;S
20240506;100003;4260.8;3;10278932446;B
20240506;100003;4261;13;10278932447;B
20240506;100003;4260.8;3;10278932507;B
20240506;100003;4261;47;10278932508;B
20240506;100003;4261;22;10278932509;B
20240506;100003;4261.2;40;10278932510;B
20240506;100003;4261.2;8;10278932511;B
20240506;100003;4261.600000000001;46;10278932512;B
20240506;100003;4261.4;5;10278932513;B
20240506;100003;4261.4;15;10278932516;B
20240506;100003;4258.4;1;10278932540;S
20240506;100003;4260;1;10278932541;B
20240506;100003;4261.600000000001;3;10278932542;B
20240506;100003;4262;71;10278932543;B
20240506;100003;4262.2;25;10278932544;B
20240506;100003;4258.4;1;10278932552;S
20240506;100003;4258.600000000001;49;10278932598;B
20240506;100003;4259.4;1;10278932599;B
20240506;100003;4259.8;2;10278932613;B
20240506;100003;4260;5;10278932614;B
20240506;100003;4258.4;3;10278932615;S
20240506;100003;4260;5;10278932622;B
20240506;100003;4260;10;10278932643;B
20240506;100003;4260;42;10278932663;B
20240506;100003;4260;1;10278932664;B
20240506;100003;4260;1;10278932665;B
20240506;100003;4260.4;7;10278932666;B
20240506;100003;4261.600000000001;40;10278932667;B
20240506;100003;4262.2;9;10278932668;B
20240506;100003;4258.600000000001;3;10278932696;S
20240506;100003;4258.4;2;10278932697;S
20240506;100003;4260;1;10278932738;B
20240506;100003;4260;1;10278932739;B
20240506;100003;4261.8;3;10278932743;B
20240506;100003;4262;21;10278932744;B
20240506;100003;4262;1;10278932745;B
20240506;100003;4261;20;10278932763;S
20240506;100003;4261;1;10278932765;S
20240506;100003;4261;27;10278932766;S
20240506;100003;4260.600000000001;2;10278932767;S
20240506;100004;4260;8;10278932827;B
20240506;100004;4260;31;10278932828;B
20240506;100004;4259.2;36;10278932830;S
20240506;100004;4259;6;10278932831;S
20240506;100004;4259.8;2;10278932847;B
20240506;100004;4260;8;10278932848;B
20240506;100004;4260;50;10278932853;B
20240506;100004;4260;5;10278932857;B
20240506;100004;4258.2;5;10278932910;S
20240506;100004;4260;48;10278932920;B
20240506;100004;4260.2;7;10278932921;B
20240506;100004;4260.4;1;10278932922;B
20240506;100004;4261;2;10278932923;B
20240506;100004;4262;18;10278932924;B
20240506;100004;4262.2;24;10278932925;B
20240506;100004;4260;5;10278933042;B
20240506;100004;4260;2;10278933053;B
20240506;100004;4260;1;10278933055;B
20240506;100004;4259.600000000001;10;10278933299;B
20240506;100004;4258.8;5;10278933477;S
20240506;100004;4260;4;10278933704;B
20240506;100004;4260;1;10278933936;B
20240506;100005;4260;30;10278934016;B
20240506;100005;4259;1;10278934900;S
20240506;100005;4258.4;2;10278935431;S
20240506;100005;4258.4;1;10278936479;S
20240506;100005;4259;1;10278936567;B
20240506;100005;4259;1;10278936590;B
20240506;100005;4258.4;4;10278936602;S
20240506;100006;4258.4;1;10278937565;S
20240506;100006;4255.2;3;10278937689;S
20240506;100006;4255;8;10278937690;S
20240506;100006;4254.8;36;10278937691;S
20240506;100006;4254.8;10;10278937692;S
20240506;100006;4258.600000000001;8;10278937736;B
20240506;100006;4258.8;26;10278937737;B
20240506;100006;4258.600000000001;1;10278937776;B
20240506;100006;4258.600000000001;2;10278937787;B
20240506;100006;4258.8;8;10278937788;B
20240506;100006;4258.8;20;10278937791;B
20240506;100006;4254.8;1;10278937805;S
20240506;100006;4258.8;1;10278937858;B
20240506;100006;4254.8;4;10278937868;S
20240506;100006;4255.2;1;10278937884;S
20240506;100006;4258.8;1;10278937969;B
20240506;100006;4255.2;2;10278938165;S
20240506;100006;4255.2;6;10278938166;S
20240506;100006;4258.4;4;10278938935;B
20240506;100006;4258.4;4;10278939218;B
20240506;100006;4258.4;1;10278939224;B
20240506;100006;4258.4;2;10278939420;B
20240506;100006;4255.4;1;10278939442;S
20240506;100006;4255.4;1;10278939454;S
20240506;100006;4255.4;1;10278939489;S
20240506;100006;4255;1;10278939490;S
20240506;100006;4258.4;2;10278939491;B
20240506;100006;4254.600000000001;1;10278939495;S
20240506;100006;4258.4;2;10278939499;B
20240506;100006;4258.4;1;10278939504;B
20240506;100006;4254.600000000001;1;10278939507;S
20240506;100006;4258.4;10;10278939508;B
20240506;100006;4258.4;50;10278939515;B
20240506;100006;4258.600000000001;1;10278939580;B
20240506;100007;4257.2;1;10278940259;S
20240506;100007;4257.2;2;10278940264;S
20240506;100007;4257.2;1;10278940265;S
20240506;100007;4257.2;5;10278940266;S
20240506;100007;4258.600000000001;1;10278940286;B
20240506;100007;4258.600000000001;11;10278940287;B
20240506;100007;4257.2;5;10278940292;S
20240506;100007;4257.2;2;10278940585;S
20240506;100007;4258.600000000001;2;10278940598;B
20240506;100007;4259;2;10278940599;B
20240506;100007;4258.8;2;10278940611;B
20240506;100007;4259;1;10278940612;B
20240506;100007;4259;3;10278940613;B
20240506;100007;4257.2;1;10278940626;S
20240506;100007;4258.8;1;10278940801;B
20240506;100007;4259;41;10278940802;B
20240506;100007;4259;4;10278940803;B
20240506;100007;4259.8;20;10278941068;B
20240506;100007;4259.8;1;10278941280;B
20240506;100007;4259.8;3;10278941281;B
20240506;100007;4257.4;1;10278941282;S
20240506;100007;4259.8;1;10278941389;B
20240506;100008;4257.4;9;10278941743;S
20240506;100008;4259.8;1;10278942261;B
20240506;100008;4257.2;12;10278942265;S
20240506;100008;4257.2;1;10278942272;S
20240506;100008;4257.2;15;10278942274;S
20240506;100008;4259.8;6;10278942278;B
20240506;100008;4257.2;1;10278943132;S
20240506;100008;4257.2;1;10278943133;S
20240506;100008;4257.2;20;10278943390;S
20240506;100008;4259.600000000001;3;10278943519;B
20240506;100008;4257.2;3;10278943521;S
20240506;100008;4259.600000000001;6;10278943562;B
20240506;100008;4259.8;1;10278943563;B
20240506;100008;4259.8;13;10278943652;B
20240506;100009;4259.8;2;10278943795;B
20240506;100009;4257.4;2;10278943797;S
20240506;100009;4257.2;1;10278943798;S
20240506;100009;4257.2;6;10278943799;S
20240506;100009;4257.2;1;10278943801;S
20240506;100009;4257.2;2;10278943845;S
20240506;100009;4259.8;3;10278943850;B
20240506;100009;4257.4;1;10278944895;S
20240506;100009;4257.2;1;10278944896;S
20240506;100009;4257.2;2;10278944897;S
20240506;100009;4259.8;1;10278944900;B
20240506;100009;4259.8;4;10278944902;B
20240506;100009;4260;96;10278944903;B
20240506;100009;4257.2;1;10278944962;S
20240506;100010;4257.2;2;10278945228;S
20240506;100010;4259.600000000001;1;10278945326;B
20240506;100010;4259.600000000001;1;10278945335;B
20240506;100010;4259.8;4;10278945647;B
20240506;100010;4259.8;2;10278945774;B
20240506;100010;4259.8;2;10278945777;B
20240506;100010;4257.4;1;10278945943;S
20240506;100010;4259.8;2;10278945971;B
20240506;100010;4259.8;1;10278945983;B
20240506;100010;4259.8;10;10278945988;B
20240506;100010;4257.2;1;10278945994;S
20240506;100010;4259.8;4;10278946393;B
20240506;100010;4257.4;1;10278946400;S
20240506;100010;4257.4;30;10278946438;S
20240506;100010;4257.2;113;10278946439;S
20240506;100010;4257.2;2;10278946440;S
20240506;100010;4255.600000000001;40;10278946441;S
20240506;100010;4255.4;36;10278946442;S
20240506;100010;4254;6;10278946443;S
20240506;100010;4253.8;92;10278946444;S
20240506;100010;4259.600000000001;1;10278946446;B
20240506;100011;4258.8;1;10278946864;B
20240506;100011;4258.8;10;10278946904;B
20240506;100011;4258.8;1;10278946978;B
20240506;100011;4255.2;2;10278946983;S
20240506;100011;4255;8;10278946984;S
20240506;100011;4255;2;10278946991;S
20240506;100011;4255;2;10278946995;S
20240506;100011;4258.8;67;10278947139;B
20240506;100011;4258.8;6;10278947196;B
20240506;100012;4258;1;10278947499;B
20240506;100012;4256.8;2;10278947504;B
20240506;100012;4258;1;10278947505;B
20240506;100012;4258.2;27;10278947506;B
20240506;100012;4255.600000000001;2;10278947525;S
20240506;100012;4258.2;4;10278947586;B
20240506;100012;4258.4;10;10278947587;B
20240506;100012;4258.600000000001;2;10278947588;B
20240506;100012;4258.600000000001;2;10278947589;B
20240506;100012;4258.8;19;10278947590;B
20240506;100012;4259;13;10278947591;B
20240506;100013;4259.4;3;10278947783;B
20240506;100014;4259.8;50;10278948102;B
20240506;100014;4258;5;10278948328;S
20240506;100014;4256.4;5;10278948329;S
20240506;100014;4258.4;1;10278948337;B
20240506;100014;4258.8;10;10278948338;B
20240506;100015;4257.4;1;10278948596;S
20240506;100016;4258;1;10278948654;S
20240506;100016;4257.4;1;10278948655;S
20240506;100016;4257.2;20;10278948656;S
20240506;100016;4256.4;28;10278948657;S
20240506;100016;4258.600000000001;1;10278948718;B
20240506;100016;4258.8;2;10278948719;B
20240506;100017;4256;1;10278948892;S
20240506;100017;4258;5;10278948931;B
20240506;100017;4256;1;10278948937;S
20240506;100017;4258.600000000001;1;10278948968;B
20240506;100017;4258.600000000001;1;10278948969;B
20240506;100017;4258.8;33;10278948970;B
20240506;100017;4259.8;65;10278948971;B
20240506;100017;4260;151;10278948972;B
20240506;100017;4259.8;2;10278949004;B
20240506;100017;4260;48;10278949005;B
20240506;100017;4260;62;10278949027;B
20240506;100017;4260.2;40;10278949028;B
20240506;100017;4260.4;12;10278949029;B
20240506;100017;4260.600000000001;36;10278949030;B
20240506;100017;4261.600000000001;3;10278949031;B
20240506;100017;4262;83;10278949032;B
20240506;100017;4261.8;40;10278949042;B
20240506;100017;4261.8;36;10278949043;B
20240506;100017;4262;24;10278949044;B
20240506;100017;4261.8;1;10278949093;B
20240506;100018;4261.8;12;10278949167;B
20240506;100018;4260.8;1;10278949206;S
20240506;100018;4261.8;1;10278949276;B
20240506;100018;4261.8;26;10278949308;B
20240506;100018;4262;24;10278949309;B
20240506;100018;4262;2;10278949364;B
20240506;100018;4262;67;10278949421;B
20240506;100018;4261;3;10278949427;S
20240506;100018;4260.8;1;10278949428;S
20240506;100018;4260.600000000001;1;10278949429;S
20240506;100018;4258.4;2;10278949430;S
20240506;100018;4258.2;13;10278949431;S
20240506;100019;4261.8;1;10278949482;B
20240506;100019;4258.2;1;10278949485;S
20240506;100019;4261.8;1;10278949497;B
20240506;100019;4262;49;10278949498;B
20240506;100019;4262;1;10278949500;B
20240506;100019;4260;2;10278949614;S
20240506;100019;4259.8;31;10278949615;S
20240506;100020;4261.8;3;10278949760;B
20240506;100020;4261.8;2;10278949869;B
20240506;100020;4262;48;10278949870;B
20240506;100020;4259.8;1;10278949966;S
20240506;100021;4259.8;1;10278950100;S
20240506;100021;4259.8;2;10278950211;S
20240506;100021;4259.8;1;10278950212;S
20240506;100021;4258.4;2;10278950213;S
20240506;100021;4258.2;39;10278950214;S
20240506;100021;4256.8;56;10278950215;S
20240506;100021;4260.8;2;10278950282;B
20240506;100021;4260.8;8;10278950283;B
20240506;100022;4260.4;1;10278950620;B
20240506;100022;4260.600000000001;1;10278950621;B
20240506;100022;4260.8;23;10278950622;B
20240506;100023;4257.4;6;10278950634;S
20240506;100023;4260.8;25;10278950688;B
20240506;100023;4261;23;10278950689;B
20240506;100023;4261.2;40;10278950690;B
20240506;100023;4262;2;10278950691;B
20240506;100023;4262.2;30;10278950692;B
20240506;100023;4262.2;12;10278950697;B
20240506;100023;4262.2;36;10278950698;B
20240506;100023;4262.4;52;10278950699;B
20240506;100024;4258.600000000001;40;10278950958;S
20240506;100024;4258.4;36;10278950959;S
20240506;100024;4258.2;2;10278950960;S
20240506;100024;4257.4;22;10278950961;S
20240506;100024;4259.8;5;10278950967;B
20240506;100024;4261;2;10278950968;B
20240506;100024;4261.2;23;10278950969;B
20240506;100024;4262.4;148;10278950970;B
20240506;100024;4262.4;40;10278950971;B
20240506;100024;4263;200;10278950972;B
20240506;100024;4263;11;10278950973;B
20240506;100024;4263;10;10278950974;B
20240506;100024;4263;1;10278950975;B
20240506;100024;4264.2;36;10278950976;B
20240506;100024;4265;5;10278950977;B
20240506;100024;4265;5;10278950978;B
20240506;100024;4265;7;10278950979;B
20240506;100024;4265;8;10278950980;B
20240506;100024;4265;8;10278950981;B
20240506;100024;4265;150;10278950982;B
20240506;100024;4265.4;40;10278950983;B
20240506;100024;4265.8;3;10278950984;B
20240506;100024;4266;5;10278950985;B
20240506;100024;4267.4;1;10278950986;B
20240506;100024;4267.8;85;10278950987;B
20240506;100024;4268;1;10278950988;B
20240506;100024;4268.4;1;10278950989;B
20240506;100024;4268.600000000001;1;10278950990;B
20240506;100024;4268.8;5;10278950991;B
20240506;100024;4269;55;10278950992;B
20240506;100024;4269;1;10278950993;B
20240506;100024;4269;30;10278950994;B
20240506;100024;4269.2;120;10278950995;B
20240506;100024;4269.4;3;10278950996;B
20240506;100024;4269.8;8;10278950997;B
20240506;100024;4269.8;40;10278950998;B
20240506;100024;4270;100;10278950999;B
20240506;100024;4270;50;10278951000;B
20240506;100024;4270;50;10278951001;B
20240506;100024;4270;3;10278951002;B
20240506;100024;4270;330;10278951003;B
20240506;100024;4270;10;10278951004;B
20240506;100024;4270;100;10278951005;B
20240506;100024;4270;1;10278951006;B
20240506;100024;4270;7;10278951007;B
20240506;100024;4270;1;10278951008;B
20240506;100024;4270;1;10278951009;B
20240506;100024;4270;10;10278951010;B
20240506;100024;4270;5;10278951011;B
20240506;100024;4270.4;1;10278951012;B
20240506;100024;4271;250;10278951013;B
20240506;100024;4271;3;10278951014;B
20240506;100024;4271.4;3;10278951015;B
20240506;100024;4271.8;1;10278951016;B
20240506;100024;4272;100;10278951017;B
20240506;100024;4272;23;10278951018;B
20240506;100024;4274;1;10278951019;B
20240506;100024;4274;100;10278951020;B
20240506;100024;4274;1;10278951021;B
20240506;100024;4274.2;1;10278951022;B
20240506;100024;4274.2;40;10278951023;B
20240506;100024;4274.4;74;10278951024;B
20240506;100024;4274.2;40;10278951038;B
20240506;100024;4274.2;6;10278951039;B
20240506;100024;4274.2;5;10278951040;B
20240506;100024;4274.2;25;10278951104;B
20240506;100024;4274.2;40;10278951105;B
20240506;100024;4274.4;26;10278951106;B
20240506;100024;4274.8;23;10278951107;B
20240506;100024;4275;78;10278951108;B
20240506;100024;4274.8;10;10278951117;B
20240506;100024;4271;3;10278951182;S
20240506;100024;4270.8;7;10278951183;S
20240506;100024;4270.2;1;10278951185;S
20240506;100024;4268.600000000001;10;10278951186;S
20240506;100024;4268.600000000001;3;10278951187;S
20240506;100024;4265.2;7;10278951189;S
20240506;100024;4265.2;10;10278951190;S
20240506;100024;4265.2;3;10278951191;S
20240506;100024;4263.2;6;10278951200;S
20240506;100024;4263.2;10;10278951201;S
20240506;100024;4257.8;36;10278951212;S
20240506;100024;4257.8;14;10278951213;S
20240506;100024;4257.8;10;10278951215;S
20240506;100024;4257.8;10;10278951217;B
20240506;100024;4257.8;10;10278951218;B
20240506;100024;4257.8;10;10278951219;B
20240506;100024;4257.8;10;10278951220;B
20240506;100024;4265;2;10278951238;B
20240506;100024;4265;1;10278951268;B
20240506;100024;4269.2;2;10278951269;B
20240506;100024;4270.600000000001;35;10278951270;B
20240506;100024;4264;1;10278951285;S
20240506;100024;4269.8;1;10278951289;B
20240506;100024;4269.8;40;10278951290;B
20240506;100024;4270.8;9;10278951291;B
20240506;100024;4265;3;10278951292;S
20240506;100024;4270.600000000001;40;10278951293;B
20240506;100024;4270.8;35;10278951294;B
20240506;100024;4271.600000000001;25;10278951295;B
20240506;100024;4273.600000000001;15;10278951296;B
20240506;100024;4267.2;4;10278951297;S
20240506;100024;4266.600000000001;2;10278951300;S
20240506;100024;4264;9;10278951341;S
20240506;100025;4265;2;10278951392;B
20240506;100025;4264.600000000001;1;10278951401;B
20240506;100025;4265;3;10278951402;B
20240506;100025;4266;1;10278951403;B
20240506;100025;4266;49;10278951416;B
20240506;100025;4266;181;10278951417;B
20240506;100025;4265.8;1;10278951418;B
20240506;100025;4264.600000000001;1;10278951426;S
20240506;100025;4265.8;2;10278951432;B
20240506;100025;4266;2;10278951433;B
20240506;100025;4264.600000000001;35;10278951453;S
20240506;100025;4264.600000000001;37;10278951454;S
20240506;100025;4265.8;2;10278951455;B
20240506;100025;4266;47;10278951456;B
20240506;100025;4266;6;10278951499;B
20240506;100025;4266;1;10278951501;B
20240506;100025;4264.600000000001;5;10278951506;S
20240506;100025;4266;10;10278951519;B
20240506;100025;4266;2;10278951524;B
20240506;100025;4266;12;10278951613;B
20240506;100025;4265.2;1;10278951614;S
20240506;100025;4265.2;4;10278951655;S
20240506;100025;4265.2;23;10278951656;S
20240506;100025;4265;40;10278951657;S
20240506;100025;4265;36;10278951658;S
20240506;100025;4264.8;5;10278951659;S
20240506;100025;4264;4;10278951660;S
20240506;100025;4263.8;38;10278951661;S
20240506;100026;4266;100;10278951773;B
20240506;100026;4264.600000000001;16;10278951797;S
20240506;100026;4266;39;10278951811;B
20240506;100026;4266;3;10278951812;B
20240506;100026;4266;4;10278951813;B
20240506;100026;4267;10;10278951814;B
20240506;100026;4268;20;10278951815;B
20240506;100026;4268.4;2;10278951816;B
20240506;100026;4269;5;10278951817;B
20240506;100026;4269;1;10278951818;B
20240506;100026;4269;16;10278951819;B
20240506;100026;4266.2;3;10278951820;S
20240506;100026;4266.2;47;10278951821;S
20240506;100026;4266.2;10;10278951822;S
20240506;100026;4266.4;3;10278951823;S
20240506;100026;4264.600000000001;17;10278951824;S
20240506;100027;4264;1;10278952086;S
20240506;100028;4265.600000000001;5;10278952320;B
20240506;100028;4265.600000000001;3;10278952321;B
20240506;100028;4266;5;10278952322;B
20240506;100028;4267.2;1;10278952323;B
20240506;100028;4267.2;5;10278952324;B
20240506;100028;4267.4;5;10278952325;B
20240506;100028;4268.2;61;10278952326;B
20240506;100028;4268.4;40;10278952327;B
20240506;100028;4270;2;10278952328;B
20240506;100028;4270;2;10278952329;B
20240506;100028;4270;10;10278952330;B
20240506;100028;4270;1;10278952331;B
20240506;100028;4270;5;10278952332;B
20240506;100028;4270;1;10278952333;B
20240506;100028;4270;1;10278952334;B
20240506;100028;4270;5;10278952335;B
20240506;100028;4270;10;10278952336;B
20240506;100028;4270.600000000001;43;10278952337;B
20240506;100028;4270.8;36;10278952338;B
20240506;100028;4271.8;30;10278952339;B
20240506;100028;4272;23;10278952340;B
20240506;100028;4272;60;10278952341;B
20240506;100028;4272.4;2;10278952342;B
20240506;100028;4273;1;10278952343;B
20240506;100028;4273;20;10278952344;B
20240506;100028;4273;6;10278952345;B
20240506;100028;4273;1;10278952346;B
20240506;100028;4273.2;20;10278952347;B
20240506;100028;4273.8;20;10278952348;B
20240506;100028;4274;109;10278952349;B
20240506;100028;4274.2;40;10278952350;B
20240506;100028;4274.2;427;10278952351;B
20240506;100028;4269.600000000001;23;10278952353;S
20240506;100028;4268.4;27;10278952354;S
20240506;100028;4269.8;23;10278952357;S
20240506;100028;4269.8;3;10278952358;S
20240506;100028;4268.600000000001;24;10278952359;S
20240506;100028;4268.4;36;10278952361;S
20240506;100028;4268;14;10278952362;B
20240506;100028;4266.4;40;10278952364;S
20240506;100028;4266.4;10;10278952365;S
20240506;100028;4266.4;10;10278952366;S
20240506;100028;4266.4;16;10278952367;S
20240506;100028;4266.4;34;10278952368;S
20240506;100028;4267.2;3;10278952389;S
20240506;100028;4267.2;2;10278952390;S
20240506;100028;4267.2;5;10278952428;S
20240506;100029;4268.8;25;10278952610;S
20240506;100029;4267.4;15;10278952611;S
20240506;100029;4267.4;25;10278952612;S
20240506;100029;4267.2;35;10278952613;S
20240506;100029;4267.2;20;10278952614;S
20240506;100029;4267;36;10278952615;S
20240506;100029;4266.8;3;10278952616;S
20240506;100029;4265.8;91;10278952617;S
20240506;100029;4269;3;10278952741;S
20240506;100030;4270.600000000001;5;10278952863;B
20240506;100030;4270.8;1;10278952864;B
20240506;100030;4271;3;10278952865;B
20240506;100030;4271.8;36;10278952866;B
20240506;100030;4272;5;10278952867;B
20240506;100030;4272.8;10;10278952939;S
20240506;100030;4272.8;5;10278952960;S
20240506;100031;4273.600000000001;10;10278952996;B
20240506;100031;4272.8;1;10278953101;S
20240506;100031;4273.4;1;10278953167;B
20240506;100031;4270.8;1;10278953214;B
20240506;100031;4273.2;3;10278953215;B
20240506;100031;4273.4;6;10278953216;B
20240506;100032;4270.2;2;10278953392;S
20240506;100033;4270.4;1;10278953737;S
20240506;100033;4270.4;6;10278953797;S
20240506;100033;4270.2;4;10278953798;S
20240506;100034;4270.2;4;10278953812;S
20240506;100034;4269.600000000001;40;10278953813;S
20240506;100034;4269.4;3;10278953814;S
20240506;100034;4269;37;10278953815;S
20240506;100034;4268.4;36;10278953816;S
20240506;100034;4267.2;10;10278953817;S
20240506;100034;4267.2;23;10278953818;S
20240506;100034;4266.8;3;10278953819;S
20240506;100034;4266.600000000001;142;10278953820;S
20240506;100034;4266.4;2;10278953821;S
20240506;100034;4266.600000000001;2;10278953865;S
20240506;100034;4271;5;10278953942;B
20240506;100034;4271;20;10278953955;B
20240506;100034;4271;10;10278953992;B
20240506;100034;4271;5;10278953999;B
20240506;100034;4271;20;10278954000;B
20240506;100034;4267.600000000001;1;10278954053;S
20240506;100035;4267.8;20;10278954170;S
20240506;100035;4270.600000000001;3;10278954226;B
20240506;100036;4267.4;1;10278954493;S
20240506;100036;4269;100;10278954617;S
20240506;100036;4268.2;12;10278954618;S
20240506;100037;4267.600000000001;1;10278954864;S
20240506;100037;4267.4;36;10278954865;S
20240506;100037;4267.2;13;10278954866;S
20240506;100037;4270.4;1;10278954942;B
20240506;100037;4270.600000000001;1;10278954943;B
20240506;100037;4270.8;5;10278954944;B
20240506;100037;4270.8;5;10278954945;B
20240506;100037;4267.4;5;10278954964;S
20240506;100037;4267.2;40;10278954965;S
20240506;100037;4266.8;36;10278954966;S
20240506;100037;4266.600000000001;3;10278954967;S
20240506;100037;4266.600000000001;1;10278954968;S
20240506;100037;4266;34;10278954969;S
20240506;100038;4270.4;3;10278955017;B
20240506;100038;4270.600000000001;40;10278955018;B
20240506;100038;4270.8;23;10278955019;B
20240506;100038;4271;5;10278955020;B
20240506;100038;4271.600000000001;5;10278955021;B
20240506;100038;4271.8;36;10278955022;B
20240506;100038;4272.600000000001;5;10278955023;B
20240506;100038;4273;1;10278955024;B
20240506;100038;4273.8;142;10278955025;B
20240506;100038;4273.8;12;10278955026;B
20240506;100038;4274;10;10278955027;B
20240506;100038;4274;3;10278955028;B
20240506;100038;4274.8;1;10278955029;B
20240506;100038;4274.8;5;10278955030;B
20240506;100038;4275;22;10278955031;B
20240506;100038;4275;39;10278955032;B
20240506;100038;4269.600000000001;30;10278955036;S
20240506;100038;4273.8;1;10278955039;B
20240506;100038;4273.8;3;10278955187;B
20240506;100038;4273.8;3;10278955192;B
20240506;100038;4273.8;1;10278955213;B
20240506;100039;4271.2;1;10278955487;S
20240506;100039;4270.600000000001;21;10278955497;S
20240506;100040;4273.600000000001;21;10278955563;B
20240506;100040;4273.8;29;10278955564;B
20240506;100040;4273.8;7;10278955572;B
20240506;100040;4274;3;10278955573;B
20240506;100040;4274.2;40;10278955574;B
20240506;100040;4275;43;10278955575;B
20240506;100040;4275;1;10278955576;B
20240506;100040;4275;1;10278955577;B
20240506;100040;4275;1;10278955578;B
20240506;100040;4275;4;10278955579;B
20240506;100040;4271.4;1;10278955580;S
20240506;100040;4271.4;1;10278955614;S
20240506;100040;4274.600000000001;3;10278955690;B
20240506;100040;4274.8;40;10278955691;B
20240506;100040;4275;46;10278955692;B
20240506;100040;4275;2;10278955693;B
20240506;100040;4275;8;10278955694;B
20240506;100040;4275;350;10278955695;B
20240506;100040;4275;1;10278955696;B
20240506;100040;4275;5;10278955697;B
20240506;100040;4275;10;10278955698;B
20240506;100040;4275;35;10278955699;B
20240506;100040;4272.2;3;10278955708;S
20240506;100040;4272;21;10278955709;S
20240506;100041;4272;1;10278955906;S
20240506;100041;4275;5;10278956015;B
20240506;100041;4275;1;10278956016;B
20240506;100041;4275;1;10278956017;B
20240506;100041;4275;3;10278956018;B
20240506;100041;4275.2;90;10278956019;B
20240506;100041;4275;3;10278956059;B
20240506;100041;4275.2;10;10278956060;B
20240506;100041;4275.2;3;10278956061;B
20240506;100041;4275.2;36;10278956062;B
20240506;100041;4276;48;10278956063;S
20240506;100042;4276.600000000001;4;10278956130;B
20240506;100042;4276.600000000001;1;10278956158;B
20240506;100042;4275;1;10278956321;B
20240506;100043;4276.2;2;10278956380;B
20240506;100043;4276.600000000001;28;10278956381;B
20240506;100043;4274.8;3;10278956412;S
20240506;100043;4274.600000000001;23;10278956413;S
20240506;100043;4273;10;10278956414;S
20240506;100043;4272.8;114;10278956415;S
20240506;100043;4275;2;10278956491;S
20240506;100043;4276.4;3;10278956576;B
20240506;100043;4276.600000000001;7;10278956577;B
20240506;100043;4276.600000000001;13;10278956578;B
20240506;100043;4276.600000000001;1;10278956591;B
20240506;100043;4276.4;20;10278956621;B
20240506;100043;4276.4;23;10278956663;B
20240506;100044;4274;3;10278956725;S
20240506;100044;4273.4;1;10278956859;S
20240506;100044;4273.4;2;10278956870;S
20240506;100044;4273.2;2;10278956871;S
20240506;100045;4276.4;3;10278956920;B
20240506;100045;4276.600000000001;22;10278956921;B
20240506;100045;4276.600000000001;40;10278956922;B
20240506;100045;4276.8;2;10278956923;B
20240506;100045;4277;23;10278956924;B
20240506;100045;4277.2;1;10278956925;B
20240506;100045;4277.8;5;10278956926;B
20240506;100045;4278;2;10278956927;B
20240506;100045;4278;2;10278956928;B
20240506;100045;4278;20;10278956929;B
20240506;100045;4278.2;1;10278956930;B
20240506;100045;4278.4;1;10278956931;B
20240506;100045;4278.4;3;10278956932;B
20240506;100045;4278.600000000001;2;10278956933;B
20240506;100045;4274.2;20;10278956950;S
20240506;100045;4276.4;20;10278957032;S
20240506;100045;4277.600000000001;3;10278957172;B
20240506;100045;4277.600000000001;32;10278957173;B
20240506;100046;4277;1;10278957337;B
20240506;100046;4278;1;10278957420;B
20240506;100046;4278;6;10278957421;B
20240506;100046;4278.8;23;10278957422;B
20240506;100046;4278.8;1;10278957447;B
20240506;100047;4278.8;100;10278957524;B
20240506;100047;4277.600000000001;200;10278957593;S
20240506;100047;4278.600000000001;1;10278957615;B
20240506;100047;4278.4;1;10278957625;B
20240506;100047;4278.600000000001;35;10278957626;B
20240506;100047;4278.8;56;10278957627;B
20240506;100047;4279.4;2;10278957628;B
20240506;100047;4279.600000000001;1;10278957629;B
20240506;100047;4279.8;5;10278957630;B
20240506;100047;4280;1;10278957631;B
20240506;100047;4280;1;10278957632;B
20240506;100047;4280;50;10278957633;B
20240506;100047;4280;4;10278957634;B
20240506;100047;4280;40;10278957635;B
20240506;100047;4280;1;10278957636;B
20240506;100047;4280;1;10278957637;B
20240506;100047;4280;1;10278957638;B
20240506;100047;4280;1;10278957639;B
20240506;100047;4280;1;10278957640;B
20240506;100047;4280;36;10278957641;B
20240506;100047;4280;36;10278957642;B
20240506;100047;4278;5;10278957658;S
20240506;100047;4277.600000000001;1;10278957675;S
20240506;100047;4278.8;7;10278957676;B
20240506;100048;4278.8;1;10278957740;B
20240506;100048;4278.4;25;10278957965;B
20240506;100049;4277.600000000001;20;10278958034;S
20240506;100049;4278.4;11;10278958119;B
20240506;100049;4278.4;9;10278958120;B
20240506;100049;4277.600000000001;78;10278958131;S
20240506;100049;4277.4;3;10278958132;S
20240506;100049;4276.600000000001;19;10278958133;S
20240506;100049;4276.4;50;10278958157;S
20240506;100049;4278.2;3;10278958198;B
20240506;100049;4278.2;1;10278958199;B
20240506;100049;4278.4;1;10278958200;B
20240506;100050;4276.4;7;10278958343;S
20240506;100050;4276.4;10;10278958402;S
20240506;100050;4277;50;10278958425;B
20240506;100050;4277.2;5;10278958426;B
20240506;100050;4277.4;45;10278958427;B
20240506;100050;4277.4;5;10278958506;B
20240506;100050;4277.600000000001;70;10278958507;B
20240506;100050;4277.600000000001;1;10278958508;B
20240506;100050;4278.2;2;10278958509;B
20240506;100050;4278.4;5;10278958510;B
20240506;100050;4278.4;36;10278958511;B
20240506;100050;4278.600000000001;10;10278958512;B
20240506;100050;4278.600000000001;2;10278958513;B
20240506;100050;4278.8;22;10278958514;B
20240506;100050;4279;60;10278958515;B
20240506;100050;4279;5;10278958516;B
20240506;100050;4279.8;82;10278958517;B
20240506;100051;4277.4;3;10278958583;S
20240506;100051;4277.2;3;10278958584;S
20240506;100051;4279.600000000001;3;10278958692;B
20240506;100051;4279.4;10;10278958765;B
20240506;100051;4280;124;10278958766;B
20240506;100051;4280;11;10278958767;B
20240506;100051;4280;2;10278958768;B
20240506;100051;4280;2;10278958769;B
20240506;100051;4280;5;10278958770;B
20240506;100051;4280;1;10278958771;B
20240506;100051;4280;24;10278958772;B
20240506;100051;4280;10;10278958773;B
20240506;100051;4280;2;10278958774;B
20240506;100051;4280;3;10278958775;B
20240506;100051;4280;30;10278958776;B
20240506;100051;4280;3;10278958777;B
20240506;100051;4280;1;10278958778;B
20240506;100051;4280;3;10278958779;B
20240506;100051;4280;1;10278958780;B
20240506;100051;4280.4;3;10278958781;B
20240506;100051;4280.8;15;10278958782;B
20240506;100052;4278.600000000001;1;10278958860;S
20240506;100052;4280.600000000001;10;10278958987;B
20240506;100052;4280.8;90;10278958988;B
20240506;100052;4279.600000000001;36;10278959010;S
20240506;100052;4279.4;3;10278959011;S
20240506;100052;4279;23;10278959012;S
20240506;100052;4278.4;4;10278959013;S
20240506;100052;4278;10;10278959014;S
20240506;100052;4277.4;124;10278959018;B
20240506;100052;4278;3;10278959019;B
20240506;100052;4280.600000000001;11;10278959020;B
20240506;100052;4280.8;339;10278959021;B
20240506;100052;4279.8;1;10278959130;B
20240506;100053;4280.8;100;10278959188;B
20240506;100053;4280.8;5;10278959227;B
20240506;100053;4278.8;20;10278959235;S
20240506;100053;4278.8;1;10278959249;S
20240506;100053;4278.8;1;10278959263;S
20240506;100053;4280.8;34;10278959301;B
20240506;100053;4280.8;1;10278959404;B
20240506;100054;4278.8;1;10278959497;S
20240506;100054;4280.8;4;10278959548;B
20240506;100055;4280.8;50;10278959634;B
20240506;100055;4280.8;34;10278959679;B
20240506;100055;4278.8;1;10278959751;S
20240506;100055;4278.8;12;10278959752;S
20240506;100055;4279;36;10278959763;S
20240506;100055;4278.8;3;10278959764;S
20240506;100055;4278.600000000001;4;10278959765;S
20240506;100056;4278.8;1;10278959956;S
20240506;100056;4280.4;3;10278960008;B
20240506;100056;4278.8;5;10278960072;S
20240506;100056;4280.4;17;10278960105;B
20240506;100056;4280.4;5;10278960106;B
20240506;100057;4280.4;3;10278960137;B
20240506;100057;4280.4;17;10278960142;B
20240506;100057;4280.600000000001;3;10278960143;B
20240506;100057;4280.8;15;10278960144;B
20240506;100057;4280.8;38;10278960208;B
20240506;100057;4280.8;28;10278960215;B
20240506;100057;4279.4;23;10278960224;S
20240506;100057;4279.4;3;10278960225;S
20240506;100057;4279.2;4;10278960226;S
20240506;100057;4280.600000000001;3;10278960244;B
20240506;100057;4280.8;27;10278960245;B
20240506;100057;4279.4;5;10278960265;S
20240506;100057;4280.8;10;10278960275;B
20240506;100057;4280.8;2;10278960278;B
20240506;100057;4280.8;40;10278960362;B
20240506;100058;4280.8;16;10278960388;B
20240506;100058;4280;50;10278960440;S
20240506;100058;4280;50;10278960441;S
20240506;100058;4280.8;100;10278960450;B
20240506;100058;4280.8;29;10278960451;B
20240506;100058;4279.4;18;10278960504;S
20240506;100058;4279.4;3;10278960505;S
20240506;100058;4279.4;36;10278960506;S
20240506;100058;4279.2;12;10278960507;S
20240506;100058;4280;65;10278960576;B
20240506;100059;4279.8;15;10278960659;S
20240506;100059;4279.600000000001;10;10278960660;S
20240506;100059;4280.8;20;10278960679;B
20240506;100059;4279.600000000001;13;10278960777;S
20240506;100059;4279.4;1;10278960778;S
20240506;100059;4279.2;4;10278960779;S
20240506;100059;4278.600000000001;3;10278960780;S
20240506;100059;4278.4;279;10278960781;S
20240506;100100;4280.600000000001;3;10278960968;B
20240506;100100;4278.600000000001;2;10278961062;S
20240506;100100;4278.600000000001;4;10278961066;S
20240506;100100;4278.600000000001;1;10278961080;S
20240506;100100;4278.600000000001;1;10278961096;S
20240506;100100;4279.4;5;10278961154;B
20240506;100100;4279.4;1;10278961194;B
20240506;100100;4278.600000000001;1;10278961210;S
20240506;100100;4279.4;4;10278961238;B
20240506;100100;4278.600000000001;1;10278961269;S
20240506;100100;4278.4;7;10278961270;S
20240506;100100;4279.4;10;10278961272;B
20240506;100100;4278.4;10;10278961276;S
20240506;100100;4279.4;20;10278961277;B
20240506;100100;4279.4;9;10278961278;B
20240506;100100;4279.8;10;10278961279;B
20240506;100100;4279.8;10;10278961299;B
20240506;100100;4279.8;3;10278961300;B
20240506;100100;4280;9;10278961301;B
20240506;100100;4280.2;8;10278961302;B
20240506;100101;4278.8;1;10278961386;S
20240506;100101;4280;10;10278961405;B
20240506;100101;4280.2;32;10278961406;B
20240506;100101;4280.2;3;10278961407;B
20240506;100101;4280.4;9;10278961408;B
20240506;100101;4280.8;3;10278961409;B
20240506;100101;4280.8;2;10278961410;B
20240506;100101;4280.8;1;10278961411;B
20240506;100101;4281.600000000001;36;10278961412;B
20240506;100101;4281.8;1;10278961413;B
20240506;100101;4281.8;1;10278961414;B
20240506;100101;4281.8;3;10278961415;B
20240506;100101;4281.8;3;10278961416;B
20240506;100101;4281.8;1;10278961417;B
20240506;100101;4282;3;10278961418;B
20240506;100101;4283;1;10278961419;B
20240506;100101;4283;16;10278961420;B
20240506;100101;4280;1;10278961430;S
20240506;100101;4280;2;10278961464;S
20240506;100101;4279.8;23;10278961465;S
20240506;100101;4279.600000000001;9;10278961466;S
20240506;100101;4279.2;36;10278961467;S
20240506;100101;4279.2;29;10278961468;S
20240506;100101;4280.2;1;10278961530;B
20240506;100101;4280.2;3;10278961560;S
20240506;100101;4280;47;10278961561;S
20240506;100101;4280;1;10278961629;S
20240506;100102;4280;12;10278961662;S
20240506;100102;4280.8;1;10278961740;B
20240506;100102;4280.8;10;10278961741;B
20240506;100102;4281;1;10278961742;B
20240506;100102;4281.2;8;10278961743;B
20240506;100102;4281.4;3;10278961744;B
20240506;100102;4282.600000000001;36;10278961745;B
20240506;100102;4282.8;1;10278961746;B
20240506;100102;4283;4;10278961747;B
20240506;100102;4283;1;10278961748;B
20240506;100102;4283.2;6;10278961749;B
20240506;100102;4283.2;23;10278961750;B
20240506;100102;4283.600000000001;1;10278961751;B
20240506;100102;4284;2;10278961752;B
20240506;100102;4284.600000000001;3;10278961753;B
20240506;100102;4284.8;29;10278961754;B
20240506;100102;4285;171;10278961755;B
20240506;100102;4281.600000000001;1;10278961832;S
20240506;100103;4281.2;3;10278961969;S
20240506;100103;4280.4;22;10278961970;S
20240506;100103;4280;1;10278962010;S
20240506;100103;4280;1;10278962024;S
20240506;100103;4280;11;10278962034;S
20240506;100103;4280;57;10278962061;B
20240506;100104;4280;10;10278962288;B
20240506;100104;4280;5;10278962403;B
20240506;100105;4279.600000000001;1;10278962534;B
20240506;100105;4280;17;10278962535;B
20240506;100105;4280.2;9;10278962536;B
20240506;100105;4280.4;20;10278962537;B
20240506;100105;4280.600000000001;10;10278962538;B
20240506;100105;4280.8;3;10278962539;B
20240506;100105;4281.2;1;10278962540;B
20240506;100105;4282.8;10;10278962541;B
20240506;100105;4283;10;10278962542;B
20240506;100105;4283;19;10278962543;B
20240506;100105;4280.4;4;10278962574;S
20240506;100106;4280.600000000001;10;10278962633;B
20240506;100106;4283.2;10;10278962760;B
20240506;100106;4283.4;1;10278962761;B
20240506;100106;4283.4;1;10278962762;B
20240506;100106;4283.600000000001;3;10278962763;B
20240506;100106;4283.600000000001;8;10278962764;B
20240506;100106;4283.8;2;10278962765;B
20240506;100107;4282.4;1;10278962805;S
20240506;100107;4284;1;10278962816;B
20240506;100107;4284;1;10278962817;B
20240506;100107;4284.2;4;10278962818;B
20240506;100107;4284.600000000001;6;10278962819;B
20240506;100108;4283;1;10278963109;S
20240506;100109;4284.4;5;10278963263;B
20240506;100109;4284;1;10278963400;B
20240506;100109;4284;4;10278963401;B
20240506;100110;4283;102;10278963454;S
20240506;100110;4282.8;8;10278963455;S
20240506;100110;4282.4;2;10278963456;S
20240506;100110;4282.2;35;10278963457;S
20240506;100110;4281.4;36;10278963458;S
20240506;100110;4281.2;17;10278963459;S
20240506;100110;4281;1;10278963533;S
20240506;100110;4280.4;3;10278963596;S
20240506;100110;4280;1;10278963597;S
20240506;100112;4281;2;10278963777;B
20240506;100112;4281;7;10278963899;B
20240506;100112;4281.4;3;10278963900;B
20240506;100112;4282;1;10278963926;B
20240506;100112;4280.8;1;10278963929;S
20240506;100112;4280.8;2;10278963930;S
20240506;100112;4280.8;3;10278963951;S
20240506;100112;4280.600000000001;8;10278963952;S
20240506;100112;4280.4;14;10278963953;S
20240506;100113;4282;4;10278963982;B
20240506;100113;4282.600000000001;8;10278963983;B
20240506;100113;4282.600000000001;3;10278964008;B
20240506;100113;4282.8;1;10278964049;B
20240506;100113;4283;1;10278964050;B
20240506;100113;4283;3;10278964051;B
20240506;100113;4281.600000000001;1;10278964059;S
20240506;100114;4282.8;1;10278964175;B
20240506;100114;4282.4;10;10278964280;S
20240506;100115;4282.600000000001;10;10278964350;B
20240506;100115;4282.8;24;10278964351;B
20240506;100115;4283;3;10278964381;B
20240506;100115;4283;2;10278964454;B
20240506;100115;4283;7;10278964455;B
20240506;100115;4283;8;10278964614;S
20240506;100115;4282.8;66;10278964615;S
20240506;100115;4282.600000000001;8;10278964616;S
20240506;100115;4281.600000000001;18;10278964617;S
20240506;100117;4281.600000000001;81;10278964935;S
20240506;100117;4281.4;3;10278964936;S
20240506;100117;4281.4;8;10278964937;S
20240506;100117;4280.4;7;10278964938;S
20240506;100118;4280.4;5;10278965196;S
20240506;100118;4280.4;10;10278965197;S
20240506;100118;4280.2;25;10278965198;S
20240506;100119;4280.2;2;10278965401;S
20240506;100120;4280.2;50;10278965514;S
20240506;100120;4280.2;5;10278965520;S
20240506;100120;4280.4;20;10278965532;B
20240506;100120;4280.4;2;10278965646;B
20240506;100121;4280.2;59;10278965705;S
20240506;100121;4280;42;10278965706;S
20240506;100121;4280;1;10278965707;S
20240506;100121;4280;1;10278965708;S
20240506;100121;4280;8;10278965709;S
20240506;100122;4279.4;40;10278965835;S
20240506;100122;4280.2;3;10278965842;B
20240506;100122;4280;5;10278965868;B
20240506;100122;4279.8;1;10278965907;B
20240506;100122;4280;8;10278965968;B
20240506;100122;4280.2;13;10278965969;B
20240506;100122;4280.2;19;10278965970;B
20240506;100123;4280.2;4;10278966022;B
20240506;100123;4280.4;9;10278966023;B
20240506;100123;4280.4;20;10278966024;B
20240506;100123;4280.600000000001;1;10278966025;B
20240506;100123;4280.600000000001;8;10278966026;B
20240506;100123;4280.8;3;10278966027;B
20240506;100123;4280.8;5;10278966028;B
20240506;100123;4282;6;10278966029;B
20240506;100123;4282.2;36;10278966030;B
20240506;100123;4282.2;1;10278966031;B
20240506;100123;4282.4;7;10278966032;B
20240506;100123;4282.600000000001;25;10278966033;B
20240506;100123;4282.8;26;10278966034;B
20240506;100123;4283;24;10278966035;B
20240506;100123;4281.600000000001;1;10278966134;B
20240506;100124;4279.4;1;10278966187;S
20240506;100126;4280;5;10278966964;B
20240506;100127;4280.2;8;10278967264;B
20240506;100127;4280.4;19;10278967265;B
20240506;100128;4279;3;10278967503;S
20240506;100128;4278.8;3;10278967504;S
20240506;100128;4278.8;14;10278967505;S
20240506;100128;4278.600000000001;1;10278967506;S
20240506;100128;4278.600000000001;8;10278967507;S
20240506;100128;4278.4;4;10278967508;S
20240506;100129;4278.4;1;10278967642;B
20240506;100129;4277.600000000001;5;10278967650;S
20240506;100129;4278.2;10;10278967682;B
20240506;100129;4278.4;18;10278967683;B
20240506;100130;4277.600000000001;5;10278967805;S
20240506;100130;4277.600000000001;16;10278967806;S
20240506;100130;4277.4;8;10278967807;S
20240506;100130;4277;1;10278967808;S
20240506;100130;4276.8;1;10278967809;S
20240506;100130;4276.600000000001;5;10278967810;S
20240506;100130;4276.4;13;10278967811;S
20240506;100130;4276.4;36;10278967812;S
20240506;100130;4276.2;3;10278967813;S
20240506;100130;4276;40;10278967814;S
20240506;100130;4275.8;23;10278967815;S
20240506;100130;4275.600000000001;5;10278967816;S
20240506;100130;4275.4;20;10278967817;S
20240506;100130;4275;10;10278967818;S
20240506;100130;4275;48;10278967819;S
20240506;100130;4278.2;3;10278967822;B
20240506;100130;4278.2;2;10278967823;B
20240506;100130;4278;3;10278967885;B
20240506;100130;4278.2;2;10278967886;B
20240506;100131;4278.2;20;10278968023;B
20240506;100133;4277.600000000001;1;10278968475;B
20240506;100133;4278;8;10278968476;B
20240506;100133;4278;5;10278968477;B
20240506;100133;4278.2;24;10278968478;B
20240506;100133;4278.4;46;10278968479;B
20240506;100133;4278.600000000001;40;10278968480;B
20240506;100133;4279.4;10;10278968481;B
20240506;100133;4279.600000000001;5;10278968482;B
20240506;100133;4280;250;10278968483;B
20240506;100133;4280;1;10278968484;B
20240506;100133;4280;23;10278968485;B
20240506;100133;4280.2;7;10278968486;B
20240506;100133;4277.4;3;10278968616;S
20240506;100133;4277.4;8;10278968617;S
20240506;100133;4277.4;23;10278968618;S
20240506;100135;4279.2;1;10278968981;B
20240506;100135;4279.2;8;10278968982;B
20240506;100135;4279.4;20;10278968983;B
20240506;100135;4279.4;5;10278968984;B
20240506;100135;4280;2;10278968985;B
20240506;100135;4280;3;10278968986;B
20240506;100135;4280;3;10278968987;B
20240506;100135;4280.2;43;10278968988;B
20240506;100135;4280.2;42;10278968989;B
20240506;100135;4280.8;24;10278968990;B
20240506;100135;4281.2;1;10278969019;B
20240506;100136;4279;4;10278969124;S
20240506;100136;4280;1;10278969281;B
20240506;100138;4280;15;10278969555;B
20240506;100139;4279;50;10278969964;S
20240506;100139;4280;84;10278970032;B
20240506;100139;4280;4;10278970033;B
20240506;100139;4280;51;10278970034;B
20240506;100139;4280;8;10278970035;B
20240506;100139;4280;5;10278970036;B
20240506;100139;4280.2;36;10278970037;B
20240506;100139;4280.4;1;10278970038;B
20240506;100139;4280.4;23;10278970039;B
20240506;100139;4280.8;40;10278970040;B
20240506;100142;4281.2;1;10278970618;B
20240506;100142;4280;2;10278970834;B
20240506;100142;4281;8;10278970835;B
20240506;100142;4281.2;26;10278970836;B
20240506;100144;4281.4;3;10278971203;B
20240506;100144;4281.4;4;10278971204;B
20240506;100146;4280;1;10278971724;S
20240506;100147;4280;2;10278972017;B
20240506;100148;4279.2;2;10278972229;S
20240506;100148;4279.2;3;10278972230;S
20240506;100149;4279.600000000001;1;10278972646;B
20240506;100149;4279.600000000001;5;10278972648;B
20240506;100150;4279;50;10278972750;S
20240506;100151;4279.2;2;10278972915;S
20240506;100152;4279.4;1;10278973109;B
20240506;100153;4279.4;7;10278973360;B
20240506;100153;4279.4;3;10278973361;B
20240506;100153;4279.600000000001;1;10278973385;B
20240506;100155;4279.4;1;10278973709;B
20240506;100155;4279.600000000001;2;10278973710;B
20240506;100156;4279.600000000001;1;10278973888;B
20240506;100156;4279.600000000001;5;10278974054;B
20240506;100157;4279.600000000001;4;10278974058;B
20240506;100159;4279.4;1;10278974517;B
20240506;100200;4279.2;2;10278974710;S
20240506;100200;4279;32;10278974711;S
20240506;100200;4279;10;10278974728;S
20240506;100200;4279;1;10278974736;S
20240506;100200;4279;1;10278974737;S
20240506;100201;4279;1;10278974807;S
20240506;100201;4279.2;1;10278974905;B
20240506;100201;4279.2;34;10278974906;B
20240506;100201;4279.2;1;10278974935;B
20240506;100201;4279.2;2;10278974953;B
20240506;100201;4279.2;2;10278975020;B
20240506;100201;4279.2;10;10278975022;B
20240506;100202;4279;1;10278975055;S
20240506;100202;4279.2;3;10278975125;B
20240506;100203;4279.2;15;10278975226;B
20240506;100203;4279;8;10278975283;S
20240506;100203;4279;30;10278975284;S
20240506;100203;4279;1;10278975285;S
20240506;100203;4279;40;10278975286;S
20240506;100203;4279;5;10278975287;S
20240506;100204;4279;8;10278975525;B
20240506;100204;4279.2;2;10278975526;B
20240506;100204;4279.2;8;10278975527;B
20240506;100204;4279.2;30;10278975528;B
20240506;100204;4279.2;15;10278975529;B
20240506;100204;4279.2;3;10278975530;B
20240506;100204;4279.4;1;10278975531;B
20240506;100204;4279.600000000001;21;10278975532;B
20240506;100204;4279.600000000001;2;10278975533;B
20240506;100204;4279.600000000001;5;10278975534;B
20240506;100204;4279.600000000001;5;10278975535;B
20240506;100204;4279.600000000001;23;10278975536;B
20240506;100204;4279.600000000001;10;10278975537;B
20240506;100204;4279.600000000001;17;10278975538;B
20240506;100204;4279.8;2;10278975547;B
20240506;100205;4279.8;5;10278975634;B
20240506;100207;4279.4;1;10278976241;B
20240506;100208;4279.2;1;10278976432;S
20240506;100208;4279.2;1;10278976486;S
20240506;100209;4279.4;1;10278976532;B
20240506;100209;4279.2;1;10278976535;S
20240506;100210;4279.4;1;10278976638;B
20240506;100210;4279.8;4;10278976639;B
20240506;100210;4280;2;10278976640;B
20240506;100210;4280;5;10278976744;B
20240506;100211;4279.2;2;10278976902;S
20240506;100211;4279.2;1;10278976903;S
20240506;100212;4279;1;10278977287;S
20240506;100212;4279.600000000001;4;10278977383;B
20240506;100212;4279;9;10278977402;S
20240506;100212;4278.600000000001;1;10278977403;S
20240506;100212;4278.600000000001;5;10278977404;S
20240506;100212;4278.600000000001;4;10278977405;S
20240506;100212;4278;1;10278977406;S
20240506;100213;4276.8;4;10278977517;S
20240506;100213;4276.600000000001;5;10278977518;S
20240506;100213;4276.4;4;10278977519;S
20240506;100213;4276.2;67;10278977520;S
20240506;100214;4276.8;20;10278978316;B
20240506;100214;4277;100;10278978317;B
20240506;100214;4277;4;10278978318;B
20240506;100214;4277.2;23;10278978319;B
20240506;100214;4277.4;3;10278978320;B
20240506;100215;4276;2;10278978480;S
20240506;100215;4275.600000000001;4;10278978481;S
20240506;100215;4275.4;4;10278978482;S
20240506;100215;4275.2;52;10278978483;S
20240506;100215;4275;2;10278978484;S
20240506;100215;4275;20;10278978485;S
20240506;100215;4275;45;10278978486;S
20240506;100215;4274.600000000001;96;10278978487;S
20240506;100215;4276.8;10;10278978598;B
20240506;100216;4276.2;2;10278978735;B
20240506;100216;4274.8;4;10278978747;S
20240506;100216;4274.600000000001;312;10278978748;S
20240506;100216;4274.600000000001;92;10278978757;S
20240506;100216;4274.600000000001;8;10278978758;S
20240506;100216;4276;2;10278978765;B
20240506;100216;4276;2;10278978767;B
20240506;100216;4276.2;23;10278978768;B
20240506;100216;4276.4;4;10278978769;B
20240506;100216;4276.600000000001;3;10278978770;B
20240506;100216;4277;40;10278978771;B
20240506;100216;4278;3;10278978772;B
20240506;100216;4278.4;2;10278978773;B
20240506;100216;4278.600000000001;36;10278978774;B
20240506;100216;4279.2;2;10278978775;B
20240506;100216;4279.4;40;10278978776;S
20240506;100216;4279.4;35;10278978777;S
20240506;100216;4277;4;10278978778;S
20240506;100216;4274.8;4;10278978779;S
20240506;100216;4274.600000000001;12;10278978780;S
20240506;100216;4274.600000000001;30;10278978781;B
20240506;100216;4276.600000000001;3;10278978856;B
20240506;100216;4276.8;4;10278978857;B
20240506;100216;4277;3;10278978858;B
20240506;100216;4277;2;10278978871;B
20240506;100217;4274.2;2;10278978943;S
20240506;100219;4275.600000000001;1;10278979627;S
20240506;100219;4275.4;1;10278979628;S
20240506;100219;4275.2;1;10278979629;S
20240506;100219;4275;1;10278979630;S
20240506;100219;4274.4;3;10278979631;S
20240506;100219;4274.4;3;10278979632;S
20240506;100220;4276;4;10278979780;B
20240506;100220;4276.2;1;10278979781;B
20240506;100220;4275.8;1;10278979887;B
20240506;100221;4274.2;3;10278980061;S
20240506;100221;4274.2;3;10278980062;S
20240506;100221;4274;4;10278980063;S
20240506;100221;4273.2;4;10278980064;S
20240506;100221;4273;1;10278980065;S
20240506;100221;4275.600000000001;10;10278980135;B
20240506;100222;4275.2;1;10278980259;B
20240506;100222;4275.8;4;10278980260;B
20240506;100222;4276;5;10278980261;B
20240506;100223;4275.8;4;10278980495;B
20240506;100223;4276;1;10278980496;B
20240506;100225;4274;1;10278981004;S
20240506;100225;4274;14;10278981005;S
20240506;100225;4274;8;10278981091;S
20240506;100225;4274;2;10278981092;S
20240506;100225;4273.8;8;10278981093;S
20240506;100225;4273.600000000001;4;10278981094;S
20240506;100225;4273;14;10278981095;S
20240506;100225;4272.8;2;10278981096;S
20240506;100225;4272.8;30;10278981097;S
20240506;100226;4275;3;10278981244;B
20240506;100226;4275;23;10278981245;B
20240506;100226;4275;4;10278981246;B
20240506;100226;4275.8;6;10278981247;B
20240506;100226;4274.4;10;10278981300;B
20240506;100228;4272.4;4;10278981917;S
20240506;100228;4272.2;5;10278981918;S
20240506;100228;4272.2;7;10278981919;S
20240506;100228;4272.2;33;10278982097;S
20240506;100228;4272;4;10278982098;S
20240506;100228;4271.8;2;10278982099;S
20240506;100228;4271.600000000001;10;10278982100;S
20240506;100228;4271.600000000001;45;10278982101;S
20240506;100228;4271.4;6;10278982102;S
20240506;100229;4273.4;1;10278982364;B
20240506;100229;4271.4;39;10278982464;S
20240506;100229;4271.2;2;10278982465;S
20240506;100229;4271.2;34;10278982466;S
20240506;100229;4271.2;11;10278982484;S
20240506;100229;4271.2;1;10278982485;S
20240506;100230;4271.2;6;10278982802;S
20240506;100230;4271;6;10278982803;S
20240506;100230;4272;20;10278982869;B
20240506;100230;4271;1;10278982916;S
20240506;100230;4271.8;25;10278983002;B
20240506;100230;4272;3;10278983003;B
20240506;100230;4272;2;10278983004;B
20240506;100231;4272.2;1;10278983314;B
20240506;100231;4272.600000000001;3;10278983315;B
20240506;100231;4272.8;23;10278983316;B
20240506;100231;4273;4;10278983317;B
20240506;100231;4273.600000000001;2;10278983318;B
20240506;100231;4274;20;10278983319;B
20240506;100231;4274.8;7;10278983320;B
20240506;100231;4274.4;23;10278983344;B
20240506;100231;4274.8;4;10278983345;B
20240506;100231;4275;2;10278983346;B
20240506;100231;4275.2;129;10278983347;B
20240506;100231;4275.600000000001;2;10278983348;B
20240506;100231;4275.600000000001;40;10278983349;B
20240506;100231;4276;11;10278983350;B
20240506;100231;4276.2;36;10278983351;B
20240506;100231;4277;215;10278983352;B
20240506;100231;4279;2;10278983353;B
20240506;100231;4279.2;38;10278983354;B
20240506;100231;4279.8;2;10278983355;B
20240506;100231;4279.8;1;10278983356;B
20240506;100231;4279.8;3;10278983357;B
20240506;100231;4279.8;5;10278983358;B
20240506;100231;4279.8;10;10278983359;B
20240506;100231;4280;107;10278983360;B
20240506;100231;4280;24;10278983361;B
20240506;100231;4280;1;10278983362;B
20240506;100231;4280;1;10278983363;B
20240506;100231;4280;25;10278983364;B
20240506;100231;4280;5;10278983365;B
20240506;100231;4280;1;10278983366;B
20240506;100231;4280;1;10278983367;B
20240506;100231;4280;8;10278983368;B
20240506;100231;4280;1;10278983369;B
20240506;100231;4280;4;10278983370;B
20240506;100231;4280;10;10278983371;B
20240506;100231;4280.4;40;10278983372;B
20240506;100231;4280.4;120;10278983373;B
20240506;100231;4280.8;1;10278983374;B
20240506;100231;4280.8;1;10278983375;B
20240506;100231;4281;4;10278983376;B
20240506;100231;4281;3;10278983377;B
20240506;100231;4281;8;10278983378;B
20240506;100231;4281.8;10;10278983379;B
20240506;100231;4282;5;10278983380;B
20240506;100231;4282;1;10278983381;B
20240506;100231;4282;3;10278983382;B
20240506;100231;4282.4;10;10278983383;B
20240506;100231;4282.600000000001;1;10278983384;B
20240506;100231;4282.600000000001;11;10278983385;B
20240506;100233;4279.8;20;10278983772;B
20240506;100234;4277.2;10;10278983820;S
20240506;100234;4277;4;10278983821;S
20240506;100234;4276.8;10;10278983822;S
20240506;100234;4276.2;1;10278983823;S
20240506;100234;4275.4;29;10278983835;S
20240506;100236;4275.4;4;10278984365;S
20240506;100236;4275.4;2;10278984366;S
20240506;100236;4278;20;10278984433;B
20240506;100236;4274.600000000001;100;10278984482;S
20240506;100237;4274.600000000001;1;10278985104;S
20240506;100237;4274;3;10278985105;S
20240506;100237;4273.8;8;10278985125;S
20240506;100237;4273.600000000001;40;10278985126;S
20240506;100237;4273.600000000001;4;10278985127;S
20240506;100237;4272.8;18;10278985128;S
20240506;100237;4275.8;1;10278985182;B
20240506;100237;4275.8;3;10278985187;B
20240506;100237;4275.8;4;10278985188;B
20240506;100237;4276;8;10278985189;B
20240506;100238;4275.4;1;10278985445;B
20240506;100238;4276.600000000001;1;10278985446;B
20240506;100238;4276.8;11;10278985476;B
20240506;100239;4277.4;36;10278985492;B
20240506;100239;4277.4;1;10278985493;B
20240506;100239;4277.4;4;10278985494;B
20240506;100239;4277.8;40;10278985495;B
20240506;100239;4278;23;10278985496;B
20240506;100239;4279.600000000001;2;10278985497;B
20240506;100239;4280;2;10278985498;B
20240506;100239;4280.4;8;10278985499;B
20240506;100239;4280.4;5;10278985500;B
20240506;100239;4280.600000000001;11;10278985501;B
20240506;100239;4281;118;10278985502;B
20240506;100239;4281.2;40;10278985503;B
20240506;100239;4281.600000000001;1;10278985504;B
20240506;100239;4282.2;2;10278985505;B
20240506;100239;4282.600000000001;7;10278985506;B
20240506;100240;4278.2;2;10278985820;S
20240506;100240;4277.600000000001;4;10278985821;S
20240506;100240;4277.2;4;10278985822;S
20240506;100240;4277;2;10278985823;S
20240506;100240;4276.8;15;10278985824;S
20240506;100242;4279.2;1;10278986270;B
20240506;100242;4279.4;8;10278986271;B
20240506;100242;4279.4;3;10278986295;B
20240506;100244;4279.4;5;10278986882;B
20240506;100245;4277.4;3;10278987192;S
20240506;100245;4277.4;7;10278987194;S
20240506;100245;4277.2;35;10278987195;S
20240506;100246;4279.2;1;10278987284;B
20240506;100246;4279.4;7;10278987285;B
20240506;100246;4279.4;2;10278987286;B
20240506;100247;4277.2;1;10278987492;S
20240506;100247;4277;1;10278987493;S
20240506;100247;4276.8;1;10278987494;S
20240506;100247;4276.8;1;10278987495;S
20240506;100247;4276.600000000001;4;10278987496;S
20240506;100247;4276.4;3;10278987497;S
20240506;100247;4276.4;2;10278987561;S
20240506;100247;4276;3;10278987562;S
20240506;100247;4276;20;10278987563;S
20240506;100247;4278.8;2;10278987625;B
20240506;100249;4277.8;2;10278987901;B
20240506;100249;4275.8;1;10278988015;S
20240506;100250;4276.8;1;10278988145;B
20240506;100254;4277.4;1;10278988894;B
20240506;100254;4277.600000000001;1;10278988896;B
20240506;100254;4277.600000000001;1;10278988897;B
20240506;100254;4277.600000000001;1;10278988898;B
20240506;100254;4277.4;15;10278988968;S
20240506;100254;4277.2;49;10278988969;S
20240506;100254;4277.2;83;10278988970;S
20240506;100254;4276.8;40;10278988971;S
20240506;100254;4276.4;20;10278988972;S
20240506;100254;4276;2;10278988973;S
20240506;100254;4276;3;10278988974;S
20240506;100254;4275.8;35;10278988975;S
20240506;100254;4275.8;23;10278988976;S
20240506;100256;4275.8;2;10278989226;S
20240506;100256;4275.8;2;10278989235;S
20240506;100256;4275.8;2;10278989244;S
20240506;100256;4275.8;2;10278989283;S
20240506;100258;4275.8;19;10278989800;S
20240506;100258;4275.8;4;10278989801;S
20240506;100259;4277.8;2;10278989890;B
20240506;100300;4277;1;10278990359;B
20240506;100301;4276.2;1;10278990420;S
20240506;100301;4277;10;10278990616;B
20240506;100302;4277;43;10278990643;B
20240506;100302;4277;40;10278990840;B
20240506;100303;4277;7;10278991034;B
20240506;100303;4276.2;1;10278991036;S
20240506;100304;4277;1;10278991092;B
20240506;100304;4277;200;10278991144;B
20240506;100304;4277;1;10278991246;B
20240506;100304;4277;10;10278991301;B
20240506;100304;4277.8;1;10278991302;B
20240506;100304;4278.2;3;10278991303;B
20240506;100304;4278.4;10;10278991304;B
20240506;100304;4278.8;26;10278991305;B
20240506;100306;4276.4;40;10278991553;S
20240506;100306;4276.2;3;10278991554;S
20240506;100306;4276.2;3;10278991555;S
20240506;100307;4278.8;1;10278992056;S
20240506;100308;4276.8;5;10278992088;S
20240506;100309;4279;2;10278992338;B
20240506;100309;4279;3;10278992339;B
20240506;100309;4279;4;10278992340;B
20240506;100309;4279.2;1;10278992341;B
20240506;100309;4279.2;2;10278992342;B
20240506;100309;4279.4;5;10278992343;B
20240506;100311;4279.4;2;10278992641;B
20240506;100312;4279.4;8;10278992935;B
20240506;100312;4278;3;10278993008;S
20240506;100312;4278;2;10278993009;S
20240506;100312;4278;4;10278993010;S
20240506;100312;4277.8;50;10278993011;S
20240506;100312;4277.600000000001;40;10278993012;S
20240506;100312;4277.600000000001;16;10278993013;S
20240506;100312;4277;16;10278993014;S
20240506;100314;4277;40;10278993395;B
20240506;100315;4277;11;10278993504;B
20240506;100315;4277;44;10278993570;B
20240506;100316;4276.8;1;10278993624;S
20240506;100316;4276.8;3;10278993625;S
20240506;100316;4277;2;10278993691;B
20240506;100318;4277;6;10278994099;B
20240506;100319;4276.8;17;10278994181;S
20240506;100319;4276.8;1;10278994182;S
20240506;100319;4276.600000000001;5;10278994183;S
20240506;100319;4276.600000000001;17;10278994184;S
20240506;100319;4276.600000000001;1;10278994185;S
20240506;100319;4276;10;10278994186;S
20240506;100319;4276;1;10278994187;S
20240506;100319;4275.8;6;10278994188;S
20240506;100319;4275;2;10278994189;S
20240506;100319;4275;40;10278994190;S
20240506;100319;4276.8;3;10278994284;B
20240506;100319;4276.8;2;10278994285;B
20240506;100319;4277;3;10278994286;B
20240506;100320;4275.8;1;10278994437;S
20240506;100320;4275;3;10278994438;S
20240506;100321;4276.4;2;10278994590;B
20240506;100321;4276.600000000001;5;10278994591;B
20240506;100321;4276.600000000001;5;10278994592;B
20240506;100321;4276.8;2;10278994593;B
20240506;100321;4276.8;1;10278994594;B
20240506;100321;4277;31;10278994595;B
20240506;100321;4276.8;1;10278994673;B
20240506;100322;4276.8;2;10278994897;B
20240506;100324;4276.8;1;10278995406;B
20240506;100325;4275.600000000001;1;10278995492;S
20240506;100327;4276.600000000001;4;10278995919;B
20240506;100327;4275.2;1;10278995925;S
20240506;100327;4276.600000000001;6;10278996030;B
20240506;100327;4276.600000000001;1;10278996031;B
20240506;100329;4276.600000000001;3;10278996269;S
20240506;100329;4276;19;10278996270;S
20240506;100329;4275.2;2;10278996375;S
20240506;100329;4275.2;1;10278996376;S
20240506;100329;4275;47;10278996377;S
20240506;100331;4276;84;10278996682;B
20240506;100331;4276;5;10278996683;B
20240506;100331;4276.600000000001;23;10278996684;B
20240506;100331;4276.8;18;10278996685;B
20240506;100331;4276.8;65;10278996686;B
20240506;100331;4276.8;2;10278996687;B
20240506;100331;4277;207;10278996688;B
20240506;100331;4276;25;10278996723;S
20240506;100333;4276.600000000001;27;10278997043;S
20240506;100333;4276.600000000001;9;10278997070;S
20240506;100335;4276.600000000001;10;10278997274;S
20240506;100336;4276.600000000001;18;10278997530;S
20240506;100336;4276.4;5;10278997531;S
20240506;100336;4276.2;19;10278997532;S
20240506;100336;4276.2;2;10278997533;S
20240506;100336;4276;15;10278997534;S
20240506;100336;4276;5;10278997535;S
20240506;100336;4275.600000000001;3;10278997536;S
20240506;100336;4275.600000000001;1;10278997537;S
20240506;100336;4275.600000000001;5;10278997538;S
20240506;100336;4275.4;5;10278997539;S
20240506;100336;4275;22;10278997540;S
20240506;100337;4276.2;23;10278997702;B
20240506;100337;4276.4;5;10278997703;B
20240506;100337;4276.600000000001;3;10278997704;B
20240506;100337;4276.8;26;10278997705;B
20240506;100337;4276.8;3;10278997706;B
20240506;100337;4277;40;10278997707;B
20240506;100339;4276.600000000001;2;10278998123;B
20240506;100341;4276.600000000001;98;10278998376;B
20240506;100341;4276.8;2;10278998377;B
20240506;100345;4276.8;1;10278998995;B
20240506;100345;4276.8;33;10278998996;B
20240506;100345;4277;166;10278998997;B
20240506;100347;4276.600000000001;1;10278999327;S
20240506;100347;4277;1;10278999328;B
20240506;100347;4276.600000000001;1;10278999363;S
20240506;100347;4276.600000000001;5;10278999364;S
20240506;100347;4276.4;74;10278999365;S
20240506;100347;4276.4;66;10278999420;S
20240506;100347;4276.4;6;10278999421;S
20240506;100347;4276.4;20;10278999422;S
20240506;100347;4276.2;40;10278999423;S
20240506;100347;4276;3;10278999424;S
20240506;100347;4276;20;10278999425;S
20240506;100347;4275.600000000001;23;10278999426;S
20240506;100347;4275.4;3;10278999427;S
20240506;100347;4275.4;2;10278999428;S
20240506;100347;4275.2;17;10278999429;S
20240506;100351;4276.4;1;10278999935;B
20240506;100351;4276.4;3;10279000027;B
20240506;100352;4276.4;3;10279000121;B
20240506;100353;4276.4;5;10279000241;B
20240506;100353;4276.4;15;10279000376;B
20240506;100353;4276.600000000001;2;10279000377;B
20240506;100353;4276.600000000001;15;10279000378;B
20240506;100353;4276.600000000001;6;10279000379;B
20240506;100353;4276.8;3;10279000380;B
20240506;100353;4276.8;15;10279000381;B
20240506;100357;4276.8;5;10279000908;B
20240506;100357;4277;100;10279001033;B
20240506;100358;4276.600000000001;6;10279001197;S
20240506;100358;4276.600000000001;21;10279001198;S
20240506;100358;4276.4;35;10279001199;S
20240506;100358;4276.4;23;10279001200;S
20240506;100358;4276.2;1;10279001201;S
20240506;100358;4276.2;1;10279001202;S
20240506;100358;4276.2;10;10279001203;S
20240506;100358;4276;1;10279001204;S
20240506;100358;4276;40;10279001205;S
20240506;100358;4275.8;1;10279001206;S
20240506;100358;4275.8;5;10279001207;S
20240506;100358;4275.600000000001;1;10279001208;S
20240506;100358;4275.600000000001;3;10279001209;S
20240506;100358;4275.4;1;10279001210;S
20240506;100358;4275.4;1;10279001211;S
20240506;100358;4275.2;6;10279001212;S
20240506;100358;4275.2;10;10279001213;S
20240506;100358;4275;134;10279001214;S
20240506;100359;4275.2;1;10279001307;S
20240506;100359;4276.8;1;10279001346;B
20240506;100359;4275.2;10;10279001385;S
20240506;100400;4275.2;10;10279001416;S
20240506;100401;4275.600000000001;1;10279001607;S
20240506;100401;4275.2;6;10279001631;S
20240506;100401;4275.2;21;10279001632;S
20240506;100401;4275;73;10279001633;S
20240506;100402;4276.8;2;10279001835;B
20240506;100402;4276.8;1;10279001836;B
20240506;100404;4276.8;1;10279002216;B
20240506;100404;4276.8;3;10279002448;B
20240506;100404;4276.8;1;10279002449;B
20240506;100404;4277;96;10279002450;B
20240506;100405;4277;11;10279002490;B
20240506;100406;4276;1;10279002753;S
20240506;100406;4275.8;6;10279002754;S
20240506;100406;4275.600000000001;23;10279002755;S
20240506;100406;4275.600000000001;21;10279002756;S
20240506;100406;4275.600000000001;4;10279002757;S
20240506;100406;4275.4;5;10279002758;S
20240506;100406;4275;18;10279002759;S
20240506;100406;4275;50;10279002760;S
20240506;100406;4275;3;10279002761;S
20240506;100406;4275;1;10279002762;S
20240506;100406;4275;10;10279002763;S
20240506;100406;4275;1;10279002764;S
20240506;100406;4275;44;10279002765;S
20240506;100406;4275;3;10279002766;S
20240506;100406;4275;5;10279002767;S
20240506;100406;4275;5;10279002768;S
20240506;100408;4276.600000000001;1;10279003299;B
20240506;100408;4276.8;2;10279003300;B
20240506;100409;4275.2;6;10279003412;S
20240506;100409;4275.2;4;10279003413;S
20240506;100410;4275.600000000001;1;10279003791;S
20240506;100410;4275.4;1;10279003792;S
20240506;100412;4276.600000000001;1;10279004082;B
20240506;100412;4276.8;2;10279004083;B
20240506;100412;4276.8;1;10279004084;B
20240506;100412;4276.8;1;10279004085;B
20240506;100412;4277;1;10279004086;B
20240506;100412;4276;3;10279004089;S
20240506;100412;4275.8;6;10279004090;S
20240506;100412;4275.600000000001;21;10279004091;S
20240506;100412;4275;95;10279004092;S
20240506;100412;4275;3;10279004093;S
20240506;100412;4275;36;10279004094;S
20240506;100412;4275;2;10279004095;S
20240506;100412;4274.8;4;10279004096;S
20240506;100412;4274.8;10;10279004097;S
20240506;100412;4274.600000000001;23;10279004098;S
20240506;100412;4274.4;13;10279004099;S
20240506;100412;4274.4;1;10279004100;S
20240506;100412;4274.4;10;10279004101;S
20240506;100412;4274.2;57;10279004102;S
20240506;100413;4275;16;10279004335;B
20240506;100413;4275.8;6;10279004336;B
20240506;100413;4276.2;4;10279004337;B
20240506;100413;4276.4;23;10279004338;B
20240506;100413;4276.8;1;10279004339;B
20240506;100414;4276;2;10279004480;B
20240506;100414;4276.8;1;10279004481;B
20240506;100414;4276.8;9;10279004482;B
20240506;100415;4276.8;5;10279004881;B
20240506;100417;4275.2;3;10279005198;S
20240506;100417;4275.2;2;10279005308;S
20240506;100417;4275.2;6;10279005309;S
20240506;100417;4275;1;10279005310;S
20240506;100417;4275;1;10279005311;S
20240506;100419;4275.2;2;10279005540;S
20240506;100419;4276.600000000001;1;10279005594;B
20240506;100419;4276.600000000001;6;10279005595;B
20240506;100419;4276.8;11;10279005596;B
20240506;100419;4276.8;2;10279005597;B
20240506;100419;4276.8;2;10279005598;B
20240506;100419;4277;1;10279005599;B
20240506;100419;4277;10;10279005650;B
20240506;100422;4277;28;10279006133;B
20240506;100422;4275.600000000001;1;10279006141;S
20240506;100423;4275.8;6;10279006292;S
20240506;100423;4275.8;22;10279006293;S
20240506;100423;4275.600000000001;22;10279006294;S
20240506;100423;4275.4;1;10279006295;S
20240506;100423;4275.4;2;10279006296;S
20240506;100423;4275.2;4;10279006297;S
20240506;100423;4275.2;43;10279006298;S
20240506;100425;4275.2;1;10279007056;S
20240506;100425;4275.2;31;10279007093;S
20240506;100425;4275;2;10279007094;S
20240506;100425;4275;2;10279007095;S
20240506;100425;4275;6;10279007096;S
20240506;100425;4275;22;10279007097;S
20240506;100425;4275;7;10279007098;S
20240506;100427;4275;3;10279007329;B
20240506;100428;4274.8;1;10279007523;S
20240506;100428;4274.8;5;10279007524;S
20240506;100428;4274.600000000001;4;10279007525;S
20240506;100429;4275;1;10279007714;B
20240506;100429;4274.600000000001;2;10279007731;S
20240506;100429;4275;26;10279007732;B
20240506;100433;4276;1;10279008432;B
20240506;100434;4275.600000000001;5;10279008723;B
20240506;100434;4275.8;6;10279008724;B
20240506;100434;4276;11;10279008725;B
20240506;100434;4276;4;10279008770;B
20240506;100435;4275.600000000001;4;10279008868;S
20240506;100435;4275.4;5;10279008929;S
20240506;100435;4275.4;5;10279008930;S
20240506;100436;4275.2;2;10279009036;S
20240506;100436;4275;9;10279009037;S
20240506;100436;4275;115;10279009049;S
20240506;100436;4274.8;30;10279009050;S
20240506;100436;4274.8;23;10279009051;S
20240506;100436;4274.8;6;10279009052;S
20240506;100436;4274.8;22;10279009053;S
20240506;100436;4274.4;10;10279009054;S
20240506;100436;4274.4;1;10279009055;S
20240506;100436;4274.2;3;10279009056;S
20240506;100436;4274.2;10;10279009057;S
20240506;100436;4274.2;36;10279009058;S
20240506;100436;4274;67;10279009059;S
20240506;100438;4275.600000000001;3;10279009440;B
20240506;100438;4275;19;10279009477;S
20240506;100438;4275;10;10279009478;S
20240506;100438;4275;1;10279009595;B
20240506;100440;4275;71;10279009882;B
20240506;100441;4275;1;10279009997;B
20240506;100441;4275;4;10279010078;B
20240506;100442;4275;21;10279010224;B
20240506;100442;4275.2;6;10279010225;B
20240506;100442;4275.8;3;10279010226;B
20240506;100442;4276;4;10279010227;B
20240506;100442;4276;83;10279010228;B
20240506;100447;4276;1;10279011060;S
20240506;100448;4276;300;10279011483;S
20240506;100452;4276.2;10;10279012330;B
20240506;100452;4276;10;10279012378;S
20240506;100452;4276;1;10279012409;S
20240506;100454;4276;2;10279012794;S
20240506;100457;4276;429;10279013257;S
20240506;100457;4276;7;10279013258;S
20240506;100457;4276;8;10279013259;S
20240506;100457;4275.600000000001;23;10279013260;S
20240506;100457;4275.2;40;10279013261;S
20240506;100457;4275.2;4;10279013262;S
20240506;100457;4275;6;10279013263;S
20240506;100457;4275;4;10279013264;S
20240506;100457;4274.8;36;10279013265;S
20240506;100457;4274.600000000001;940;10279013266;S
20240506;100458;4276;23;10279013474;B
20240506;100458;4276;7;10279013475;B
20240506;100458;4276;1;10279013476;B
20240506;100500;4276;69;10279013787;S
20240506;100500;4276;30;10279013788;S
20240506;100501;4275.8;5;10279014083;B
20240506;100501;4276;1;10279014129;B
20240506;100501;4275;2;10279014135;S
20240506;100501;4275;1;10279014136;S
20240506;100501;4275;7;10279014137;S
20240506;100501;4274.8;10;10279014138;S
20240506;100501;4274.600000000001;280;10279014139;S
20240506;100501;4275.8;1;10279014141;B
20240506;100501;4275.8;1;10279014142;B
20240506;100501;4275.8;1;10279014144;B
20240506;100501;4275.8;1;10279014146;B
20240506;100501;4275.8;1;10279014148;B
20240506;100501;4276;1;10279014150;B
20240506;100501;4276;1;10279014151;B
20240506;100501;4276;3;10279014155;B
20240506;100501;4274.600000000001;7;10279014158;S
20240506;100501;4276;16;10279014206;B
20240506;100501;4276;2;10279014209;B
20240506;100501;4276;2;10279014220;B
20240506;100502;4276;1;10279014340;B
20240506;100505;4275.8;1;10279014975;B
20240506;100505;4274.8;1;10279015169;S
20240506;100507;4275.8;3;10279015587;B
20240506;100508;4275.600000000001;1;10279015688;S
20240506;100511;4275.600000000001;1;10279016501;B
20240506;100511;4275.8;1;10279016502;B
20240506;100511;4275.8;2;10279016503;B
20240506;100511;4276;21;10279016504;B
20240506;100514;4275.8;1;10279017197;B
20240506;100517;4275.8;6;10279017903;B
20240506;100517;4276;144;10279017904;B
20240506;100519;4276;8;10279018311;B
20240506;100522;4275.2;1;10279018944;S
20240506;100522;4275.8;1;10279019024;B
20240506;100522;4275.8;13;10279019025;B
20240506;100523;4275.8;87;10279019146;B
20240506;100523;4276;113;10279019147;B
20240506;100524;4276;8;10279019267;B
20240506;100524;4276;2;10279019268;B
20240506;100525;4276;1;10279019473;B
20240506;100527;4275.8;30;10279019810;B
20240506;100527;4276;1;10279019823;B
20240506;100527;4276;8;10279019824;B
20240506;100527;4276.2;1;10279019908;B
20240506;100527;4276.2;24;10279019923;B
20240506;100527;4276.2;1;10279019924;B
20240506;100527;4276.2;21;10279019925;B
20240506;100529;4276;11;10279020164;S
20240506;100529;4276;50;10279020165;S
20240506;100529;4275.8;8;10279020166;S
20240506;100529;4275.8;2;10279020167;S
20240506;100529;4275.600000000001;3;10279020168;S
20240506;100529;4275.600000000001;23;10279020169;S
20240506;100529;4275.600000000001;25;10279020170;S
20240506;100529;4275.2;1;10279020171;S
20240506;100529;4275;1;10279020172;S
20240506;100529;4274.8;2;10279020173;S
20240506;100529;4274.8;1;10279020174;S
20240506;100529;4274.8;71;10279020175;S
20240506;100529;4274.8;20;10279020176;S
20240506;100529;4274.600000000001;182;10279020177;S
20240506;100529;4276;29;10279020225;B
20240506;100529;4276;21;10279020231;B
20240506;100529;4276.2;1;10279020232;B
20240506;100529;4276.2;5;10279020233;B
20240506;100529;4276.2;2;10279020234;B
20240506;100529;4276.2;8;10279020235;B
20240506;100529;4276.4;50;10279020236;B
20240506;100529;4276.600000000001;1;10279020237;B
20240506;100529;4276.600000000001;23;10279020238;B
20240506;100529;4276.8;2;10279020239;B
20240506;100529;4276.8;2;10279020240;B
20240506;100529;4276.8;15;10279020241;B
20240506;100529;4276.8;3;10279020242;B
20240506;100529;4276.8;6;10279020243;B
20240506;100529;4277;61;10279020244;B
20240506;100530;4277;10;10279020309;B
20240506;100530;4277;89;10279020310;B
20240506;100530;4277;42;10279020311;B
20240506;100530;4277;1;10279020312;B
20240506;100530;4277;1;10279020313;B
20240506;100530;4277;5;10279020314;B
20240506;100530;4277;15;10279020315;B
20240506;100530;4277;861;10279020316;B
20240506;100530;4277;10;10279020317;B
20240506;100530;4277;1;10279020318;B
20240506;100530;4277;197;10279020319;B
20240506;100530;4277;1;10279020320;B
20240506;100530;4277;267;10279020321;B
20240506;100530;4277;62;10279020322;B
20240506;100531;4277;2;10279020545;B
20240506;100533;4277;24;10279020906;B
20240506;100533;4276.8;1;10279020968;S
20240506;100533;4277.8;8;10279021078;B
20240506;100533;4278;2;10279021079;B
20240506;100537;4278;30;10279021803;B
20240506;100537;4278.2;8;10279021804;B
20240506;100537;4278.4;162;10279021805;B
20240506;100537;4278.600000000001;36;10279021806;B
20240506;100537;4278.8;1;10279021807;B
20240506;100537;4279;1;10279021808;B
20240506;100537;4279.2;1;10279021809;B
20240506;100537;4279.2;2;10279021810;B
20240506;100537;4279.4;70;10279021811;B
20240506;100538;4278;2;10279021983;B
20240506;100538;4278.8;1;10279021985;S
20240506;100539;4278.8;47;10279022071;S
20240506;100539;4278.4;8;10279022072;S
20240506;100540;4278;4;10279022196;B
20240506;100540;4278.8;8;10279022197;B
20240506;100540;4279;71;10279022198;B
20240506;100540;4279;23;10279022199;B
20240506;100540;4279.2;50;10279022200;B
20240506;100540;4279.4;15;10279022201;B
20240506;100540;4279.4;1;10279022202;B
20240506;100540;4279.4;400;10279022203;B
20240506;100540;4279.8;10;10279022204;B
20240506;100540;4279.8;5;10279022205;B
20240506;100540;4279.8;1;10279022206;B
20240506;100540;4279.8;2;10279022207;B
20240506;100540;4279.8;10;10279022208;B
20240506;100540;4278;8;10279022267;S
20240506;100540;4279.8;12;10279022294;B
20240506;100540;4279.8;7;10279022295;B
20240506;100540;4278.600000000001;24;10279022356;S
20240506;100541;4279.8;3;10279022611;B
20240506;100541;4279.8;30;10279022739;B
20240506;100541;4279.8;2;10279022740;B
20240506;100541;4279.8;1;10279022792;B
20240506;100541;4279.8;10;10279022793;B
20240506;100541;4279.8;6;10279022794;B
20240506;100541;4280;4;10279022795;B
20240506;100542;4280;80;10279022801;B
20240506;100543;4280;233;10279023325;B
20240506;100543;4280;25;10279023380;B
20240506;100544;4280;50;10279023460;B
20240506;100544;4279.8;3;10279023486;S
20240506;100545;4280;5;10279023666;B
20240506;100545;4280;15;10279023699;B
20240506;100545;4280;25;10279023709;B
20240506;100545;4280;5;10279023751;B
20240506;100545;4279.8;5;10279023777;S
20240506;100545;4279.8;5;10279023778;S
20240506;100545;4279.8;20;10279023779;S
20240506;100545;4280;1;10279023781;B
20240506;100546;4280;2;10279024014;B
20240506;100547;4280;255;10279024092;B
20240506;100547;4280;25;10279024093;B
20240506;100547;4280;150;10279024094;B
20240506;100547;4280;70;10279024095;B
20240506;100548;4280;3;10279024201;B
20240506;100548;4280;50;10279024248;B
20240506;100548;4280;16;10279024272;B
20240506;100548;4280;11;10279024313;B
20240506;100549;4280;4;10279024348;B
20240506;100549;4280;46;10279024451;B
20240506;100549;4280;200;10279024452;B
20240506;100549;4280;1;10279024453;B
20240506;100549;4280;1;10279024454;B
20240506;100549;4280;2;10279024455;B
20240506;100549;4280;10;10279024456;B
20240506;100549;4280;1;10279024457;B
20240506;100549;4280;43;10279024458;B
20240506;100549;4280;12;10279024459;B
20240506;100549;4280;50;10279024460;B
20240506;100549;4280;2;10279024461;B
20240506;100549;4280;289;10279024462;B
20240506;100549;4280;8;10279024463;B
20240506;100549;4280;11;10279024464;B
20240506;100549;4280.2;100;10279024465;B
20240506;100549;4280.8;100;10279024466;B
20240506;100549;4281.2;100;10279024467;B
20240506;100549;4281.4;23;10279024468;B
20240506;100549;4281.8;1;10279024469;B
20240506;100549;4281.8;5;10279024482;B
20240506;100549;4281.8;46;10279024498;B
20240506;100549;4281.8;18;10279024577;B
20240506;100549;4281.8;30;10279024651;B
20240506;100549;4282;10;10279024652;B
20240506;100549;4282;6;10279024653;B
20240506;100549;4282;1;10279024654;B
20240506;100549;4282;3;10279024655;B
20240506;100551;4282;2;10279025046;B
20240506;100551;4282.4;11;10279025047;B
20240506;100551;4282.600000000001;100;10279025048;B
20240506;100551;4282.8;50;10279025049;B
20240506;100551;4282.8;68;10279025050;B
20240506;100551;4282.8;15;10279025161;B
20240506;100552;4282.8;8;10279025261;B
20240506;100552;4282.8;30;10279025271;B
20240506;100552;4282.8;3;10279025281;B
20240506;100552;4282.8;3;10279025295;B
20240506;100553;4282.8;1;10279025418;B
20240506;100553;4282.8;8;10279025425;B
20240506;100553;4282.8;1;10279025466;B
20240506;100554;4282.600000000001;5;10279025577;B
20240506;100554;4282.8;1;10279025664;B
20240506;100555;4282.600000000001;5;10279025806;B
20240506;100555;4282.8;6;10279025807;B
20240506;100555;4282.8;2;10279025880;B
20240506;100555;4282.8;32;10279025905;B
20240506;100555;4282.8;25;10279025913;B
20240506;100555;4282.8;15;10279025917;B
20240506;100556;4282.8;1;10279025999;B
20240506;100556;4282.8;1;10279026093;B
20240506;100556;4282.4;1;10279026125;S
20240506;100557;4282.600000000001;1;10279026178;S
20240506;100557;4282.4;9;10279026179;S
20240506;100557;4282.4;10;10279026180;S
20240506;100557;4281.600000000001;2;10279026293;S
20240506;100557;4282.8;1;10279026328;B
20240506;100558;4283;179;10279026452;B
20240506;100558;4283;50;10279026580;B
20240506;100559;4283;1;10279026598;B
20240506;100559;4283;30;10279026625;B
20240506;100559;4283;24;10279026708;B
20240506;100600;4283;167;10279026837;B
20240506;100600;4283;1;10279026838;B
20240506;100600;4283;1;10279026839;B
20240506;100600;4283;11;10279026840;B
20240506;100600;4283.2;1;10279026841;B
20240506;100600;4283.4;100;10279026842;B
20240506;100600;4283.600000000001;2;10279026843;B
20240506;100600;4283.600000000001;1;10279026844;B
20240506;100600;4283.8;5;10279026845;B
20240506;100600;4284;1;10279026846;B
20240506;100600;4284;3;10279026847;B
20240506;100600;4284;100;10279026848;B
20240506;100600;4284.600000000001;4;10279026849;B
20240506;100600;4284.600000000001;100;10279026850;B
20240506;100600;4284.8;3;10279026851;B
20240506;100600;4284.8;1;10279026906;B
20240506;100600;4284.8;3;10279026907;B
20240506;100600;4284.8;5;10279026909;B
20240506;100600;4284.8;10;10279026910;B
20240506;100600;4285;4;10279026911;B
20240506;100600;4285;61;10279026912;B
20240506;100601;4285;100;10279026980;B
20240506;100601;4285;80;10279026999;B
20240506;100601;4285;50;10279027001;B
20240506;100602;4285;1;10279027157;B
20240506;100602;4285;100;10279027214;B
20240506;100602;4285;20;10279027230;B
20240506;100602;4285;100;10279027255;B
20240506;100603;4285;1;10279027290;B
20240506;100603;4285;4;10279027307;B
20240506;100603;4284.600000000001;1;10279027322;S
20240506;100603;4285;5;10279027365;B
20240506;100603;4285;2;10279027406;B
20240506;100604;4285;7;10279027585;B
20240506;100605;4284.8;2;10279027681;S
20240506;100605;4285;7;10279027765;B
20240506;100606;4285;100;10279027814;B
20240506;100606;4285;70;10279027815;B
20240506;100606;4285;2;10279027852;B
20240506;100606;4285;50;10279027864;B
20240506;100606;4285;15;10279027893;B
20240506;100607;4285;5;10279027998;B
20240506;100607;4285;2;10279028005;B
20240506;100607;4285;10;10279028090;B
20240506;100608;4284.8;1;10279028252;S
20240506;100609;4285;2;10279028389;B
20240506;100609;4285;5;10279028411;B
20240506;100609;4285;100;10279028470;B
20240506;100610;4285;2;10279028502;B
20240506;100610;4285;50;10279028567;B
20240506;100611;4285;1;10279028816;B
20240506;100613;4285;2;10279029011;B
20240506;100613;4285;69;10279029044;B
20240506;100613;4284.8;5;10279029087;S
20240506;100614;4285;1;10279029155;B
20240506;100614;4285;2;10279029188;B
20240506;100615;4285;2;10279029467;B
20240506;100615;4285;23;10279029529;B
20240506;100616;4285;139;10279029684;B
20240506;100616;4285;1;10279029685;B
20240506;100616;4285;60;10279029686;B
20240506;100616;4285;5;10279029687;B
20240506;100616;4285;5;10279029688;B
20240506;100616;4285;20;10279029689;B
20240506;100616;4285;1;10279029690;B
20240506;100616;4285;25;10279029691;B
20240506;100616;4285;5;10279029692;B
20240506;100616;4285;1;10279029693;B
20240506;100616;4285;5;10279029694;B
20240506;100616;4285;19;10279029695;B
20240506;100617;4284.8;2;10279029861;S
20240506;100617;4284.8;14;10279029862;S
20240506;100617;4284.8;23;10279029863;S
20240506;100617;4284.600000000001;10;10279029864;S
20240506;100617;4284.4;92;10279029865;S
20240506;100617;4284.2;92;10279029866;S
20240506;100617;4284;45;10279029867;S
20240506;100617;4284;40;10279029868;S
20240506;100617;4283.600000000001;1;10279029869;S
20240506;100617;4283;5;10279029870;S
20240506;100617;4283;233;10279029871;S
20240506;100617;4283;120;10279029872;S
20240506;100617;4282.8;93;10279029873;S
20240506;100617;4284.8;5;10279029941;B
20240506;100617;4285;1;10279029942;B
20240506;100617;4285;3;10279029943;B
20240506;100617;4285;1;10279029944;B
20240506;100617;4285;5;10279029945;B
20240506;100617;4285;10;10279029946;B
20240506;100617;4285;1;10279029947;B
20240506;100617;4285;12;10279029948;B
20240506;100617;4285;5;10279029949;B
20240506;100617;4285;11;10279029950;B
20240506;100617;4285;41;10279029951;B
20240506;100617;4285;2;10279029963;B
20240506;100618;4284.2;5;10279030022;B
20240506;100618;4284.4;1;10279030023;B
20240506;100618;4284.600000000001;1;10279030024;B
20240506;100618;4285;7;10279030025;B
20240506;100618;4285;1;10279030026;B
20240506;100618;4285;5;10279030027;B
20240506;100618;4285;40;10279030028;B
20240506;100618;4285;40;10279030029;B
20240506;100622;4284.2;1;10279030845;B
20240506;100622;4284.4;14;10279030846;B
20240506;100622;4284.600000000001;3;10279030847;B
20240506;100623;4284;1;10279031023;S
20240506;100624;4284;23;10279031369;S
20240506;100624;4284;2;10279031404;B
20240506;100624;4284.2;23;10279031405;B
20240506;100624;4284.4;14;10279031406;B
20240506;100624;4284.600000000001;33;10279031407;B
20240506;100624;4285;28;10279031408;B
20240506;100625;4282.8;2;10279031746;S
20240506;100625;4284.2;23;10279031772;B
20240506;100625;4284.4;14;10279031773;B
20240506;100625;4284.8;3;10279031774;B
20240506;100626;4284.4;23;10279031994;B
20240506;100626;4284.4;1;10279031995;B
20240506;100626;4284.600000000001;14;10279031996;B
20240506;100626;4284.8;11;10279031997;B
20240506;100626;4284.8;1;10279031998;B
20240506;100626;4284.8;1;10279031999;B
20240506;100626;4285;13;10279032000;B
20240506;100626;4285;1;10279032001;B
20240506;100626;4285;2;10279032002;B
20240506;100626;4285;100;10279032003;B
20240506;100626;4285;33;10279032004;B
20240506;100627;4284.4;1;10279032294;B
20240506;100630;4284.2;1;10279033145;B
20240506;100630;4284.2;14;10279033146;B
20240506;100630;4284.4;49;10279033147;B
20240506;100630;4284.600000000001;23;10279033148;B
20240506;100630;4284.600000000001;5;10279033149;B
20240506;100630;4284.8;27;10279033150;B
20240506;100630;4285;81;10279033151;B
20240506;100630;4284.600000000001;1;10279033214;B
20240506;100630;4284.600000000001;23;10279033330;B
20240506;100630;4284.8;2;10279033331;B
20240506;100631;4284;1;10279033522;B
20240506;100631;4284.8;22;10279033523;B
20240506;100632;4283.2;1;10279033805;S
20240506;100632;4284.8;1;10279033833;B
20240506;100632;4285;2;10279033834;B
20240506;100633;4284;1;10279034077;B
20240506;100633;4284.4;14;10279034078;B
20240506;100633;4284.600000000001;6;10279034079;B
20240506;100634;4283.2;49;10279034099;S
20240506;100634;4283;1;10279034100;S
20240506;100634;4284.4;10;10279034278;B
20240506;100634;4284.600000000001;3;10279034328;B
20240506;100635;4283.2;17;10279034403;S
20240506;100635;4284.600000000001;1;10279034420;B
20240506;100635;4284.600000000001;1;10279034483;B
20240506;100637;4283.2;2;10279034930;S
20240506;100637;4284.600000000001;2;10279035118;B
20240506;100639;4284.600000000001;9;10279035396;B
20240506;100639;4284.600000000001;7;10279035398;B
20240506;100641;4284.4;14;10279035894;B
20240506;100641;4284.4;36;10279035895;B
20240506;100641;4284.600000000001;20;10279035896;B
20240506;100641;4283.4;1;10279035927;S
20240506;100641;4284.600000000001;3;10279035940;B
20240506;100641;4284.8;5;10279035941;B
20240506;100641;4284.8;1;10279035942;B
20240506;100641;4284.8;1;10279035943;B
20240506;100641;4285;1;10279035944;B
20240506;100641;4284.600000000001;20;10279035949;B
20240506;100642;4284.4;20;10279036010;B
20240506;100643;4284.4;50;10279036189;B
20240506;100643;4284.4;1;10279036284;B
20240506;100644;4284.2;14;10279036430;B
20240506;100644;4284.2;6;10279036431;B
20240506;100644;4283.600000000001;25;10279036495;S
20240506;100645;4284;8;10279036538;B
20240506;100647;4283.2;6;10279036944;S
20240506;100647;4283;2;10279036945;S
20240506;100647;4282.8;3;10279036946;S
20240506;100647;4283.600000000001;1;10279037046;B
20240506;100648;4283.8;1;10279037209;B
20240506;100648;4283.8;5;10279037364;B
20240506;100650;4283.600000000001;1;10279037695;S
20240506;100650;4283.600000000001;1;10279037696;S
20240506;100650;4282.8;7;10279037769;S
20240506;100651;4283.4;10;10279037831;S
20240506;100651;4282.8;1;10279037858;S
20240506;100651;4282.8;2;10279038009;S
20240506;100652;4282.4;10;10279038145;S
20240506;100652;4282.2;30;10279038146;S
20240506;100652;4282;13;10279038147;S
20240506;100652;4281.600000000001;50;10279038148;S
20240506;100652;4281.4;5;10279038149;S
20240506;100652;4281.4;34;10279038150;S
20240506;100652;4280.600000000001;2;10279038151;S
20240506;100652;4280.600000000001;40;10279038152;S
20240506;100652;4280.600000000001;16;10279038153;S
20240506;100653;4281.600000000001;10;10279038326;B
20240506;100653;4281.8;1;10279038345;B
20240506;100655;4281.2;3;10279038765;B
20240506;100656;4281.2;2;10279038895;B
20240506;100656;4281.600000000001;13;10279038896;B
20240506;100656;4281.8;2;10279038897;B
20240506;100656;4281.8;23;10279038898;B
20240506;100656;4282.4;5;10279038899;B
20240506;100656;4282.8;5;10279038900;B
20240506;100657;4281;47;10279039023;S
20240506;100657;4281;50;10279039024;S
20240506;100657;4281;3;10279039025;S
