<DATE>;<TIME>;<LAST>;<VOL>;<ID>;<OPER>
20240429;095932;4160.2;1;10234277150;S
20240429;095932;4160.2;1;10234277151;S
20240429;095932;4160.2;1;10234277152;S
20240429;095932;4160.2;21;10234277153;S
20240429;095932;4160.2;1;10234277154;S
20240429;095932;4160.2;3;10234277155;S
20240429;095932;4160.2;5;10234277156;B
20240429;095932;4160.2;5;10234277157;B
20240429;095932;4160.2;1;10234277158;B
20240429;095932;4160.2;3;10234277159;S
20240429;095932;4160.2;2;10234277160;B
20240429;095932;4160.2;2;10234277161;B
20240429;095932;4160.2;5;10234277162;B
20240429;095932;4160.2;4;10234277163;B
20240429;095932;4160.2;2;10234277164;B
20240429;095932;4160.2;1;10234277165;B
20240429;095932;4160.2;3;10234277166;B
20240429;095932;4160.2;1;10234277167;B
20240429;095932;4160.2;1;10234277168;B
20240429;095932;4160.2;1;10234277169;B
20240429;095932;4160.2;9;10234277170;B
20240429;095932;4160.2;10;10234277171;B
20240429;095932;4160.2;1;10234277172;B
20240429;095932;4160.2;1;10234277173;B
20240429;095932;4160.2;1;10234277174;B
20240429;095932;4160.2;8;10234277175;B
20240429;095932;4160.2;50;10234277176;B
20240429;095932;4160.2;1;10234277177;B
20240429;095932;4160.2;25;10234277178;B
20240429;095932;4160.2;9;10234277179;B
20240429;095932;4160.2;3;10234277180;B
20240429;095932;4160.2;115;10234277181;B
20240429;095932;4160.2;2;10234277182;B
20240429;095932;4160.2;2;10234277183;B
20240429;095932;4160.2;1;10234277184;B
20240429;095932;4160.2;1;10234277185;S
20240429;095932;4160.2;2;10234277186;S
20240429;095932;4160.2;1;10234277187;S
20240429;095932;4160.2;1;10234277188;S
20240429;095932;4160.2;1;10234277189;S
20240429;095932;4160.2;1;10234277190;S
20240429;095932;4160.2;1;10234277191;S
20240429;095932;4160.2;1;10234277192;S
20240429;095932;4160.2;2;10234277193;S
20240429;095932;4160.2;3;10234277194;S
20240429;095932;4160.2;1;10234277195;S
20240429;095932;4160.2;1;10234277196;S
20240429;095932;4160.2;4;10234277197;S
20240429;095932;4160.2;1;10234277198;S
20240429;095932;4160.2;1;10234277199;S
20240429;095932;4160.2;1;10234277200;S
20240429;100000;4160.2;2;10234283062;S
20240429;100000;4160.2;1;10234283063;S
20240429;100000;4160.2;19;10234283064;S
20240429;100000;4160.2;28;10234283065;S
20240429;100000;4160.2;10;10234283066;S
20240429;100000;4160.2;4;10234283089;S
20240429;100000;4160.2;1;10234283090;S
20240429;100000;4160.2;1;10234283091;S
20240429;100000;4160.2;1;10234283092;S
20240429;100000;4160.2;10;10234283093;S
20240429;100000;4160.2;1;10234283094;S
20240429;100000;4160.2;1;10234283095;S
20240429;100000;4160.2;5;10234283096;S
20240429;100000;4160.2;1;10234283097;S
20240429;100000;4160.2;1;10234283098;S
20240429;100000;4160.2;1;10234283099;S
20240429;100000;4160.2;12;10234283100;S
20240429;100000;4160.2;2;10234283101;S
20240429;100000;4160.2;1;10234283102;S
20240429;100000;4160.2;8;10234283103;S
20240429;100000;4160.2;10;10234283104;S
20240429;100000;4160.2;2;10234283129;S
20240429;100000;4160.2;13;10234283130;S
20240429;100000;4160.2;14;10234283131;S
20240429;100000;4160.2;15;10234283132;S
20240429;100000;4160;6;10234283133;S
20240429;100000;4160;44;10234283147;S
20240429;100000;4160;1;10234283148;S
20240429;100000;4160;1;10234283149;S
20240429;100000;4160;2;10234283150;S
20240429;100000;4160;2;10234283151;S
20240429;100000;4160;5;10234283164;S
20240429;100000;4160;2;10234283165;S
20240429;100000;4160;1;10234283166;S
20240429;100000;4160;10;10234283167;S
20240429;100000;4160;32;10234283168;S
20240429;100000;4160.8;13;10234283183;S
20240429;100000;4160;18;10234283184;S
20240429;100000;4160;10;10234283185;S
20240429;100000;4158;50;10234283254;S
20240429;100000;4158;9;10234283266;S
20240429;100000;4158;40;10234283267;S
20240429;100000;4158;1;10234283277;S
20240429;100000;4155;1;10234283439;S
20240429;100000;4155;14;10234283440;S
20240429;100000;4155;18;10234283441;S
20240429;100000;4154.4;1;10234283525;S
20240429;100000;4154.600000000001;14;10234283549;B
20240429;100000;4152.4;49;10234283613;S
20240429;100000;4152.600000000001;17;10234283633;S
20240429;100000;4152.600000000001;23;10234283647;S
20240429;100000;4152.4;27;10234283648;B
20240429;100000;4157.4;13;10234283701;B
20240429;100000;4154.2;5;10234283757;S
20240429;100001;4154.600000000001;6;10234284803;S
20240429;100002;4156.600000000001;1;10234285379;B
20240429;100002;4154.2;10;10234285548;S
20240429;100002;4155.4;21;10234285573;B
20240429;100002;4155.4;32;10234285599;S
20240429;100002;4155.4;32;10234285610;S
20240429;100002;4156.2;2;10234285668;S
20240429;100002;4156;4;10234285896;S
20240429;100003;4156;65;10234286507;S
20240429;100003;4156.600000000001;2;10234286554;B
20240429;100003;4155.2;40;10234286555;S
20240429;100003;4154.2;2;10234286569;S
20240429;100004;4155.4;2;10234287093;S
20240429;100005;4156.4;1;10234287644;B
20240429;100005;4155.600000000001;1;10234288004;S
20240429;100005;4154.4;5;10234288005;S
20240429;100005;4154.2;14;10234288006;S
20240429;100005;4154.4;2;10234288031;S
20240429;100005;4156.4;1;10234289086;B
20240429;100005;4156.4;1;10234289110;B
20240429;100005;4158;9;10234289111;B
20240429;100005;4156;2;10234289162;S
20240429;100005;4160;10;10234289165;B
20240429;100005;4158.8;2;10234289335;B
20240429;100005;4158.600000000001;1;10234289342;B
20240429;100006;4158.600000000001;2;10234289946;B
20240429;100006;4157;1;10234289951;S
20240429;100006;4158.600000000001;2;10234289952;B
20240429;100006;4157;1;10234289953;S
20240429;100006;4158.600000000001;1;10234289954;B
20240429;100006;4158.600000000001;1;10234291230;B
20240429;100006;4158.600000000001;4;10234291246;B
20240429;100006;4158.600000000001;1;10234291265;B
20240429;100006;4157.4;2;10234291317;S
20240429;100006;4157.4;32;10234291627;S
20240429;100007;4157.600000000001;2;10234292612;B
20240429;100007;4158.4;2;10234292613;B
20240429;100007;4159;110;10234292614;B
20240429;100007;4158.2;1;10234292962;S
20240429;100007;4160.600000000001;1;10234293234;B
20240429;100007;4158.2;26;10234293238;S
20240429;100007;4160.8;1;10234293662;B
20240429;100007;4158.600000000001;2;10234293693;S
20240429;100007;4158.600000000001;3;10234293694;S
20240429;100007;4157.2;2;10234293839;S
20240429;100007;4157.2;3;10234294078;S
20240429;100007;4159.4;1;10234294080;B
20240429;100007;4157.8;2;10234294120;S
20240429;100008;4159.600000000001;150;10234294428;B
20240429;100008;4160.2;1;10234295286;B
20240429;100009;4156.600000000001;1;10234296382;S
20240429;100009;4159.4;2;10234296383;B
20240429;100009;4159.8;5;10234296384;B
20240429;100009;4160.2;16;10234296385;B
20240429;100009;4161;30;10234296386;B
20240429;100009;4161.8;2;10234296387;B
20240429;100009;4161.8;21;10234296388;B
20240429;100009;4161.8;1;10234296389;B
20240429;100009;4161.8;2;10234296390;B
20240429;100009;4161.8;3;10234296391;B
20240429;100009;4161.8;4;10234296392;B
20240429;100009;4161.8;4;10234296393;B
20240429;100009;4161.8;2;10234296394;B
20240429;100009;4162;32;10234296395;B
20240429;100009;4162.600000000001;1;10234296396;B
20240429;100009;4163;37;10234296397;B
20240429;100009;4165.8;32;10234296398;B
20240429;100009;4166;36;10234296399;B
20240429;100009;4166;1;10234296400;B
20240429;100009;4166;2;10234296401;B
20240429;100009;4166.2;36;10234296402;B
20240429;100009;4166.4;36;10234296403;B
20240429;100009;4166.600000000001;36;10234296404;B
20240429;100009;4166.8;36;10234296405;B
20240429;100009;4167;36;10234296406;B
20240429;100009;4167;1;10234296407;B
20240429;100009;4167.2;36;10234296408;B
20240429;100009;4167.4;36;10234296409;B
20240429;100009;4167.4;20;10234296410;B
20240429;100009;4167.600000000001;36;10234296411;B
20240429;100009;4167.600000000001;1;10234296412;B
20240429;100009;4167.600000000001;2;10234296413;B
20240429;100009;4167.8;36;10234296414;B
20240429;100009;4167.8;2;10234296415;B
20240429;100009;4168;3;10234296416;B
20240429;100009;4169;26;10234296417;B
20240429;100009;4169.8;1;10234296418;B
20240429;100009;4169.8;2;10234296419;B
20240429;100009;4169.8;50;10234296420;B
20240429;100009;4170;2;10234296421;B
20240429;100009;4170;1;10234296422;B
20240429;100009;4170;30;10234296423;B
20240429;100009;4170;503;10234296424;B
20240429;100009;4165.8;76;10234296426;B
20240429;100009;4165;39;10234296571;B
20240429;100009;4165.600000000001;53;10234296572;B
20240429;100009;4165.8;37;10234296573;B
20240429;100009;4169.8;32;10234296574;B
20240429;100009;4170;19;10234296575;B
20240429;100009;4162.8;20;10234296602;S
20240429;100009;4163;30;10234296603;S
20240429;100009;4162.600000000001;1;10234296689;S
20240429;100009;4162.600000000001;1;10234296721;S
20240429;100009;4162.600000000001;1;10234296751;S
20240429;100009;4165.4;37;10234296882;B
20240429;100009;4165.600000000001;3;10234296883;B
20240429;100009;4169.600000000001;318;10234296884;B
20240429;100009;4169.8;32;10234296885;B
20240429;100009;4170;361;10234296886;B
20240429;100009;4170;10;10234296887;B
20240429;100009;4170;1;10234296888;B
20240429;100009;4170;2;10234296889;B
20240429;100009;4170;10;10234296890;B
20240429;100009;4170;10;10234296891;B
20240429;100009;4170;29;10234296892;B
20240429;100009;4170.600000000001;1;10234296893;B
20240429;100009;4171;50;10234296895;S
20240429;100009;4171;10;10234296896;S
20240429;100009;4171;10;10234296897;S
20240429;100009;4171.2;37;10234296898;B
20240429;100009;4171.2;20;10234296899;S
20240429;100009;4171.2;10;10234296900;S
20240429;100009;4171.2;10;10234296901;S
20240429;100009;4171.2;50;10234296918;S
20240429;100009;4171.2;7;10234296919;S
20240429;100009;4171;3;10234296920;S
20240429;100009;4171;67;10234296921;S
20240429;100009;4171;231;10234296922;S
20240429;100009;4171;265;10234296923;S
20240429;100009;4171.4;1;10234296924;B
20240429;100009;4171.4;30;10234296925;B
20240429;100009;4163.2;10;10234296949;S
20240429;100009;4163.2;10;10234296954;S
20240429;100009;4170.600000000001;3;10234296962;B
20240429;100009;4163.2;10;10234296963;S
20240429;100009;4163.2;7;10234296966;S
20240429;100009;4163.2;3;10234296969;B
20240429;100009;4163.2;3;10234296970;B
20240429;100009;4163.2;3;10234296971;B
20240429;100009;4163.2;3;10234296972;B
20240429;100009;4163.2;41;10234296973;B
20240429;100009;4163.2;3;10234296976;B
20240429;100009;4163.2;3;10234296977;B
20240429;100009;4163.2;3;10234296978;B
20240429;100009;4163.2;1;10234296979;B
20240429;100009;4163.2;50;10234296981;B
20240429;100009;4163.2;37;10234296983;S
20240429;100009;4163.2;7;10234296984;B
20240429;100009;4163.2;6;10234296985;B
20240429;100009;4163.2;13;10234296991;B
20240429;100009;4163.2;13;10234296992;B
20240429;100009;4163.2;13;10234296993;B
20240429;100009;4163.2;11;10234296994;B
20240429;100009;4163.2;50;10234296998;B
20240429;100010;4163.8;24;10234297021;S
20240429;100010;4164.2;4;10234297101;S
20240429;100010;4164;46;10234297102;S
20240429;100010;4169.8;1;10234297308;B
20240429;100010;4163.8;3;10234297358;S
20240429;100010;4165;1;10234297364;B
20240429;100010;4163.8;1;10234297454;S
20240429;100010;4170;1;10234297455;B
20240429;100010;4170;1;10234297457;B
20240429;100010;4170.4;1;10234297458;B
20240429;100010;4170.4;1;10234297459;B
20240429;100010;4170.8;27;10234297460;B
20240429;100010;4171;4;10234297461;B
20240429;100010;4171;91;10234297462;B
20240429;100010;4172.600000000001;4;10234297575;B
20240429;100010;4170;1;10234297701;B
20240429;100010;4168.600000000001;1;10234297717;B
20240429;100010;4170;35;10234297718;B
20240429;100010;4171.4;19;10234297719;B
20240429;100010;4171.600000000001;153;10234297720;B
20240429;100010;4171.8;12;10234297721;B
20240429;100011;4170;4;10234297768;S
20240429;100011;4169.8;1;10234297769;S
20240429;100011;4159.4;37;10234297775;S
20240429;100011;4159.4;4;10234297776;S
20240429;100011;4159.4;9;10234297777;S
20240429;100011;4169.4;1;10234297889;S
20240429;100011;4167.600000000001;1;10234297947;B
20240429;100013;4170;10;10234298482;B
20240429;100014;4167;1;10234298600;S
20240429;100015;4167.600000000001;50;10234299586;S
20240429;100015;4167.4;50;10234299587;S
20240429;100015;4167.4;50;10234299590;S
20240429;100015;4166.2;4;10234299823;S
20240429;100015;4166;46;10234299824;S
20240429;100018;4166.2;13;10234300858;S
20240429;100018;4166;46;10234300859;S
20240429;100018;4165.8;211;10234300860;S
20240429;100018;4165.600000000001;4;10234300861;S
20240429;100018;4165.2;376;10234300862;S
20240429;100018;4165;37;10234300863;S
20240429;100018;4162.8;32;10234300867;B
20240429;100018;4162.8;8;10234300868;B
20240429;100018;4163.600000000001;39;10234300920;B
20240429;100018;4163.2;11;10234300929;B
20240429;100018;4163.8;4;10234300949;B
20240429;100023;4162.8;40;10234302375;B
20240429;100025;4164;4;10234302998;B
20240429;100025;4164.2;40;10234302999;B
20240429;100025;4164.2;131;10234303000;B
20240429;100025;4164;4;10234303002;B
20240429;100025;4164.2;15;10234303003;B
20240429;100027;4163.8;32;10234303514;S
20240429;100027;4163.8;8;10234303515;S
20240429;100027;4163.4;32;10234303542;S
20240429;100027;4162.8;4;10234303573;S
20240429;100028;4161.8;10;10234303696;S
20240429;100028;4165.2;4;10234303757;B
20240429;100029;4165.2;32;10234303996;B
20240429;100029;4164;4;10234304001;S
20240429;100029;4167;29;10234304026;B
20240429;100030;4167.2;4;10234304174;B
20240429;100030;4167.2;5;10234304175;B
20240429;100031;4164.2;5;10234304675;S
20240429;100031;4164.2;4;10234304676;S
20240429;100031;4164.2;36;10234304677;S
20240429;100031;4164;5;10234304678;S
20240429;100031;4164;1;10234304723;S
20240429;100032;4166;32;10234304829;B
20240429;100032;4166.2;37;10234304830;B
20240429;100032;4166.4;4;10234304831;B
20240429;100032;4166.8;12;10234304832;B
20240429;100032;4167.4;4;10234304833;B
20240429;100032;4167.8;73;10234304834;B
20240429;100032;4167.8;11;10234304835;B
20240429;100032;4168;127;10234304836;B
20240429;100032;4169.4;2;10234304884;B
20240429;100034;4166.8;4;10234305631;B
20240429;100034;4166.8;1;10234305654;S
20240429;100036;4164.4;2;10234305991;S
20240429;100037;4166.2;1;10234306270;B
20240429;100040;4167.2;32;10234307006;B
20240429;100040;4167.4;14;10234307007;B
20240429;100042;4167.2;37;10234307494;B
20240429;100042;4167.4;5;10234307495;B
20240429;100042;4167.600000000001;1;10234307496;B
20240429;100042;4168.600000000001;1;10234307497;B
20240429;100042;4169;73;10234307498;B
20240429;100042;4169.2;32;10234307499;B
20240429;100042;4169.2;51;10234307500;B
20240429;100042;4169.600000000001;1;10234307506;B
20240429;100042;4169.8;5;10234307678;B
20240429;100042;4167.8;2;10234307751;S
20240429;100045;4168.8;5;10234308601;S
20240429;100045;4168.4;5;10234308602;S
20240429;100045;4167.4;4;10234308603;S
20240429;100045;4167.2;86;10234308604;S
20240429;100045;4169.2;3;10234308620;B
20240429;100046;4169.600000000001;1;10234308853;B
20240429;100048;4167.600000000001;1;10234309195;S
20240429;100048;4167.2;8;10234309355;S
20240429;100050;4167.2;16;10234309811;B
20240429;100054;4167.8;26;10234310785;S
20240429;100055;4167.2;1;10234311092;S
20240429;100056;4169;1;10234311233;B
20240429;100056;4169;49;10234311283;B
20240429;100056;4170;2;10234311284;B
20240429;100056;4170;1;10234311285;B
20240429;100056;4170;1;10234311286;B
20240429;100056;4170;3;10234311287;B
20240429;100056;4170.2;40;10234311288;B
20240429;100056;4172;12;10234311289;B
20240429;100056;4172.8;1;10234311290;B
20240429;100056;4172.8;5;10234311291;B
20240429;100056;4172.8;66;10234311292;B
20240429;100056;4170.2;20;10234311580;S
20240429;100057;4169.8;4;10234311614;S
20240429;100057;4169.8;37;10234311615;S
20240429;100057;4168.8;16;10234311616;S
20240429;100057;4168.600000000001;7;10234311617;S
20240429;100057;4167.4;40;10234311618;S
20240429;100058;4166.600000000001;4;10234311925;B
20240429;100058;4166.8;5;10234311926;B
20240429;100059;4165.2;3;10234312356;S
20240429;100059;4166.8;27;10234312385;B
20240429;100059;4166.8;73;10234312386;B
20240429;100059;4167;174;10234312387;B
20240429;100059;4167.4;12;10234312388;B
20240429;100059;4168.600000000001;16;10234312389;B
20240429;100059;4168.8;40;10234312390;B
20240429;100059;4169;58;10234312391;B
20240429;100100;4167.8;5;10234312508;S
20240429;100100;4167.8;32;10234312553;S
20240429;100100;4167.600000000001;3;10234312554;S
20240429;100100;4167.8;37;10234312596;S
20240429;100100;4167.600000000001;1;10234312597;S
20240429;100100;4167.4;9;10234312598;S
20240429;100100;4166.8;7;10234312599;S
20240429;100105;4167;3;10234314073;S
20240429;100105;4167.4;4;10234314152;B
20240429;100105;4167.600000000001;32;10234314153;B
20240429;100105;4167.8;24;10234314154;B
20240429;100105;4168.4;73;10234314155;B
20240429;100105;4168.600000000001;12;10234314156;B
20240429;100105;4168.600000000001;20;10234314157;B
20240429;100105;4168.8;85;10234314158;B
20240429;100110;4170;2;10234315238;B
20240429;100110;4171.2;2;10234315239;B
20240429;100110;4171.4;32;10234315240;B
20240429;100110;4171.600000000001;58;10234315241;B
20240429;100111;4173;1;10234315310;B
20240429;100114;4170.8;1;10234315946;S
20240429;100114;4170.600000000001;14;10234315947;S
20240429;100117;4172.8;1;10234316908;B
20240429;100119;4173;2;10234317326;B
20240429;100120;4173;38;10234317588;B
20240429;100120;4173;2;10234317589;B
20240429;100120;4173.2;1;10234317590;B
20240429;100120;4173.2;5;10234317591;B
20240429;100120;4173.8;12;10234317592;B
20240429;100120;4174;3;10234317593;B
20240429;100120;4174.2;1;10234317594;B
20240429;100120;4174.2;1;10234317595;B
20240429;100120;4174.600000000001;1;10234317596;B
20240429;100120;4174.600000000001;1;10234317597;B
20240429;100120;4174.8;95;10234317598;B
20240429;100121;4175;5;10234317687;B
20240429;100121;4173.4;15;10234317807;S
20240429;100129;4174.600000000001;1;10234319850;B
20240429;100132;4174.600000000001;1;10234320320;B
20240429;100132;4174.600000000001;4;10234320321;B
20240429;100132;4174.600000000001;1;10234320372;B
20240429;100132;4174.600000000001;9;10234320373;B
20240429;100134;4174.600000000001;11;10234320583;B
20240429;100134;4175;10;10234320584;B
20240429;100134;4175;1;10234320585;B
20240429;100134;4175;1;10234320586;B
20240429;100134;4175;1;10234320587;B
20240429;100134;4175;1;10234320588;B
20240429;100134;4175.4;1;10234320589;B
20240429;100134;4175.4;1;10234320590;B
20240429;100134;4175.4;3;10234320591;B
20240429;100134;4175.4;3;10234320592;B
20240429;100134;4175.4;1;10234320593;B
20240429;100134;4176;13;10234320594;B
20240429;100134;4177.2;12;10234320595;B
20240429;100134;4177.600000000001;40;10234320596;B
20240429;100134;4177.8;2;10234320597;B
20240429;100134;4177.8;1;10234320598;B
20240429;100134;4178;37;10234320599;B
20240429;100134;4178.2;1;10234320600;B
20240429;100134;4178.2;30;10234320601;B
20240429;100134;4178.2;66;10234320602;B
20240429;100136;4175.600000000001;3;10234320957;S
20240429;100141;4177;2;10234322132;B
20240429;100146;4177;1;10234322955;B
20240429;100149;4177;3;10234323342;B
20240429;100151;4177;44;10234323804;B
20240429;100151;4177.2;2;10234323805;B
20240429;100151;4177.4;1;10234323806;B
20240429;100151;4177.4;3;10234323807;B
20240429;100151;4178;300;10234323808;B
20240429;100151;4178.8;5;10234323809;B
20240429;100151;4179;40;10234323810;B
20240429;100151;4179.2;5;10234323811;B
20240429;100151;4179.4;1;10234323822;B
20240429;100151;4179.8;1;10234323823;B
20240429;100151;4180;2;10234323824;B
20240429;100151;4180;57;10234323826;B
20240429;100155;4178.600000000001;12;10234324419;S
20240429;100155;4178;4;10234324420;S
20240429;100157;4177;4;10234324702;S
20240429;100158;4177.8;32;10234325000;B
20240429;100158;4177.8;2;10234325001;B
20240429;100158;4178;188;10234325002;B
20240429;100201;4178;46;10234325316;B
20240429;100201;4178;8;10234325317;B
20240429;100201;4178.4;4;10234325318;B
20240429;100201;4178.8;40;10234325319;B
20240429;100201;4179.4;2;10234325320;B
20240429;100201;4179.600000000001;2;10234325321;B
20240429;100201;4179.600000000001;73;10234325322;B
20240429;100201;4179.600000000001;25;10234325323;B
20240429;100201;4178.2;1;10234325336;S
20240429;100201;4178.2;1;10234325351;S
20240429;100204;4179.600000000001;3;10234326004;B
20240429;100204;4179.600000000001;9;10234326005;B
20240429;100204;4179.8;121;10234326006;B
20240429;100204;4179.8;498;10234326116;B
20240429;100205;4179.8;7;10234326210;B
20240429;100205;4179.8;1;10234326244;B
20240429;100210;4179.2;3;10234327325;S
20240429;100212;4179.600000000001;1;10234327806;B
20240429;100212;4179.600000000001;9;10234327807;B
20240429;100212;4179.8;14;10234327808;B
20240429;100215;4179.4;1;10234328343;B
20240429;100216;4179.4;1;10234328502;B
20240429;100216;4179.600000000001;4;10234328503;B
20240429;100218;4179.8;9;10234328793;B
20240429;100221;4178.8;1;10234329597;S
20240429;100223;4178.8;31;10234330099;S
20240429;100223;4178.8;12;10234330100;S
20240429;100225;4178.8;8;10234330365;B
20240429;100225;4178.8;99;10234330378;B
20240429;100225;4178.8;9;10234330379;B
20240429;100229;4179.4;2;10234331024;B
20240429;100229;4179.600000000001;1;10234331025;B
20240429;100229;4179.600000000001;1;10234331026;B
20240429;100232;4179.4;3;10234331920;B
20240429;100232;4179.600000000001;4;10234331921;B
20240429;100232;4179.600000000001;9;10234331922;B
20240429;100232;4179.600000000001;2;10234331923;B
20240429;100232;4179.8;182;10234331924;B
20240429;100237;4179.4;9;10234332974;S
20240429;100237;4179.2;12;10234332975;S
20240429;100237;4179.2;32;10234332976;S
20240429;100237;4179;42;10234332977;S
20240429;100237;4179;1;10234332978;S
20240429;100238;4178.8;1;10234333049;B
20240429;100239;4178.8;2;10234333327;B
20240429;100239;4179;3;10234333328;B
20240429;100249;4178.4;6;10234335075;S
20240429;100251;4179;1;10234335306;B
20240429;100251;4179.2;1;10234335363;B
20240429;100251;4178.4;3;10234335403;S
20240429;100251;4178.2;3;10234335437;S
20240429;100251;4178.2;12;10234335438;S
20240429;100251;4178.2;5;10234335439;S
20240429;100255;4178.8;100;10234336042;S
20240429;100255;4178.4;9;10234336043;S
20240429;100255;4178.4;32;10234336044;S
20240429;100255;4178.2;32;10234336045;S
20240429;100255;4178.2;12;10234336046;S
20240429;100255;4177.4;5;10234336047;S
20240429;100255;4176.8;40;10234336048;S
20240429;100255;4176.2;1;10234336049;S
20240429;100255;4176.2;8;10234336050;S
20240429;100301;4177.8;1;10234336822;B
20240429;100303;4176.600000000001;24;10234337092;S
20240429;100307;4176.2;9;10234337955;S
20240429;100308;4177.8;4;10234338010;B
20240429;100308;4176.2;28;10234338091;S
20240429;100308;4176.2;12;10234338092;S
20240429;100308;4176;78;10234338093;S
20240429;100309;4176.2;37;10234338211;S
20240429;100310;4176;5;10234338518;S
20240429;100312;4176;32;10234338780;S
20240429;100312;4176;7;10234338781;S
20240429;100312;4176;21;10234338782;S
20240429;100312;4176;5;10234338783;S
20240429;100312;4176;9;10234338876;B
20240429;100312;4176.2;5;10234338877;B
20240429;100312;4176.4;73;10234338878;B
20240429;100312;4176.4;32;10234338879;B
20240429;100312;4176.600000000001;131;10234338880;B
20240429;100320;4175;3;10234340119;S
20240429;100322;4175;50;10234340438;S
20240429;100323;4175.2;2;10234340535;B
20240429;100323;4175.4;10;10234340536;B
20240429;100327;4175;10;10234341026;S
20240429;100330;4175;10;10234341512;S
20240429;100330;4175;40;10234341513;S
20240429;100332;4175;1;10234341890;S
20240429;100332;4175;1;10234341933;S
20240429;100334;4175.8;11;10234342259;B
20240429;100334;4175.8;2;10234342260;B
20240429;100334;4176;5;10234342261;B
20240429;100335;4175;3;10234342515;S
20240429;100335;4175;1;10234342537;S
20240429;100336;4175;1;10234342635;S
20240429;100341;4175;353;10234343506;S
20240429;100341;4175;5;10234343507;S
20240429;100341;4175;1;10234343508;S
20240429;100341;4175;94;10234343509;S
20240429;100341;4175;25;10234343510;S
20240429;100341;4175;1;10234343511;S
20240429;100341;4175;23;10234343512;S
20240429;100341;4174.600000000001;12;10234343513;S
20240429;100342;4173.2;40;10234343929;S
20240429;100342;4173;1;10234343930;S
20240429;100342;4172.600000000001;11;10234343931;S
20240429;100342;4172.2;2;10234343932;S
20240429;100342;4172;5;10234343933;S
20240429;100342;4171.8;12;10234343934;S
20240429;100342;4171.4;60;10234343935;S
20240429;100343;4172;26;10234343991;S
20240429;100343;4171.600000000001;40;10234344029;S
20240429;100344;4174;3;10234344264;B
20240429;100353;4173.600000000001;5;10234345627;B
20240429;100353;4174;1;10234345628;B
20240429;100353;4174;11;10234345629;B
20240429;100353;4174.2;10;10234345630;B
20240429;100353;4174.8;12;10234345631;B
20240429;100353;4175.8;61;10234345632;B
20240429;100355;4173;2;10234345863;S
20240429;100357;4173.600000000001;4;10234346059;B
20240429;100357;4173.8;6;10234346060;B
20240429;100357;4174;1;10234346097;B
20240429;100358;4172.600000000001;3;10234346273;S
20240429;100358;4172.4;3;10234346274;S
20240429;100358;4172.2;3;10234346275;S
20240429;100358;4172.2;5;10234346276;S
20240429;100358;4172;11;10234346277;S
20240429;100358;4171.8;40;10234346278;S
20240429;100358;4171.600000000001;37;10234346279;S
20240429;100358;4171;11;10234346280;S
20240429;100358;4171.2;8;10234346284;S
20240429;100401;4172.8;5;10234346592;B
20240429;100401;4173;2;10234346593;B
20240429;100401;4173.4;15;10234346606;B
20240429;100407;4171;12;10234347392;S
20240429;100407;4170.600000000001;11;10234347393;S
20240429;100407;4170.600000000001;2;10234347394;S
20240429;100407;4170.4;139;10234347395;S
20240429;100407;4170.4;37;10234347396;S
20240429;100407;4170.2;4;10234347397;S
20240429;100407;4170;100;10234347398;S
20240429;100407;4170;36;10234347399;S
20240429;100407;4170;500;10234347400;S
20240429;100407;4170;1;10234347401;S
20240429;100407;4170;200;10234347402;S
20240429;100407;4170;5;10234347403;S
20240429;100407;4170;40;10234347404;S
20240429;100407;4170;5;10234347405;S
20240429;100407;4167.4;16;10234347406;S
20240429;100407;4167.2;1;10234347407;S
20240429;100407;4167.2;40;10234347408;S
20240429;100407;4166.8;200;10234347409;S
20240429;100407;4166.600000000001;2;10234347410;S
20240429;100407;4166.4;100;10234347411;S
20240429;100407;4165.600000000001;96;10234347412;S
20240429;100407;4165.4;2;10234347413;S
20240429;100407;4165.2;162;10234347414;S
20240429;100407;4165;12;10234347415;S
20240429;100407;4164;137;10234347416;S
20240429;100407;4164;30;10234347417;S
20240429;100407;4163.2;40;10234347418;S
20240429;100407;4161.600000000001;2;10234347419;S
20240429;100407;4160.600000000001;1;10234347420;S
20240429;100407;4160.600000000001;57;10234347421;S
20240429;100407;4162.4;12;10234347423;B
20240429;100407;4161.600000000001;40;10234347428;B
20240429;100407;4163.8;5;10234347430;B
20240429;100407;4162.600000000001;5;10234347431;B
20240429;100411;4162.8;32;10234347811;B
20240429;100411;4161.2;10;10234347833;S
20240429;100412;4162.8;32;10234347950;B
20240429;100412;4163;15;10234347951;B
20240429;100412;4163;12;10234347952;B
20240429;100412;4163;6;10234347953;B
20240429;100412;4163;40;10234347954;B
20240429;100412;4164;12;10234347955;B
20240429;100415;4163.600000000001;40;10234348337;S
20240429;100415;4163.4;37;10234348338;S
20240429;100415;4163.2;5;10234348339;S
20240429;100415;4163;60;10234348340;S
20240429;100415;4162;12;10234348341;S
20240429;100415;4160.8;5;10234348342;S
20240429;100415;4160.4;1;10234348343;S
20240429;100415;4160.4;30;10234348344;S
20240429;100415;4160.4;32;10234348345;S
20240429;100415;4160.4;73;10234348346;S
20240429;100415;4160.2;1;10234348347;S
20240429;100415;4160.2;61;10234348348;S
20240429;100418;4161.8;10;10234348680;B
20240429;100418;4162.2;12;10234348681;B
20240429;100418;4162.2;5;10234348682;B
20240429;100421;4163.8;10;10234349206;B
20240429;100422;4161.2;4;10234349281;S
20240429;100427;4162.4;10;10234349989;S
20240429;100443;4162.8;1;10234351766;S
20240429;100444;4163.2;4;10234351811;B
20240429;100444;4163.2;3;10234351815;B
20240429;100445;4163.2;1;10234351913;B
20240429;100447;4163.4;180;10234352130;B
20240429;100447;4163.600000000001;12;10234352131;B
20240429;100448;4164.600000000001;30;10234352208;S
20240429;100450;4166;2;10234352385;S
20240429;100450;4165;2;10234352409;S
20240429;100450;4164.8;12;10234352410;S
20240429;100450;4164.600000000001;32;10234352411;S
20240429;100450;4164.4;40;10234352412;S
20240429;100450;4164.2;5;10234352413;S
20240429;100450;4164.2;37;10234352414;S
20240429;100450;4162.8;1;10234352415;S
20240429;100450;4162.600000000001;73;10234352416;S
20240429;100450;4162.4;1;10234352417;S
20240429;100450;4162.4;157;10234352418;S
20240429;100455;4163;32;10234352943;S
20240429;100455;4162.8;40;10234352944;S
20240429;100455;4162.8;12;10234352945;S
20240429;100455;4162.8;2;10234352946;S
20240429;100455;4162.4;37;10234352947;S
20240429;100455;4162.4;5;10234352948;S
20240429;100455;4162;72;10234352949;S
20240429;100456;4162;72;10234353048;S
20240429;100456;4162;40;10234353049;S
20240429;100456;4161.8;12;10234353050;S
20240429;100456;4161.2;25;10234353051;S
20240429;100456;4161;2;10234353052;S
20240429;100456;4161;30;10234353053;S
20240429;100456;4161;37;10234353054;S
20240429;100456;4160.4;1;10234353055;S
20240429;100456;4160.4;1;10234353056;S
20240429;100456;4160.4;5;10234353057;S
20240429;100456;4160.2;3;10234353058;S
20240429;100456;4160.2;50;10234353059;S
20240429;100456;4160;1;10234353060;S
20240429;100456;4160;621;10234353061;S
20240429;100458;4160;80;10234353315;S
20240429;100458;4161.2;1;10234353388;B
20240429;100458;4160;100;10234353397;S
20240429;100459;4160;1;10234353481;S
20240429;100459;4160;100;10234353482;S
20240429;100500;4160;100;10234353570;S
20240429;100500;4160;11;10234353575;S
20240429;100500;4160;2;10234353576;S
20240429;100500;4160;62;10234353577;S
20240429;100500;4160;2;10234353631;S
20240429;100501;4160;48;10234353689;S
20240429;100501;4160;20;10234353692;S
20240429;100501;4160.2;1;10234353729;B
20240429;100501;4160;28;10234353733;S
20240429;100501;4160.2;1;10234353748;B
20240429;100501;4160.2;10;10234353753;B
20240429;100501;4160.2;1;10234353764;B
20240429;100501;4160;4;10234353765;S
20240429;100501;4160;1;10234353766;S
20240429;100501;4160;51;10234353768;S
20240429;100501;4160;1041;10234353769;S
20240429;100501;4160;540;10234353770;S
20240429;100501;4160;80;10234353774;S
20240429;100501;4160;40;10234353775;S
20240429;100501;4160;40;10234353776;S
20240429;100502;4160;1;10234353838;S
20240429;100502;4160;2;10234353850;S
20240429;100502;4160;1;10234353857;S
20240429;100502;4160;180;10234353859;S
20240429;100502;4160;1;10234353860;S
20240429;100502;4160;100;10234353974;S
20240429;100502;4160;80;10234353976;S
20240429;100503;4160;40;10234353987;S
20240429;100503;4160;40;10234353988;S
20240429;100503;4160;20;10234353989;S
20240429;100503;4160;80;10234353991;S
20240429;100503;4160;40;10234353992;S
20240429;100503;4160;44;10234353993;S
20240429;100503;4160;5;10234353995;S
20240429;100503;4159.2;3;10234353996;S
20240429;100503;4158;1;10234353999;S
20240429;100503;4155.8;5;10234354014;S
20240429;100503;4155.8;5;10234354071;S
20240429;100503;4155.2;15;10234354072;S
20240429;100503;4156.2;1;10234354094;B
20240429;100508;4156.4;5;10234354750;B
20240429;100508;4156.4;1;10234354751;B
20240429;100508;4156.600000000001;12;10234354752;B
20240429;100509;4157.8;10;10234354902;B
20240429;100511;4158.4;5;10234355153;B
20240429;100512;4157.2;5;10234355441;S
20240429;100512;4157;27;10234355442;S
20240429;100518;4158.600000000001;10;10234356242;B
20240429;100521;4158.4;5;10234356615;B
20240429;100521;4158.600000000001;2;10234356616;B
20240429;100521;4159;3;10234356617;B
20240429;100524;4158.8;10;10234356969;B
20240429;100550;4159;50;10234359745;B
20240429;100550;4159.2;40;10234359746;B
20240429;100550;4159.4;30;10234359747;B
20240429;100551;4159;10;10234359883;S
20240429;100553;4158.8;1;10234360000;S
20240429;100557;4159.8;2;10234360403;B
20240429;100558;4159.8;5;10234360471;B
20240429;100559;4159.8;2;10234360636;B
20240429;100601;4159.8;31;10234360957;B
20240429;100601;4159.8;37;10234360958;B
20240429;100601;4160;10;10234360959;B
20240429;100601;4160;1;10234360960;B
20240429;100601;4160;21;10234360961;B
20240429;100604;4159;1;10234361224;S
20240429;100609;4159.8;10;10234361893;B
20240429;100611;4159.8;27;10234362174;B
20240429;100611;4159.8;40;10234362175;B
20240429;100611;4160;33;10234362176;B
20240429;100613;4159.8;10;10234362476;B
20240429;100620;4159.8;15;10234363350;B
20240429;100626;4159.2;4;10234364047;S
20240429;100626;4159.2;32;10234364048;S
20240429;100626;4159;2;10234364049;S
20240429;100628;4159.2;1;10234364262;B
20240429;100635;4159.2;5;10234365339;B
20240429;100639;4159.600000000001;22;10234365737;S
20240429;100639;4159.2;32;10234365738;S
20240429;100640;4159;5;10234365866;S
20240429;100641;4159.2;10;10234365975;B
20240429;100645;4159.2;1;10234366527;B
20240429;100651;4159;80;10234367305;S
20240429;100651;4159.2;41;10234367326;B
20240429;100653;4159;1;10234367743;S
20240429;100657;4159.2;2;10234368124;B
20240429;100705;4159.2;4;10234369197;B
20240429;100709;4159.2;1;10234369961;B
20240429;100711;4159.2;1;10234370277;B
20240429;100716;4159;12;10234370874;S
20240429;100719;4159;1;10234371293;S
20240429;100719;4159;1;10234371294;S
20240429;100719;4159;2;10234371295;S
20240429;100724;4158.8;2;10234371767;S
20240429;100743;4159;1;10234373736;B
20240429;100801;4158.8;19;10234375681;S
20240429;100806;4158.8;10;10234376171;S
20240429;100809;4158.8;1;10234376425;S
20240429;100816;4159;8;10234377234;B
20240429;100816;4159.2;3;10234377235;B
20240429;100816;4159.4;16;10234377236;B
20240429;100816;4159.4;1;10234377237;B
20240429;100816;4159.4;1;10234377289;B
20240429;100818;4159.4;1;10234377396;B
20240429;100820;4159.4;49;10234377778;B
20240429;100830;4159.600000000001;1;10234378679;S
20240429;100837;4159.4;11;10234379361;S
20240429;100837;4159;15;10234379362;S
20240429;100837;4158.8;67;10234379363;S
20240429;100837;4158.8;1;10234379364;S
20240429;100837;4158.8;6;10234379365;S
20240429;100837;4158.8;1;10234379366;S
20240429;100845;4159;1;10234380241;B
20240429;100845;4158.8;1;10234380284;S
20240429;100845;4158;1;10234380285;S
20240429;100846;4158.8;1;10234380356;B
20240429;100858;4158;3;10234381520;S
20240429;100908;4158;2;10234382593;S
20240429;100910;4158.600000000001;4;10234382813;B
20240429;100913;4158;33;10234383208;S
20240429;100913;4158;1;10234383209;S
20240429;100913;4157.600000000001;1;10234383210;S
20240429;100913;4157.4;37;10234383211;S
20240429;100913;4157.2;2;10234383212;S
20240429;100913;4157;1;10234383213;S
20240429;100913;4157;12;10234383214;S
20240429;100913;4157;1;10234383215;S
20240429;100913;4157;1;10234383216;S
20240429;100913;4156.8;11;10234383217;S
20240429;100918;4157;1;10234384333;S
20240429;100921;4157;31;10234384671;S
20240429;100921;4157;19;10234384672;S
20240429;100929;4157.600000000001;12;10234385559;B
20240429;100930;4157;8;10234385829;S
20240429;100945;4158;1;10234387709;B
20240429;100950;4158;1;10234388286;B
20240429;100950;4158.2;14;10234388287;B
20240429;100950;4158.4;2;10234388288;B
20240429;100950;4158.4;49;10234388289;B
20240429;100950;4158.600000000001;6;10234388290;B
20240429;100950;4158.8;1;10234388291;B
20240429;100950;4158.8;1;10234388292;B
20240429;100950;4159.2;12;10234388293;B
20240429;100950;4159.600000000001;6;10234388294;B
20240429;100950;4159.8;2;10234388295;B
20240429;100950;4160;186;10234388296;B
20240429;100951;4158.8;2;10234388414;S
20240429;100952;4159;32;10234388524;S
20240429;100952;4158.8;3;10234388525;S
20240429;100957;4159.8;13;10234389192;B
20240429;100957;4159.8;8;10234389193;B
20240429;100957;4160;116;10234389194;B
20240429;100957;4160;1;10234389195;B
20240429;100957;4160;2;10234389196;B
20240429;100957;4160;50;10234389197;B
20240429;100957;4160;19;10234389198;B
20240429;100957;4160;12;10234389199;B
20240429;100957;4160;10;10234389200;B
20240429;100958;4161.4;2;10234389352;B
20240429;100958;4161.4;1;10234389353;B
20240429;100958;4161.4;17;10234389354;B
20240429;101005;4161.4;1;10234390410;B
20240429;101011;4161.4;58;10234390981;B
20240429;101016;4161.8;2;10234391731;B
20240429;101023;4161.8;105;10234392788;B
20240429;101023;4161.8;3;10234392790;B
20240429;101029;4161.8;26;10234393474;B
20240429;101029;4162;2;10234393475;B
20240429;101029;4162.2;1;10234393476;B
20240429;101029;4162.2;3;10234393477;B
20240429;101031;4163.2;11;10234393769;S
20240429;101039;4163.2;2;10234395334;S
20240429;101051;4163.8;37;10234396963;B
20240429;101051;4163.8;13;10234396964;B
20240429;101051;4164;12;10234396965;B
20240429;101051;4164;43;10234396966;B
20240429;101051;4165;40;10234396967;B
20240429;101051;4165.2;10;10234396968;B
20240429;101051;4166;2;10234396969;B
20240429;101051;4166;13;10234396970;B
20240429;101051;4166;30;10234396971;B
20240429;101057;4165.8;10;10234397612;B
20240429;101100;4165.8;1;10234398025;B
20240429;101100;4167.2;5;10234398040;B
20240429;101105;4167.2;50;10234398673;S
20240429;101105;4167.2;32;10234398674;S
20240429;101105;4167;18;10234398675;S
20240429;101105;4167.4;1;10234398710;B
20240429;101105;4168;7;10234398711;B
20240429;101105;4168.2;12;10234398712;B
20240429;101105;4169;50;10234398713;B
20240429;101105;4169;34;10234398714;B
20240429;101105;4169;21;10234398715;B
20240429;101105;4168.600000000001;18;10234398745;B
20240429;101108;4169;16;10234399026;B
20240429;101108;4169.2;4;10234399027;B
20240429;101108;4167;5;10234399082;S
20240429;101108;4167;15;10234399083;S
20240429;101108;4168.2;40;10234399092;B
20240429;101108;4168.4;5;10234399093;B
20240429;101108;4168.600000000001;5;10234399094;B
20240429;101111;4169;25;10234399319;B
20240429;101113;4167.600000000001;20;10234399505;B
20240429;101121;4167.600000000001;15;10234400713;B
20240429;101123;4168;32;10234400935;B
20240429;101123;4168.2;24;10234400936;B
20240429;101123;4168.2;7;10234400937;B
20240429;101123;4168.4;35;10234400938;B
20240429;101127;4168.2;10;10234401531;B
20240429;101129;4168.4;10;10234401705;B
20240429;101130;4168.4;7;10234401882;B
20240429;101132;4168.2;24;10234402047;S
20240429;101135;4168.2;6;10234402314;S
20240429;101135;4166.600000000001;4;10234402315;S
20240429;101135;4166.600000000001;32;10234402316;S
20240429;101135;4166.4;40;10234402317;S
20240429;101135;4166;1;10234402318;S
20240429;101135;4166;11;10234402319;S
20240429;101135;4165.8;22;10234402321;S
20240429;101135;4165.8;11;10234402322;S
20240429;101135;4165.8;22;10234402323;S
20240429;101135;4165.8;33;10234402324;S
20240429;101135;4165.8;18;10234402325;S
20240429;101139;4166;9;10234402918;B
20240429;101140;4165.600000000001;5;10234403019;B
20240429;101145;4164.4;32;10234403631;S
20240429;101145;4164.4;25;10234403632;S
20240429;101153;4163.4;4;10234404579;S
20240429;101155;4164.4;12;10234404742;B
20240429;101155;4164.600000000001;32;10234404743;B
20240429;101155;4164.600000000001;14;10234404744;B
20240429;101155;4164.8;48;10234404745;B
20240429;101155;4165.2;4;10234404746;B
20240429;101155;4165.4;40;10234404747;B
20240429;101155;4165.600000000001;5;10234404748;B
20240429;101155;4165.600000000001;1;10234404749;B
20240429;101155;4165.600000000001;37;10234404750;B
20240429;101155;4165.8;110;10234404751;B
20240429;101155;4166;197;10234404752;B
20240429;101209;4165;2;10234406554;S
20240429;101214;4165;3;10234407084;S
20240429;101214;4164.8;1;10234407104;B
20240429;101216;4164.4;1;10234407354;S
20240429;101218;4164.8;1;10234407485;B
20240429;101221;4164.8;31;10234407795;B
20240429;101221;4165;62;10234407796;B
20240429;101221;4165;7;10234407797;B
20240429;101222;4165.4;12;10234407909;B
20240429;101222;4165.600000000001;14;10234407910;B
20240429;101222;4165.8;9;10234407911;B
20240429;101231;4164.8;7;10234408705;S
20240429;101233;4165.8;12;10234408835;B
20240429;101233;4165.8;1;10234408836;B
20240429;101238;4165.8;3;10234409255;S
20240429;101239;4165;12;10234409518;B
20240429;101244;4165;10;10234410117;B
20240429;101246;4165;1;10234410302;B
20240429;101301;4165;10;10234411770;B
20240429;101305;4164.600000000001;1;10234412147;S
20240429;101306;4165;10;10234412215;B
20240429;101311;4165;4;10234412655;B
20240429;101313;4165;20;10234412923;B
20240429;101316;4164.600000000001;1;10234413319;S
20240429;101318;4164.600000000001;1;10234413472;S
20240429;101319;4165;4;10234413542;B
20240429;101325;4165;1;10234414641;B
20240429;101326;4164.8;2;10234414762;B
20240429;101334;4164.8;3;10234415489;B
20240429;101336;4164.600000000001;1;10234415693;S
20240429;101336;4164.600000000001;15;10234415694;S
20240429;101336;4164.4;62;10234415695;S
20240429;101336;4164.4;2;10234415696;S
20240429;101336;4164.2;5;10234415697;S
20240429;101336;4164.2;4;10234415698;S
20240429;101336;4164;40;10234415699;S
20240429;101336;4163.2;6;10234415700;S
20240429;101336;4163.2;60;10234415701;S
20240429;101336;4163;218;10234415702;S
20240429;101336;4163;5;10234415703;S
20240429;101336;4162.600000000001;12;10234415704;S
20240429;101342;4162.600000000001;1;10234416342;B
20240429;101346;4162.600000000001;1;10234416774;B
20240429;101408;4161.8;20;10234419369;S
20240429;101408;4161.8;2;10234419370;S
20240429;101417;4161.4;2;10234420364;B
20240429;101418;4160.4;5;10234420423;S
20240429;101418;4160.2;1;10234420424;S
20240429;101418;4160;10;10234420425;S
20240429;101418;4159.8;15;10234420426;S
20240429;101418;4159.600000000001;40;10234420427;S
20240429;101418;4158;10;10234420428;S
20240429;101418;4158;1;10234420429;S
20240429;101418;4157.8;1;10234420430;S
20240429;101418;4157.8;2;10234420431;S
20240429;101418;4157.600000000001;73;10234420432;S
20240429;101418;4157.600000000001;24;10234420433;S
20240429;101422;4159.600000000001;3;10234420755;B
20240429;101422;4159.600000000001;2;10234420756;B
20240429;101424;4159.600000000001;1;10234421124;B
20240429;101433;4158.8;73;10234422266;B
20240429;101433;4158.8;2;10234422267;B
20240429;101433;4158.8;25;10234422268;B
20240429;101442;4158.8;30;10234423218;B
20240429;101442;4158.8;13;10234423219;B
20240429;101442;4159;70;10234423220;B
20240429;101442;4159;45;10234423221;B
20240429;101442;4159.2;2;10234423222;B
20240429;101442;4160;12;10234423223;B
20240429;101442;4160.2;32;10234423224;B
20240429;101442;4160.2;73;10234423225;B
20240429;101442;4160.4;37;10234423226;B
20240429;101442;4160.4;16;10234423227;B
20240429;101442;4160.8;20;10234423228;B
20240429;101449;4160.4;5;10234423901;S
20240429;101449;4160.2;12;10234423902;S
20240429;101449;4160.2;50;10234423903;S
20240429;101449;4160.2;33;10234423904;S
20240429;101455;4160.4;1;10234424681;S
20240429;101500;4160.4;4;10234425374;S
20240429;101500;4158.600000000001;2;10234425375;S
20240429;101500;4159.8;1;10234425390;S
20240429;101500;4159.8;2;10234425392;S
20240429;101500;4158.600000000001;3;10234425393;S
20240429;101500;4158.600000000001;2;10234425394;S
20240429;101500;4158.4;14;10234425395;S
20240429;101500;4158.4;23;10234425396;S
20240429;101500;4157.8;4;10234425397;S
20240429;101500;4157.8;12;10234425398;S
20240429;101500;4157.8;7;10234425399;S
20240429;101500;4157.4;3;10234425400;S
20240429;101512;4160.8;4;10234428594;B
20240429;101512;4160.8;65;10234428595;B
20240429;101512;4161;31;10234428596;B
20240429;101513;4161.4;5;10234428773;B
20240429;101513;4161.600000000001;1;10234428775;B
20240429;101513;4162.600000000001;4;10234428776;B
20240429;101513;4162.600000000001;5;10234428945;B
20240429;101514;4162.600000000001;1;10234429032;B
20240429;101514;4162.600000000001;9;10234429177;B
20240429;101515;4161.8;3;10234429341;S
20240429;101516;4162.600000000001;5;10234429518;B
20240429;101516;4162.600000000001;6;10234429567;B
20240429;101518;4162.600000000001;3;10234429827;B
20240429;101519;4162.600000000001;1;10234430110;B
20240429;101520;4162.600000000001;2;10234430340;B
20240429;101521;4162.4;5;10234430528;B
20240429;101522;4162;5;10234430784;B
20240429;101522;4162;4;10234430795;B
20240429;101522;4162;1;10234430850;B
20240429;101522;4162;1;10234430866;B
20240429;101523;4161.8;50;10234430872;S
20240429;101523;4162;9;10234430901;B
20240429;101523;4162.4;4;10234430902;B
20240429;101523;4162.4;2;10234430933;B
20240429;101523;4162.600000000001;2;10234431050;B
20240429;101524;4162.600000000001;1;10234431169;B
20240429;101524;4162.600000000001;9;10234431189;B
20240429;101524;4162.600000000001;1;10234431226;B
20240429;101525;4162.600000000001;1;10234431352;B
20240429;101525;4162.600000000001;2;10234431459;B
20240429;101526;4162.600000000001;36;10234431568;B
20240429;101527;4162.600000000001;11;10234431710;B
20240429;101527;4162.600000000001;23;10234431711;B
20240429;101527;4162.600000000001;24;10234431712;B
20240429;101527;4162.600000000001;3;10234431713;B
20240429;101527;4162.600000000001;37;10234431714;B
20240429;101527;4163.8;29;10234431715;B
20240429;101527;4163.8;8;10234431716;B
20240429;101527;4164;1;10234431718;B
20240429;101529;4163;32;10234432160;S
20240429;101529;4163;70;10234432161;S
20240429;101531;4163.2;2;10234432607;S
20240429;101535;4164.8;9;10234433559;B
20240429;101536;4164.8;2;10234434058;B
20240429;101538;4164.8;26;10234434296;B
20240429;101538;4165;1;10234434297;B
20240429;101538;4165;1;10234434298;B
20240429;101538;4165;86;10234434299;B
20240429;101539;4165;1;10234434736;B
20240429;101543;4165;12;10234435711;B
20240429;101549;4165;1;10234436823;B
20240429;101549;4165;1;10234436847;B
20240429;101551;4165;1;10234437202;B
20240429;101551;4165;23;10234437340;B
20240429;101552;4165;5;10234437429;B
20240429;101552;4165;5;10234437430;B
20240429;101553;4165.2;20;10234437732;B
20240429;101553;4165.2;5;10234437764;B
20240429;101553;4165.2;24;10234437765;B
20240429;101553;4165.8;3;10234437795;B
20240429;101553;4166;10;10234437796;B
20240429;101553;4166;6;10234437797;B
20240429;101553;4166;26;10234437800;B
20240429;101555;4166.4;2;10234438146;S
20240429;101555;4166.2;11;10234438147;S
20240429;101555;4167.2;2;10234438290;B
20240429;101557;4167.2;5;10234438797;B
20240429;101559;4167.2;11;10234439200;B
20240429;101602;4167;30;10234439759;B
20240429;101602;4167.2;37;10234439760;B
20240429;101602;4167.4;40;10234439761;B
20240429;101602;4167.600000000001;2;10234439762;B
20240429;101602;4168;1;10234439763;B
20240429;101602;4168.2;40;10234439764;B
20240429;101602;4168.4;32;10234439769;S
20240429;101603;4168.600000000001;1;10234440007;B
20240429;101603;4169.2;10;10234440008;B
20240429;101603;4169.8;1;10234440009;B
20240429;101603;4169.8;3;10234440010;B
20240429;101610;4168.8;12;10234441376;B
20240429;101615;4169.8;1;10234442125;B
20240429;101619;4168.600000000001;1;10234442772;B
20240429;101619;4168.600000000001;1;10234442774;B
20240429;101621;4169.2;1;10234443044;B
20240429;101622;4169.4;2;10234443152;B
20240429;101624;4169.2;1;10234443354;B
20240429;101626;4169;1;10234443720;B
20240429;101626;4168.8;10;10234443795;B
20240429;101626;4169.600000000001;2;10234443799;B
20240429;101627;4169.600000000001;1;10234443857;B
20240429;101630;4169.600000000001;28;10234444409;S
20240429;101630;4169.600000000001;4;10234444410;S
20240429;101638;4169;12;10234445915;B
20240429;101638;4169;53;10234445916;B
20240429;101638;4169.4;20;10234445917;B
20240429;101638;4169.8;15;10234445918;B
20240429;101639;4170;1;10234446061;B
20240429;101639;4170;4;10234446062;B
20240429;101642;4169.8;1;10234446883;B
20240429;101642;4170;5;10234446884;B
20240429;101642;4170;3;10234446885;B
20240429;101642;4170;1;10234446886;B
20240429;101642;4170;99;10234446907;B
20240429;101642;4170;18;10234446908;B
20240429;101642;4170;160;10234446909;B
20240429;101642;4170;80;10234446910;B
20240429;101642;4170.4;36;10234446911;B
20240429;101642;4170.8;1;10234446913;S
20240429;101642;4170.8;56;10234446914;S
20240429;101643;4171;10;10234447023;B
20240429;101643;4171;8;10234447024;B
20240429;101643;4171.4;4;10234447025;B
20240429;101643;4171.8;37;10234447026;B
20240429;101643;4172;20;10234447027;B
20240429;101643;4172.600000000001;1;10234447028;B
20240429;101644;4172.600000000001;10;10234447120;B
20240429;101644;4172.600000000001;1;10234447129;B
20240429;101644;4172.600000000001;1;10234447135;B
20240429;101644;4172.600000000001;1;10234447177;B
20240429;101644;4172.600000000001;24;10234447208;B
20240429;101644;4172.8;1;10234447209;B
20240429;101644;4172.8;25;10234447210;B
20240429;101645;4173.2;15;10234447326;B
20240429;101645;4173;1;10234447330;S
20240429;101645;4173;2;10234447331;S
20240429;101645;4173;3;10234447332;S
20240429;101645;4173;26;10234447333;S
20240429;101645;4173;6;10234447334;S
20240429;101645;4171.2;142;10234447336;S
20240429;101646;4172.4;27;10234447551;B
20240429;101647;4172.4;1;10234447711;B
20240429;101647;4171.8;2;10234447714;S
20240429;101648;4171.4;1;10234448018;B
20240429;101649;4171.4;1;10234448069;B
20240429;101649;4171.600000000001;1;10234448146;B
20240429;101649;4171.600000000001;1;10234448186;B
20240429;101650;4171.600000000001;8;10234448295;B
20240429;101650;4171.2;1;10234448314;B
20240429;101651;4171.8;1;10234448370;B
20240429;101651;4171.4;40;10234448371;B
20240429;101651;4171.600000000001;6;10234448456;B
20240429;101651;4172;32;10234448458;B
20240429;101651;4172.2;12;10234448459;B
20240429;101651;4172.4;40;10234448460;B
20240429;101651;4172.600000000001;10;10234448461;B
20240429;101651;4172.8;26;10234448462;B
20240429;101651;4173;50;10234448477;S
20240429;101652;4173.2;5;10234448591;B
20240429;101652;4173.600000000001;32;10234448592;B
20240429;101652;4173.600000000001;30;10234448593;B
20240429;101652;4173.2;1;10234448624;B
20240429;101652;4173;32;10234448632;B
20240429;101652;4173.2;35;10234448633;B
20240429;101652;4173.4;1;10234448649;B
20240429;101652;4173.4;1;10234448670;B
20240429;101652;4173.4;10;10234448677;B
20240429;101654;4172.600000000001;32;10234449038;B
20240429;101654;4172.8;38;10234449039;B
20240429;101654;4173.2;30;10234449040;B
20240429;101658;4173;32;10234449598;B
20240429;101658;4173.2;54;10234449599;B
20240429;101658;4173.2;14;10234449600;B
20240429;101658;4173.600000000001;8;10234449710;B
20240429;101659;4172.2;4;10234449914;S
20240429;101700;4173.600000000001;1;10234450023;B
20240429;101700;4173.8;1;10234450024;B
20240429;101700;4172.2;1;10234450051;S
20240429;101701;4173.8;2;10234450105;B
20240429;101707;4172.8;1;10234451479;S
20240429;101708;4173;10;10234451684;S
20240429;101708;4173;1;10234451695;S
20240429;101709;4173;19;10234451708;S
20240429;101709;4171.8;1;10234451903;S
20240429;101709;4171.8;1;10234451905;S
20240429;101709;4171.600000000001;1;10234451946;S
20240429;101712;4171.8;9;10234452405;B
20240429;101712;4171.600000000001;6;10234452435;S
20240429;101712;4171.8;1;10234452468;B
20240429;101713;4171.8;2;10234452547;B
20240429;101713;4171.8;10;10234452616;B
20240429;101714;4171.8;1;10234452702;B
20240429;101714;4171.8;1;10234452791;B
20240429;101714;4171.8;7;10234452792;B
20240429;101714;4171.600000000001;1;10234452842;S
20240429;101714;4171.8;1;10234452861;B
20240429;101715;4171.8;8;10234453051;B
20240429;101716;4171.8;1;10234453129;B
20240429;101716;4172;2;10234453285;B
20240429;101716;4172;10;10234453291;B
20240429;101717;4171.8;1;10234453389;B
20240429;101717;4171.8;1;10234453478;B
20240429;101718;4171.8;1;10234453516;B
20240429;101718;4171.600000000001;2;10234453517;S
20240429;101718;4171.600000000001;10;10234453518;S
20240429;101718;4171.600000000001;10;10234453519;S
20240429;101718;4171.4;3;10234453553;B
20240429;101718;4171.4;2;10234453632;B
20240429;101720;4171.4;1;10234453993;B
20240429;101721;4171;1;10234454187;B
20240429;101722;4171;1;10234454239;B
20240429;101723;4171;1;10234454472;B
20240429;101723;4171;2;10234454508;B
20240429;101724;4171;1;10234454577;B
20240429;101724;4171;5;10234454598;B
20240429;101724;4171;3;10234454617;B
20240429;101725;4171;18;10234454778;B
20240429;101725;4171;5;10234454779;B
20240429;101726;4171;2;10234454825;B
20240429;101727;4171;3;10234455007;B
20240429;101728;4171;1;10234455288;B
20240429;101728;4171;10;10234455306;B
20240429;101728;4171;8;10234455343;B
20240429;101729;4171.2;12;10234455374;B
20240429;101731;4171.2;4;10234455660;B
20240429;101731;4171;1;10234455673;B
20240429;101734;4171;5;10234456132;B
20240429;101734;4171;5;10234456206;B
20240429;101736;4171;1;10234456430;B
20240429;101745;4171;1;10234457704;B
20240429;101745;4171;1;10234457713;B
20240429;101747;4171.2;50;10234457890;B
20240429;101747;4171;6;10234457970;S
20240429;101748;4171;1;10234458119;B
20240429;101749;4171;23;10234458160;B
20240429;101749;4171.2;7;10234458161;B
20240429;101749;4171.4;20;10234458162;B
20240429;101750;4172;1;10234458334;B
20240429;101751;4172;1;10234458433;B
20240429;101755;4172;1;10234458993;B
20240429;101756;4172;10;10234459076;B
20240429;101758;4172;10;10234459436;B
20240429;101800;4172;8;10234459816;B
20240429;101802;4171.8;10;10234460371;S
20240429;101802;4172;1;10234460550;B
20240429;101803;4172;1;10234460854;B
20240429;101805;4172;1;10234461118;B
20240429;101809;4172;9;10234461932;B
20240429;101812;4172;10;10234462422;B
20240429;101815;4172;1;10234462740;B
20240429;101816;4172;2;10234462888;B
20240429;101818;4172;30;10234463101;B
20240429;101823;4172;1;10234463860;B
20240429;101826;4172;41;10234464270;B
20240429;101826;4172;9;10234464271;B
20240429;101826;4172;9;10234464272;B
20240429;101826;4172;1;10234464273;B
20240429;101829;4172.4;8;10234464768;B
20240429;101829;4172.600000000001;2;10234464769;B
20240429;101838;4172.600000000001;37;10234466117;B
20240429;101838;4172.8;5;10234466118;B
20240429;101838;4172.8;19;10234466119;B
20240429;101838;4173;30;10234466120;B
20240429;101838;4173;9;10234466121;B
20240429;101844;4172.8;37;10234466923;B
20240429;101844;4172.8;5;10234466924;B
20240429;101844;4173;1;10234466925;B
20240429;101844;4173;7;10234466926;B
20240429;101845;4173.8;1;10234466994;B
20240429;101845;4174;1;10234466995;B
20240429;101845;4174;1;10234466996;B
20240429;101845;4174;1;10234466997;B
20240429;101845;4174;10;10234466998;B
20240429;101845;4174.2;32;10234466999;B
20240429;101845;4174.2;11;10234467000;B
20240429;101845;4174.4;37;10234467001;B
20240429;101850;4174.8;4;10234467788;B
20240429;101850;4174.8;1;10234467789;B
20240429;101850;4174.8;40;10234467790;B
20240429;101850;4174.8;10;10234467791;B
20240429;101850;4175;12;10234467792;B
20240429;101850;4174.8;32;10234467832;S
20240429;101851;4174.8;32;10234468009;B
20240429;101851;4174.8;73;10234468010;B
20240429;101851;4175;25;10234468011;B
20240429;101853;4174.8;1;10234468276;B
20240429;101856;4174.8;41;10234468795;B
20240429;101856;4174.8;5;10234468882;B
20240429;101856;4175;45;10234468883;B
20240429;101902;4175;20;10234469852;B
20240429;101906;4174.4;10;10234470381;S
20240429;101906;4174.4;12;10234470382;S
20240429;101906;4174.4;1;10234470383;S
20240429;101907;4173.8;1;10234470543;B
20240429;101910;4173.8;1;10234471222;B
20240429;101910;4174;27;10234471223;B
20240429;101910;4175;72;10234471224;B
20240429;101911;4174.8;2;10234471569;B
20240429;101912;4175;100;10234471922;B
20240429;101913;4175;3;10234472399;B
20240429;101915;4175;100;10234472883;B
20240429;101918;4175;27;10234473429;B
20240429;101926;4174;32;10234474603;S
20240429;101926;4174;18;10234474604;S
20240429;101927;4174.600000000001;11;10234474820;B
20240429;101929;4174.600000000001;19;10234475174;B
20240429;101929;4174.600000000001;19;10234475175;B
20240429;101929;4174.600000000001;27;10234475176;B
20240429;101929;4175;5;10234475177;B
20240429;101930;4175;25;10234475342;B
20240429;101931;4174.4;3;10234475427;S
20240429;101934;4175;25;10234476152;B
20240429;101940;4175;40;10234477984;B
20240429;101941;4174.4;29;10234478127;S
20240429;101941;4174.2;19;10234478128;S
20240429;101941;4174.2;12;10234478129;S
20240429;101941;4174;82;10234478130;S
20240429;101943;4174;200;10234478542;B
20240429;101945;4174;3;10234478843;B
20240429;101947;4174;1;10234479059;B
20240429;101950;4174;115;10234479461;B
20240429;101951;4174;55;10234479663;B
20240429;101951;4174;19;10234479664;B
20240429;101951;4174.4;10;10234479665;B
20240429;101951;4175;4;10234479666;B
20240429;101951;4175;1;10234479667;B
20240429;101951;4175;1;10234479668;B
20240429;101951;4175;30;10234479669;B
20240429;101951;4175;50;10234479670;B
20240429;101951;4175;30;10234479671;B
20240429;101952;4174.600000000001;5;10234479855;S
20240429;102004;4174.8;5;10234482420;B
20240429;102026;4173.8;5;10234491402;S
20240429;102028;4174;1;10234493565;B
20240429;102030;4174;1;10234493908;S
20240429;102030;4173.8;5;10234493909;S
20240429;102030;4173.8;1;10234493910;S
20240429;102030;4173.8;1;10234493911;S
20240429;102030;4173.8;2;10234493922;B
20240429;102030;4174.2;1;10234493959;B
20240429;102030;4173.8;1;10234493973;S
20240429;102049;4174;1;10234503284;S
20240429;102049;4173.8;7;10234503285;S
20240429;102049;4173.8;1;10234503286;S
20240429;102049;4173.8;1;10234503287;S
20240429;102049;4173.600000000001;10;10234503292;B
20240429;102049;4173.600000000001;1;10234503294;B
20240429;102049;4173.600000000001;1;10234503295;B
20240429;102049;4173.600000000001;10;10234503303;B
20240429;102049;4173.600000000001;1;10234503312;B
20240429;102049;4173.600000000001;1;10234503331;B
20240429;102049;4173.600000000001;9;10234503534;B
20240429;102049;4174.4;20;10234503535;B
20240429;102104;4174.8;5;10234508870;B
20240429;102104;4174.8;5;10234508871;B
20240429;102104;4174.8;1;10234508872;B
20240429;102104;4174.8;1;10234508873;B
20240429;102104;4174.8;4;10234508874;B
20240429;102104;4175;9;10234508875;B
20240429;102111;4174.4;1;10234511482;S
20240429;102118;4174;10;10234513225;B
20240429;102121;4174;7;10234514820;B
20240429;102126;4173.8;1;10234516917;S
20240429;102126;4173.8;1;10234516918;S
20240429;102126;4173.8;1;10234516919;S
20240429;102126;4173.600000000001;10;10234517253;B
20240429;102126;4173.600000000001;1;10234517275;B
20240429;102126;4173.600000000001;1;10234517288;B
20240429;102126;4173.600000000001;10;10234517481;B
20240429;102126;4173.8;1;10234517492;B
20240429;102126;4174.600000000001;31;10234517537;S
20240429;102133;4174;4;10234520206;B
20240429;102133;4174;1;10234520207;B
20240429;102145;4174;36;10234525259;B
20240429;102145;4174;1;10234525260;B
20240429;102145;4174;1;10234525261;B
20240429;102145;4174.2;12;10234525262;B
20240429;102145;4174.2;4;10234525263;B
20240429;102145;4174.4;32;10234525264;B
20240429;102145;4174.4;59;10234525265;B
20240429;102145;4174.4;1;10234525323;B
20240429;102155;4173.8;1;10234528042;S
20240429;102155;4173.8;1;10234528043;S
20240429;102200;4173.8;9;10234530009;S
20240429;102200;4173.8;1;10234530010;S
20240429;102200;4173.2;10;10234530095;B
20240429;102200;4173.2;5;10234530127;B
20240429;102201;4173;12;10234530691;S
20240429;102202;4172;20;10234531352;S
20240429;102202;4171.8;1;10234531353;S
20240429;102202;4171.4;3;10234531354;S
20240429;102202;4170.2;2;10234531380;S
20240429;102202;4170.2;1;10234531381;S
20240429;102202;4170.2;3;10234531382;S
20240429;102202;4170;20;10234531383;S
20240429;102202;4169.8;50;10234531384;S
20240429;102202;4169.8;29;10234531385;S
20240429;102202;4169.2;2;10234531428;S
20240429;102203;4169;11;10234531800;S
20240429;102203;4169;1;10234531801;S
20240429;102203;4168.2;1;10234531802;S
20240429;102203;4167.8;37;10234531803;S
20240429;102220;4169;50;10234540159;S
20240429;102233;4169;20;10234546503;B
20240429;102249;4168.600000000001;1;10234554980;S
20240429;102252;4168.600000000001;4;10234556098;S
20240429;102255;4168.2;9;10234557042;S
20240429;102255;4168;20;10234557043;S
20240429;102255;4167.2;2;10234557044;S
20240429;102255;4167;1;10234557045;S
20240429;102255;4166.4;37;10234557046;S
20240429;102255;4165.8;1;10234557047;S
20240429;102255;4165.4;26;10234557048;S
20240429;102255;4165.4;4;10234557049;S
20240429;102255;4166.600000000001;2;10234557193;B
20240429;102255;4167;2;10234557194;S
20240429;102257;4166;2;10234557585;S
20240429;102257;4165.600000000001;2;10234557586;S
20240429;102257;4165.600000000001;3;10234557587;S
20240429;102258;4165;10;10234559928;S
20240429;102258;4165;4;10234559929;S
20240429;102302;4166.2;8;10234561619;B
20240429;102316;4165.4;1;10234568453;B
20240429;102326;4165;11;10234574150;S
20240429;102326;4165;11;10234574316;B
20240429;102326;4165.4;9;10234574317;B
20240429;102326;4165.4;30;10234574318;B
20240429;102326;4165.600000000001;2;10234574319;B
20240429;102327;4166.2;1;10234574510;S
20240429;102328;4166.2;1;10234574961;S
20240429;102331;4167.8;1;10234575756;B
20240429;102337;4165.8;2;10234578709;S
20240429;102337;4165.8;8;10234578710;S
20240429;102337;4165.600000000001;91;10234578711;S
20240429;102337;4164.2;5;10234578712;S
20240429;102337;4164.2;12;10234578713;S
20240429;102337;4164.2;14;10234578714;S
20240429;102343;4166.2;24;10234579853;B
20240429;102343;4165.2;1;10234580432;S
20240429;102343;4165;7;10234580433;S
20240429;102344;4165.600000000001;9;10234580852;S
20240429;102344;4164.8;2;10234580857;S
20240429;102344;4164.4;6;10234580858;S
20240429;102344;4164.4;24;10234580859;S
20240429;102344;4164;10;10234580870;S
20240429;102344;4164;7;10234580872;S
20240429;102344;4164;19;10234580879;S
20240429;102344;4164;8;10234580880;S
20240429;102344;4164;6;10234580882;S
20240429;102344;4164;5;10234580883;S
20240429;102344;4164;5;10234580884;S
20240429;102344;4163.8;1;10234580885;S
20240429;102344;4163.2;8;10234580890;S
20240429;102344;4163.2;7;10234580893;S
20240429;102344;4163.2;11;10234580897;S
20240429;102344;4163.2;4;10234580898;S
20240429;102344;4163;3;10234580899;S
20240429;102344;4163;2;10234580901;S
20240429;102344;4162.600000000001;1;10234580902;S
20240429;102344;4162.2;7;10234580903;S
20240429;102344;4162.2;30;10234580906;S
20240429;102344;4162;19;10234580907;S
20240429;102344;4162;13;10234580908;S
20240429;102344;4162;3;10234580910;S
20240429;102344;4161.8;6;10234580911;S
20240429;102344;4161;4;10234580912;S
20240429;102344;4161;24;10234580913;S
20240429;102344;4161;7;10234580916;S
20240429;102344;4161.2;30;10234580920;S
20240429;102344;4161;8;10234580921;S
20240429;102344;4161;20;10234580923;S
20240429;102344;4161;7;10234580925;S
20240429;102344;4161;7;10234580927;S
20240429;102344;4161;9;10234580928;S
20240429;102344;4161;8;10234580929;S
20240429;102345;4162.600000000001;5;10234582208;B
20240429;102349;4162.600000000001;9;10234583448;B
20240429;102350;4162.600000000001;6;10234583538;B
20240429;102400;4164;1;10234587628;B
20240429;102400;4163;1;10234587665;S
20240429;102402;4163.2;1;10234588481;S
20240429;102402;4162.2;6;10234588482;S
20240429;102417;4161.8;2;10234595473;B
20240429;102428;4161.2;3;10234599447;S
20240429;102430;4161.600000000001;7;10234599746;B
20240429;102430;4161.8;43;10234599747;B
20240429;102438;4161;10;10234603132;B
20240429;102443;4160.8;7;10234605201;S
20240429;102443;4160.4;10;10234605202;S
20240429;102454;4160.8;6;10234609685;B
20240429;102454;4160.8;50;10234609686;B
20240429;102454;4161;40;10234609687;B
20240429;102454;4161;7;10234609688;B
20240429;102454;4161;19;10234609689;B
20240429;102454;4161.4;5;10234609690;B
20240429;102454;4161.600000000001;12;10234609691;B
20240429;102454;4161.8;2;10234609692;B
20240429;102454;4162;69;10234609693;B
20240429;102455;4161.4;1;10234609795;B
20240429;102455;4161.4;4;10234609796;B
20240429;102455;4161.4;5;10234609804;S
20240429;102455;4162;84;10234609808;B
20240429;102455;4162;30;10234609809;B
20240429;102455;4162;261;10234609810;B
20240429;102455;4162;11;10234609811;B
20240429;102455;4162;45;10234609812;B
20240429;102455;4162.600000000001;1;10234609813;B
20240429;102455;4162.8;17;10234609814;B
20240429;102455;4163.4;2;10234609817;S
20240429;102455;4162.8;3;10234609818;S
20240429;102455;4162.600000000001;5;10234609835;S
20240429;102455;4162.600000000001;5;10234609842;S
20240429;102455;4162.600000000001;5;10234609846;S
20240429;102455;4162.2;5;10234609853;S
20240429;102455;4162.2;5;10234609858;S
20240429;102508;4162.2;1;10234614108;S
20240429;102508;4162;10;10234614109;S
20240429;102508;4162;2;10234614110;S
20240429;102508;4161.8;37;10234614111;S
20240429;102508;4162.2;1;10234614147;B
20240429;102511;4162;50;10234614828;S
20240429;102511;4162;63;10234614829;S
20240429;102511;4162;50;10234614830;S
20240429;102511;4162;73;10234614831;S
20240429;102511;4162;32;10234614832;S
20240429;102511;4161.8;50;10234614833;S
20240429;102511;4161.4;11;10234614834;S
20240429;102512;4162.2;11;10234615818;B
20240429;102512;4162.8;2;10234615819;B
20240429;102512;4162.8;12;10234615820;B
20240429;102512;4163.4;50;10234615821;B
20240429;102512;4163.4;120;10234615822;B
20240429;102512;4163.8;5;10234615823;B
20240429;102514;4163.4;1;10234616204;S
20240429;102519;4160.8;2;10234618767;S
20240429;102519;4160.8;15;10234618768;S
20240429;102519;4160.600000000001;144;10234618769;S
20240429;102519;4160.600000000001;40;10234618770;S
20240429;102519;4160.4;37;10234618771;S
20240429;102519;4160.2;2;10234618772;S
20240429;102519;4160.2;1;10234618773;S
20240429;102519;4160;4;10234618774;S
20240429;102519;4160;82;10234618775;S
20240429;102519;4160;12;10234618776;S
20240429;102519;4160;3;10234618785;B
20240429;102523;4160;23;10234619486;B
20240429;102524;4160;20;10234619619;B
20240429;102528;4160;2;10234621815;B
20240429;102529;4160;1;10234621890;B
20240429;102529;4160;1;10234621939;B
20240429;102530;4160;2;10234621996;B
20240429;102534;4159.8;15;10234623762;B
20240429;102534;4159.8;8;10234623763;B
20240429;102534;4160;4;10234623764;B
20240429;102542;4159.8;1;10234625900;B
20240429;102603;4159.600000000001;1;10234633475;B
20240429;102607;4159;2;10234635129;S
20240429;102607;4159;5;10234635130;S
20240429;102607;4158.600000000001;8;10234635131;S
20240429;102607;4158.4;1;10234635132;S
20240429;102607;4158.4;37;10234635133;S
20240429;102607;4158.2;5;10234635134;S
20240429;102607;4158.2;40;10234635135;S
20240429;102607;4158;1;10234635136;S
20240429;102608;4158;1;10234635218;B
20240429;102615;4157.8;1;10234637950;S
20240429;102615;4158;1;10234637982;B
20240429;102620;4157.8;4;10234639317;S
20240429;102621;4157.8;1;10234639916;B
20240429;102623;4157;1;10234640590;S
20240429;102623;4157;1;10234640591;S
20240429;102623;4157;8;10234640592;S
20240429;102627;4157;24;10234642117;S
20240429;102627;4156.8;1;10234642118;S
20240429;102627;4156.8;1;10234642119;S
20240429;102627;4156.8;1;10234642120;S
20240429;102627;4156.8;30;10234642121;S
20240429;102627;4156.8;7;10234642122;S
20240429;102627;4156;1;10234642123;S
20240429;102627;4156;20;10234642124;S
20240429;102629;4157.4;2;10234642624;B
20240429;102631;4157.4;3;10234642850;B
20240429;102632;4157;1;10234642995;S
20240429;102639;4156.8;8;10234646577;B
20240429;102639;4156.8;15;10234646578;B
20240429;102642;4157;1;10234646938;B
20240429;102642;4156.600000000001;1;10234646943;S
20240429;102642;4156.4;8;10234646944;S
20240429;102642;4156.2;15;10234646945;S
20240429;102642;4156.2;37;10234646946;S
20240429;102649;4156.2;15;10234649262;B
20240429;102651;4156;3;10234649435;S
20240429;102652;4156;1;10234649584;S
20240429;102652;4156;26;10234649586;S
20240429;102652;4156;20;10234649587;S
20240429;102652;4156;5;10234649588;S
20240429;102652;4156;1;10234649589;S
20240429;102652;4155.8;10;10234649590;S
20240429;102652;4155.8;4;10234649591;S
20240429;102652;4155.8;8;10234649592;S
20240429;102652;4155.600000000001;26;10234649593;S
20240429;102653;4155.600000000001;50;10234649627;S
20240429;102655;4155.600000000001;163;10234650433;S
20240429;102655;4155.600000000001;10;10234650434;S
20240429;102655;4155.600000000001;37;10234650435;S
20240429;102655;4155.4;1;10234650436;S
20240429;102655;4155;6;10234650437;S
20240429;102700;4155;2;10234652805;S
20240429;102704;4155.2;1;10234653611;B
20240429;102707;4155.2;12;10234655029;B
20240429;102707;4155.600000000001;2;10234655037;B
20240429;102710;4155.600000000001;288;10234655351;B
20240429;102710;4155.8;9;10234655352;B
20240429;102710;4156.2;62;10234655353;B
20240429;102710;4156.2;13;10234655355;B
20240429;102710;4156.2;4;10234655356;B
20240429;102710;4156.2;6;10234655357;B
20240429;102712;4156.2;1;10234656991;B
20240429;102714;4156.2;88;10234657329;B
20240429;102714;4156.4;4;10234657330;B
20240429;102714;4156.600000000001;2;10234657331;B
20240429;102714;4157;6;10234657332;B
20240429;102717;4157;1;10234657925;B
20240429;102719;4155.8;12;10234659528;S
20240429;102719;4155.8;9;10234659529;S
20240429;102719;4155.600000000001;3;10234659530;S
20240429;102719;4155.600000000001;40;10234659531;S
20240429;102719;4155.2;132;10234659532;S
20240429;102719;4155;2;10234659533;S
20240429;102719;4155;50;10234659534;S
20240429;102719;4155;1;10234659535;S
20240429;102719;4155;10;10234659536;S
20240429;102719;4155;101;10234659537;S
20240429;102719;4155;2;10234659538;S
20240429;102719;4155;16;10234659539;B
20240429;102727;4154.8;15;10234661000;S
20240429;102735;4155;1;10234662132;B
20240429;102736;4154.600000000001;1;10234662203;S
20240429;102737;4154.600000000001;1;10234662477;S
20240429;102737;4154.600000000001;3;10234662478;S
20240429;102737;4154.600000000001;1;10234662479;S
20240429;102737;4154.600000000001;3;10234662480;S
20240429;102737;4153.8;1;10234662481;S
20240429;102737;4153.600000000001;1;10234662482;S
20240429;102737;4154.600000000001;6;10234662527;B
20240429;102737;4154.8;4;10234662528;B
20240429;102741;4154.8;12;10234662973;B
20240429;102741;4154.8;8;10234662974;B
20240429;102741;4155;6;10234662975;B
20240429;102745;4154.8;23;10234663474;S
20240429;102746;4155;7;10234663632;B
20240429;102748;4155;7;10234663875;B
20240429;102750;4155;3;10234664052;B
20240429;102751;4155;5;10234664132;B
20240429;102753;4155;93;10234664352;B
20240429;102753;4155;7;10234664353;B
20240429;102753;4155;3;10234664369;B
20240429;102753;4155;1;10234664370;B
20240429;102755;4155;4;10234664711;B
20240429;102758;4155;30;10234664972;B
20240429;102759;4155;8;10234665082;B
20240429;102800;4155;9;10234665290;B
20240429;102801;4154.8;27;10234665338;S
20240429;102804;4155;1;10234665799;B
20240429;102804;4155;1;10234665803;B
20240429;102804;4155;1;10234665816;B
20240429;102805;4155;1;10234665824;B
20240429;102805;4155;1;10234665833;B
20240429;102805;4155;1;10234665864;B
20240429;102805;4155;1;10234666178;B
20240429;102825;4155;7;10234670835;B
20240429;102829;4154.600000000001;122;10234671403;S
20240429;102829;4154.4;9;10234671404;S
20240429;102829;4154.2;27;10234671405;S
20240429;102829;4154;5;10234671406;S
20240429;102829;4154;25;10234671407;S
20240429;102829;4153.8;2;10234671420;B
20240429;102829;4153.8;5;10234671422;B
20240429;102832;4153.600000000001;9;10234671733;B
20240429;102832;4153.8;5;10234671734;B
20240429;102832;4153.8;26;10234671735;B
20240429;102845;4154;12;10234673872;B
20240429;102848;4153.8;15;10234674356;S
20240429;102856;4153.8;5;10234675259;S
20240429;102859;4153.8;5;10234675509;S
20240429;102903;4153.8;27;10234675920;S
20240429;102903;4153.8;9;10234675921;S
20240429;102903;4153.8;20;10234675922;S
20240429;102903;4153.600000000001;9;10234675923;B
20240429;102903;4153.600000000001;28;10234675924;B
20240429;102906;4153.8;70;10234676273;B
20240429;102915;4153.8;12;10234678149;B
20240429;102916;4153.8;3;10234678258;B
20240429;102925;4153.600000000001;6;10234679803;S
20240429;102925;4153.8;3;10234679896;B
20240429;102931;4153.600000000001;31;10234680538;S
20240429;102931;4153.4;1;10234680539;S
20240429;102931;4153.4;9;10234680540;S
20240429;102931;4153.2;12;10234680541;S
20240429;102931;4153;1;10234680542;S
20240429;102943;4153;2;10234681840;B
20240429;102946;4152.8;1;10234682164;S
20240429;102948;4152.4;1;10234682383;S
20240429;102948;4152;1;10234682384;S
20240429;102948;4152;2;10234682385;S
20240429;102948;4152;1;10234682386;S
20240429;102953;4152.2;37;10234682795;S
20240429;102953;4152;10;10234682796;S
20240429;102953;4152;9;10234682797;S
20240429;102954;4152;1;10234682936;B
20240429;102955;4151.8;37;10234683076;S
20240429;102955;4151.600000000001;2;10234683077;S
20240429;102955;4151.600000000001;1;10234683078;S
20240429;102955;4151.600000000001;40;10234683079;S
20240429;102955;4151.4;1;10234683080;S
20240429;102955;4151.4;9;10234683081;S
20240429;102955;4151.2;12;10234683082;S
20240429;102955;4150.8;5;10234683083;S
20240429;102955;4150.8;12;10234683084;S
20240429;102955;4150.4;73;10234683085;S
20240429;102955;4150.4;32;10234683086;S
20240429;102955;4150.2;1;10234683087;S
20240429;102955;4150.2;1;10234683088;S
20240429;102955;4150.2;1;10234683089;S
20240429;102955;4150.2;2;10234683090;S
20240429;102955;4150.2;9;10234683091;S
20240429;102955;4151.8;2;10234683134;B
20240429;102955;4151.8;9;10234683135;B
20240429;102955;4151.8;49;10234683136;B
20240429;102955;4152;193;10234683137;B
20240429;102955;4152.2;4;10234683138;B
20240429;102955;4152.8;12;10234683139;B
20240429;102955;4153;144;10234683140;B
20240429;102955;4153;191;10234683141;B
20240429;102955;4153.8;6;10234683142;B
20240429;102955;4153.8;3;10234683143;B
20240429;102955;4153.8;600;10234683144;B
20240429;102955;4153.8;1;10234683145;B
20240429;102955;4154;338;10234683146;B
20240429;102955;4154.2;40;10234683147;B
20240429;102955;4154.4;37;10234683148;B
20240429;102955;4155;2;10234683149;B
20240429;102955;4155.8;16;10234683150;B
20240429;102955;4156;1;10234683151;B
20240429;102955;4156.4;32;10234683152;B
20240429;102955;4156.600000000001;80;10234683153;B
20240429;102955;4156.8;60;10234683154;B
20240429;102955;4157;180;10234683155;B
20240429;102956;4154.4;5;10234683299;S
20240429;102956;4154.4;7;10234683300;S
20240429;103000;4156;1;10234684250;B
20240429;103004;4155.4;1;10234684989;S
20240429;103004;4155.2;1;10234684990;S
20240429;103004;4155;1;10234684991;S
20240429;103005;4155.8;1;10234685273;B
20240429;103011;4155.8;2;10234686213;B
20240429;103011;4156.8;5;10234686214;B
20240429;103011;4156.8;3;10234686215;B
20240429;103011;4156.600000000001;3;10234686263;B
20240429;103012;4156.600000000001;47;10234686353;B
20240429;103012;4156.8;64;10234686354;B
20240429;103012;4157;11;10234686355;B
20240429;103012;4157;47;10234686356;B
20240429;103012;4157;2;10234686357;B
20240429;103012;4157.4;15;10234686358;B
20240429;103012;4157.8;6;10234686359;B
20240429;103012;4158;308;10234686360;B
20240429;103029;4157.4;3;10234688968;S
20240429;103029;4157.2;10;10234688969;S
20240429;103031;4155.8;10;10234689144;S
20240429;103032;4157;10;10234689472;B
20240429;103035;4157;30;10234690131;B
20240429;103040;4155.8;5;10234690781;S
20240429;103040;4155.600000000001;2;10234690782;S
20240429;103040;4155;3;10234690783;S
20240429;103040;4154.8;1;10234690784;S
20240429;103040;4154.2;32;10234690785;S
20240429;103040;4154.2;1;10234690786;S
20240429;103040;4154;5;10234690787;S
20240429;103040;4154;73;10234690788;S
20240429;103040;4153.8;29;10234690789;S
20240429;103043;4154;1;10234691494;S
20240429;103043;4155.4;1;10234691918;B
20240429;103045;4153.8;10;10234692624;S
20240429;103051;4155;1;10234693084;B
20240429;103051;4155;36;10234693097;B
20240429;103051;4155.2;5;10234693098;B
20240429;103051;4157.8;146;10234693099;B
20240429;103051;4158;91;10234693100;B
20240429;103051;4158;5;10234693101;B
20240429;103051;4158;1;10234693102;B
20240429;103051;4158;5;10234693103;B
20240429;103051;4158;40;10234693104;B
20240429;103051;4158.2;12;10234693105;B
20240429;103051;4159.8;174;10234693106;B
20240429;103051;4159.8;85;10234693107;B
20240429;103058;4156.8;5;10234694131;S
20240429;103058;4156.8;11;10234694132;S
20240429;103058;4156.600000000001;7;10234694133;S
20240429;103103;4158;1;10234694582;B
20240429;103108;4158;4;10234694968;S
20240429;103110;4158.8;5;10234695211;B
20240429;103111;4157;10;10234695283;S
20240429;103115;4158;2;10234695606;B
20240429;103115;4159.4;8;10234695607;B
20240429;103127;4156.8;1;10234696633;S
20240429;103128;4156.8;32;10234696716;S
20240429;103128;4156.8;10;10234696717;S
20240429;103128;4156.8;1;10234696718;S
20240429;103128;4156.600000000001;7;10234696719;S
20240429;103139;4156.4;4;10234697567;S
20240429;103151;4156.4;3;10234698430;S
20240429;103159;4157;6;10234699130;S
20240429;103200;4157.8;5;10234699185;B
20240429;103203;4158.600000000001;2;10234699422;B
20240429;103207;4158.2;1;10234699727;S
20240429;103216;4158.2;2;10234700499;S
20240429;103219;4159.2;1;10234700841;B
20240429;103219;4158.2;1;10234701035;S
20240429;103224;4159.2;5;10234701739;B
20240429;103224;4159.2;9;10234701740;B
20240429;103237;4159.4;7;10234702926;S
20240429;103239;4159.600000000001;3;10234703072;B
20240429;103239;4159.600000000001;9;10234703073;B
20240429;103242;4159.8;1;10234703304;B
20240429;103248;4159.600000000001;2;10234704144;S
20240429;103248;4159.600000000001;2;10234704166;S
20240429;103248;4159.600000000001;2;10234704194;S
20240429;103248;4159.600000000001;2;10234704212;S
20240429;103248;4159.600000000001;2;10234704248;S
20240429;103248;4159.600000000001;2;10234704266;S
20240429;103248;4159.600000000001;2;10234704304;S
20240429;103248;4159.600000000001;2;10234704324;S
20240429;103248;4159.600000000001;2;10234704335;S
20240429;103248;4159.600000000001;15;10234704336;S
20240429;103248;4159.600000000001;54;10234704337;S
20240429;103248;4159.600000000001;1;10234704361;S
20240429;103253;4158.600000000001;1;10234705546;B
20240429;103253;4158.600000000001;1;10234705796;B
20240429;103256;4158.600000000001;30;10234706627;B
20240429;103256;4158.8;12;10234706628;B
20240429;103256;4158.8;77;10234706629;B
20240429;103256;4159;9;10234706630;B
20240429;103256;4159;500;10234706631;B
20240429;103256;4159;33;10234706632;B
20240429;103256;4159.2;1;10234706633;B
20240429;103256;4159.4;2;10234706634;B
20240429;103256;4159.8;3;10234706635;B
20240429;103256;4159.8;37;10234706636;B
20240429;103256;4159.8;2;10234706655;S
20240429;103256;4159.8;2;10234706711;S
20240429;103256;4159.8;1;10234706740;S
20240429;103258;4160;2;10234707177;B
20240429;103305;4160;20;10234708941;B
20240429;103308;4160;2;10234709678;B
20240429;103311;4159.8;115;10234710478;S
20240429;103312;4160;1;10234710940;B
20240429;103326;4160;18;10234712779;B
20240429;103334;4160;62;10234713563;B
20240429;103334;4160;500;10234713564;B
20240429;103334;4160;1;10234713565;B
20240429;103334;4160;5;10234713566;B
20240429;103334;4160;4;10234713567;B
20240429;103334;4160;428;10234713568;B
20240429;103356;4160;72;10234715250;B
20240429;103356;4160;171;10234715251;B
20240429;103419;4159.8;176;10234718062;S
20240429;103419;4159.8;1;10234718063;S
20240429;103419;4159.8;16;10234718064;S
20240429;103419;4159.8;24;10234718065;S
20240429;103419;4159.8;6;10234718069;S
20240429;103419;4159.8;16;10234718070;S
20240429;103419;4159;2;10234718071;S
20240429;103419;4159;1;10234718072;S
20240429;103419;4158.2;1;10234718074;S
20240429;103419;4158;195;10234718075;S
20240429;103419;4157;20;10234718076;S
20240429;103420;4156.4;1;10234718264;S
20240429;103433;4156.2;5;10234719822;S
20240429;103433;4156.2;9;10234719881;S
20240429;103437;4156;1;10234720645;S
20240429;103447;4156;9;10234721857;B
20240429;103450;4157;1;10234722110;B
20240429;103450;4157.2;3;10234722111;B
20240429;103450;4157.2;37;10234722112;B
20240429;103450;4157.4;9;10234722113;B
20240429;103510;4156.600000000001;5;10234723781;S
20240429;103510;4156.2;1;10234723782;S
20240429;103510;4156;1;10234723783;S
20240429;103510;4156;3;10234723784;S
20240429;103519;4156.600000000001;32;10234724592;S
20240429;103519;4156.4;50;10234724593;S
20240429;103519;4156.4;73;10234724594;S
20240429;103519;4156.2;12;10234724595;S
20240429;103521;4156;12;10234724922;B
20240429;103527;4155.8;1;10234725556;S
20240429;103532;4156;5;10234726112;B
20240429;103533;4158;1;10234726170;B
20240429;103533;4156.2;15;10234726185;S
20240429;103533;4156;1;10234726186;S
20240429;103533;4155.8;32;10234726187;S
20240429;103533;4155.8;50;10234726188;S
20240429;103533;4155.8;23;10234726189;S
20240429;103534;4157.8;1;10234726276;B
20240429;103539;4157.8;5;10234726756;S
20240429;103619;4156.4;3;10234731672;S
20240429;103631;4157.4;1;10234732832;B
20240429;103645;4157.4;4;10234734294;B
20240429;103645;4157.4;11;10234734295;B
20240429;103649;4157.8;1;10234734801;B
20240429;103653;4157.600000000001;5;10234735062;S
20240429;103653;4157.4;5;10234735063;S
20240429;103705;4157.2;10;10234736073;B
20240429;103708;4157.2;11;10234736258;B
20240429;103708;4157.4;10;10234736259;B
20240429;103708;4157.4;37;10234736260;B
20240429;103708;4157.600000000001;41;10234736261;B
20240429;103710;4157.8;1;10234736353;S
20240429;103711;4158.2;1;10234736452;B
20240429;103714;4157.8;37;10234736626;B
20240429;103716;4158.4;1;10234736806;B
20240429;103720;4158.8;1;10234737508;B
20240429;103725;4158.2;1;10234738251;S
20240429;103726;4158.4;4;10234738310;B
20240429;103726;4158;10;10234738355;S
20240429;103726;4157.8;84;10234738356;S
20240429;103726;4157.4;12;10234738357;S
20240429;103726;4157;10;10234738358;S
20240429;103726;4157;2;10234738359;S
20240429;103726;4157;10;10234738360;S
20240429;103726;4156.600000000001;73;10234738361;S
20240429;103726;4156.600000000001;44;10234738362;B
20240429;103730;4156.600000000001;2;10234738716;B
20240429;103736;4156.4;30;10234739173;S
20240429;103746;4156.600000000001;1;10234746146;B
20240429;103746;4156.4;2;10234746217;S
20240429;103752;4156.4;1;10234752799;S
20240429;103816;4156.600000000001;52;10234779541;B
20240429;103816;4156.8;10;10234779542;B
20240429;103816;4156.8;2;10234779543;B
20240429;103816;4157.4;1;10234779592;B
20240429;103817;4156.600000000001;2;10234780435;S
20240429;103827;4157.600000000001;2;10234792352;B
20240429;103835;4157.2;10;10234800923;S
20240429;103835;4157.2;15;10234800924;S
20240429;103845;4157.2;1;10234809642;S
20240429;103845;4157.2;1;10234809688;S
20240429;103853;4157.2;1;10234817647;S
20240429;103903;4157.2;16;10234826147;S
20240429;103911;4157.4;1;10234833969;B
20240429;103917;4157.2;3;10234838891;S
20240429;103917;4157.2;2;10234838892;S
20240429;103917;4157.2;15;10234838893;S
20240429;103917;4157.600000000001;1;10234838908;B
20240429;103917;4157.2;2;10234838941;S
20240429;103930;4157.600000000001;5;10234853448;B
20240429;103931;4157.2;1;10234853766;S
20240429;103933;4157.2;1;10234856532;S
20240429;103940;4157.600000000001;31;10234863946;B
20240429;103940;4157.600000000001;5;10234863947;B
20240429;103940;4157.8;2;10234863948;B
20240429;103940;4157.8;11;10234863949;B
20240429;103940;4158;1;10234863950;B
20240429;103941;4158;1;10234865631;B
20240429;103955;4157.2;22;10234881623;B
20240429;103955;4157.4;11;10234881624;B
20240429;103955;4157.4;17;10234881625;B
20240429;104009;4157.2;32;10234897002;S
20240429;104009;4157;89;10234897003;S
20240429;104009;4157;11;10234897004;S
20240429;104009;4157;1;10234897005;S
20240429;104010;4156.4;25;10234897547;S
20240429;104010;4157;11;10234898246;B
20240429;104010;4157;39;10234898247;B
20240429;104020;4157.2;39;10234908678;B
20240429;104020;4157.2;8;10234908679;B
20240429;104021;4157.2;1;10234909627;B
20240429;104022;4157.2;25;10234910650;B
20240429;104031;4157.4;1;10234921786;B
20240429;104038;4157;4;10234930659;S
20240429;104038;4156.8;6;10234930660;S
20240429;104044;4157;1;10234937414;B
20240429;104055;4156.8;3;10234951000;B
20240429;104119;4156.600000000001;32;10234978126;S
20240429;104119;4156.4;8;10234978127;S
20240429;104119;4156.4;10;10234978521;S
20240429;104121;4156.4;5;10234980805;S
20240429;104124;4156.4;1;10234982677;S
20240429;104124;4156.4;3;10234982678;S
20240429;104125;4156.4;1;10234983924;S
20240429;104126;4156.4;3;10234985368;S
20240429;104127;4156.4;30;10234986203;S
20240429;104127;4156.4;31;10234986204;S
20240429;104127;4156.4;2;10234986205;S
20240429;104127;4156.4;1;10234986206;S
20240429;104127;4156.4;10;10234986207;S
20240429;104129;4156;10;10234987763;S
20240429;104129;4156;2;10234987764;S
20240429;104129;4156;3;10234987765;S
20240429;104129;4156;15;10234987766;S
20240429;104143;4156.600000000001;3;10235001025;B
20240429;104145;4156.600000000001;8;10235002273;B
20240429;104145;4156.600000000001;38;10235002274;B
20240429;104145;4156.8;2;10235002275;B
20240429;104145;4156.8;2;10235002276;B
20240429;104147;4156.8;50;10235004661;B
20240429;104148;4156.8;1;10235004802;B
20240429;104152;4156.8;100;10235008660;B
20240429;104210;4156.8;14;10235025313;B
20240429;104210;4156.8;3;10235026201;B
20240429;104211;4156.8;20;10235027237;B
20240429;104211;4156.600000000001;148;10235027246;S
20240429;104211;4156.600000000001;11;10235027247;S
20240429;104211;4156.600000000001;40;10235027248;S
20240429;104211;4156.600000000001;1;10235027249;S
20240429;104211;4156.600000000001;5;10235027250;S
20240429;104211;4156.4;37;10235027251;S
20240429;104211;4156.4;12;10235027252;S
20240429;104211;4155.600000000001;123;10235027253;S
20240429;104211;4155.600000000001;5;10235027254;S
20240429;104211;4155;10;10235027255;S
20240429;104211;4154.600000000001;5;10235027256;S
20240429;104211;4154.600000000001;5;10235027257;S
20240429;104211;4154.4;5;10235027258;S
20240429;104211;4154.4;5;10235027259;S
20240429;104211;4154.4;2;10235027260;S
20240429;104211;4154;16;10235027261;S
20240429;104211;4154;10;10235027262;S
20240429;104211;4153.8;2;10235027263;S
20240429;104211;4153.8;12;10235027264;S
20240429;104211;4153.8;137;10235027265;S
20240429;104211;4154.600000000001;10;10235027309;S
20240429;104212;4156;3;10235028011;S
20240429;104212;4156;2;10235028012;S
20240429;104212;4156;45;10235028013;S
20240429;104215;4155.600000000001;2;10235031253;B
20240429;104218;4155;5;10235034690;S
20240429;104218;4154.600000000001;16;10235034691;S
20240429;104218;4154.600000000001;50;10235034692;S
20240429;104218;4154.600000000001;10;10235034693;S
20240429;104218;4154.4;37;10235034694;S
20240429;104218;4154.4;82;10235034695;S
20240429;104221;4156.4;2;10235038331;B
20240429;104245;4155.600000000001;4;10235064790;B
20240429;104248;4155.600000000001;5;10235068346;B
20240429;104249;4155.600000000001;2;10235069874;B
20240429;104253;4155.600000000001;1;10235074135;B
20240429;104255;4155.600000000001;1;10235076717;B
20240429;104301;4155.600000000001;1;10235083113;B
20240429;104304;4155.600000000001;50;10235086387;B
20240429;104314;4155.2;10;10235098274;S
20240429;104320;4155.2;6;10235104359;S
20240429;104326;4155.2;26;10235111093;S
20240429;104326;4155.2;3;10235111094;S
20240429;104326;4155;15;10235111095;S
20240429;104326;4155;7;10235111096;S
20240429;104326;4155;50;10235111097;S
20240429;104326;4155;7;10235111098;S
20240429;104328;4154;32;10235113817;S
20240429;104328;4153.8;27;10235113818;S
20240429;104350;4153.8;5;10235139254;S
20240429;104350;4153.2;3;10235139255;S
20240429;104350;4153.2;4;10235139256;S
20240429;104350;4153.2;10;10235139257;S
20240429;104350;4153;50;10235139258;S
20240429;104350;4153;1;10235139259;S
20240429;104350;4153;100;10235139260;S
20240429;104350;4153;40;10235139261;S
20240429;104350;4152.8;37;10235139262;S
20240429;104350;4152;12;10235139263;S
20240429;104350;4151.600000000001;9;10235139264;S
20240429;104350;4151.600000000001;1;10235139265;S
20240429;104350;4151.4;170;10235139266;S
20240429;104350;4151.4;39;10235139267;S
20240429;104356;4152.600000000001;10;10235145816;S
20240429;104356;4152.4;23;10235145817;S
20240429;104356;4152.2;40;10235145818;S
20240429;104356;4152.2;39;10235145819;S
20240429;104401;4151.8;8;10235151099;S
20240429;104403;4153.2;1;10235153573;B
20240429;104403;4153.4;2;10235153577;B
20240429;104403;4153.4;2;10235154036;S
20240429;104423;4154;1;10235172236;B
20240429;104433;4153.2;2;10235181878;S
20240429;104434;4153.2;2;10235183399;S
20240429;104435;4153.2;1;10235184029;S
20240429;104439;4153.4;9;10235187815;B
20240429;104439;4153.600000000001;4;10235187816;B
20240429;104439;4153.600000000001;32;10235187817;B
20240429;104439;4153.8;50;10235187818;B
20240429;104439;4153.8;33;10235187819;B
20240429;104439;4154;1;10235187820;B
20240429;104439;4154;1;10235187821;B
20240429;104439;4154.4;12;10235187822;B
20240429;104439;4155;55;10235187823;B
20240429;104439;4155;37;10235187824;B
20240429;104504;4154.600000000001;1;10235213708;B
20240429;104504;4154.600000000001;4;10235213709;B
20240429;104518;4154.600000000001;2;10235228608;S
20240429;104527;4154.600000000001;18;10235238715;S
20240429;104527;4154.600000000001;5;10235238716;S
20240429;104528;4154;9;10235240143;B
20240429;104528;4154;12;10235240144;B
20240429;104528;4154.2;4;10235240145;B
20240429;104602;4153.8;3;10235277163;S
20240429;104605;4153.8;5;10235281016;S
20240429;104608;4154;1;10235284573;B
20240429;104612;4153.8;2;10235288769;S
20240429;104612;4153.8;3;10235288770;S
20240429;104612;4153.600000000001;1;10235288771;S
20240429;104612;4153.2;1;10235288772;S
20240429;104612;4152.600000000001;9;10235288773;S
20240429;104612;4152.4;5;10235288774;S
20240429;104612;4152.4;37;10235288775;S
20240429;104612;4151.8;5;10235288776;S
20240429;104612;4151.8;5;10235288777;S
20240429;104612;4151.8;40;10235288778;S
20240429;104612;4151.2;20;10235288779;S
20240429;104612;4151.2;12;10235288780;S
20240429;104612;4151.2;10;10235288784;B
20240429;104621;4153.2;1;10235300488;B
20240429;104633;4153;32;10235315964;B
20240429;104633;4153.2;2;10235315965;B
20240429;104633;4153.2;91;10235315966;B
20240429;104639;4153.2;1;10235322928;B
20240429;104647;4153.2;3;10235331932;B
20240429;104647;4153.2;4;10235331933;B
20240429;104648;4153;5;10235332631;S
20240429;104654;4153;1;10235339325;B
20240429;104704;4152.8;5;10235348569;S
20240429;104706;4153;1;10235350097;B
20240429;104706;4153;1;10235350098;B
20240429;104706;4153;1;10235350373;B
20240429;104715;4153;1;10235358599;B
20240429;104722;4153;1;10235365498;B
20240429;104724;4152.8;2;10235367660;S
20240429;104724;4152.8;12;10235368033;S
20240429;104727;4153;1;10235370510;B
20240429;104733;4153;5;10235376393;B
20240429;104733;4153;45;10235376394;B
20240429;104736;4153;10;10235379377;B
20240429;104738;4153;10;10235381642;B
20240429;104742;4152.8;5;10235386312;S
20240429;104742;4152.600000000001;9;10235386313;S
20240429;104742;4152.600000000001;1;10235386314;S
20240429;104742;4153;10;10235386559;B
20240429;104747;4152.600000000001;1;10235391598;S
20240429;104809;4152.8;4;10235415682;S
20240429;104809;4152.8;1;10235416268;S
20240429;104812;4153;1;10235419627;B
20240429;104815;4152.8;5;10235422211;S
20240429;104815;4153;10;10235423524;B
20240429;104839;4153;4;10235450087;B
20240429;104846;4153;50;10235458713;B
20240429;104849;4152.8;10;10235461917;S
20240429;104900;4153;60;10235473355;B
20240429;104900;4153;100;10235473356;B
20240429;104900;4153;90;10235473357;B
20240429;104912;4153;3;10235487815;B
20240429;104917;4152.8;5;10235494447;S
20240429;104935;4153;1;10235515352;B
20240429;104935;4153;1;10235515353;B
20240429;104937;4153;1;10235516773;B
20240429;104939;4153;4;10235518551;B
20240429;104939;4153;2;10235518552;B
20240429;104939;4153;7;10235518553;B
20240429;104939;4153;2;10235518554;B
20240429;104944;4152.8;3;10235522985;S
20240429;104944;4152.8;3;10235522986;S
20240429;104944;4152.8;4;10235522987;S
20240429;104951;4152.8;1;10235530397;S
20240429;105017;4153;1;10235553556;B
20240429;105023;4152.8;20;10235559778;S
20240429;105026;4153;9;10235563085;B
20240429;105041;4152.600000000001;10;10235578926;S
20240429;105048;4152.8;1;10235587623;B
20240429;105053;4153;5;10235592860;B
20240429;105058;4152.600000000001;9;10235598516;S
20240429;105058;4152.600000000001;1;10235598517;S
20240429;105058;4152.4;1;10235598518;S
20240429;105058;4152.4;1;10235598519;S
20240429;105058;4152.2;4;10235598520;S
20240429;105103;4152.4;1;10235603827;S
20240429;105103;4152.4;1;10235603828;S
20240429;105103;4152.2;13;10235603829;S
20240429;105110;4152.4;1;10235611896;S
20240429;105110;4152.4;1;10235611897;S
20240429;105110;4152.4;2;10235611898;S
20240429;105132;4152.4;1;10235637806;S
20240429;105132;4152.4;9;10235637807;S
20240429;105133;4152.4;40;10235639479;S
20240429;105133;4152.4;1;10235639480;S
20240429;105133;4152.4;1;10235639684;B
20240429;105133;4152.4;1;10235639896;B
20240429;105133;4152.4;1;10235639986;B
20240429;105141;4152.2;2;10235647883;S
20240429;105141;4152.2;1;10235647884;S
20240429;105141;4152;1;10235647885;S
20240429;105141;4152;50;10235647886;S
20240429;105141;4152;10;10235647887;S
20240429;105141;4151.4;40;10235647888;S
20240429;105141;4151.2;5;10235647889;S
20240429;105141;4151.2;1;10235647890;S
20240429;105201;4151.2;4;10235671183;S
20240429;105201;4151;1;10235671184;S
20240429;105201;4151;1;10235671185;S
20240429;105201;4151;5;10235671186;S
20240429;105201;4151;10;10235671187;S
20240429;105201;4151;4;10235671188;S
20240429;105201;4150.8;5;10235671189;S
20240429;105201;4150.8;10;10235671190;S
20240429;105206;4151.8;1;10235678016;B
20240429;105207;4151.600000000001;1;10235679539;S
20240429;105207;4150.8;4;10235679540;S
20240429;105209;4151.8;30;10235681710;S
20240429;105209;4151.4;10;10235681711;S
20240429;105209;4151;37;10235681712;S
20240429;105209;4150.8;5;10235681713;S
20240429;105209;4150.600000000001;5;10235681714;S
20240429;105209;4150.600000000001;1;10235681715;S
20240429;105209;4150.600000000001;5;10235681716;S
20240429;105209;4150.600000000001;10;10235681717;S
20240429;105209;4150.4;1;10235681718;S
20240429;105209;4150.4;12;10235681719;S
20240429;105209;4150.2;409;10235681720;S
20240429;105209;4150.2;1;10235681721;S
20240429;105209;4150;20;10235681722;S
20240429;105209;4150;3;10235681723;S
20240429;105209;4150;1;10235681724;S
20240429;105209;4150;1;10235681725;S
20240429;105209;4150;7;10235681726;S
20240429;105209;4150;1;10235681727;S
20240429;105209;4150;5;10235681728;S
20240429;105209;4150;1;10235681729;S
20240429;105209;4150;10;10235681730;S
20240429;105209;4150;10;10235681731;S
20240429;105209;4150;5;10235681732;S
20240429;105209;4150;1;10235681733;S
20240429;105209;4150;10;10235681734;S
20240429;105209;4150;1;10235681735;S
20240429;105209;4150;1500;10235681736;S
20240429;105209;4150;144;10235681737;S
20240429;105209;4150;50;10235681738;S
20240429;105209;4150;273;10235681739;S
20240429;105209;4150;5;10235681740;S
20240429;105209;4150;100;10235681741;S
20240429;105209;4150;50;10235681742;S
20240429;105209;4150;1;10235681743;S
20240429;105209;4150;3;10235681744;S
20240429;105209;4150;1;10235681745;S
20240429;105209;4150;11;10235681746;S
20240429;105209;4150;1;10235681747;S
20240429;105209;4150;1;10235681748;S
20240429;105209;4150;100;10235681749;S
20240429;105209;4150;2;10235681750;S
20240429;105209;4150;100;10235681751;S
20240429;105209;4150;1;10235681752;S
20240429;105209;4150;40;10235681753;S
20240429;105209;4149.8;2;10235681754;S
20240429;105209;4149.4;2;10235681755;S
20240429;105209;4149;1;10235681756;S
20240429;105209;4149;1;10235681757;S
20240429;105209;4149;2;10235681758;S
20240429;105209;4148.4;7;10235681759;S
20240429;105209;4148.4;16;10235681761;S
20240429;105209;4148.4;1;10235681762;S
20240429;105209;4148.4;10;10235681763;S
20240429;105209;4148.2;50;10235681764;S
20240429;105209;4148.2;5;10235681765;S
20240429;105209;4148;18;10235681766;S
20240429;105209;4148;20;10235681767;S
20240429;105209;4148;20;10235681768;S
20240429;105209;4148;250;10235681769;S
20240429;105209;4148;3;10235681773;S
20240429;105209;4148;100;10235681774;S
20240429;105209;4148;94;10235681779;S
20240429;105209;4148;3;10235681780;S
20240429;105209;4148;8;10235681781;S
20240429;105209;4148;115;10235681782;S
20240429;105209;4148;33;10235681783;S
20240429;105209;4148;1;10235681784;S
20240429;105209;4148;50;10235681785;S
20240429;105209;4148;2;10235681786;S
20240429;105209;4148;46;10235681787;S
20240429;105209;4147.8;1;10235681788;S
20240429;105209;4147.8;20;10235681789;S
20240429;105209;4147.2;17;10235681790;S
20240429;105209;4147.2;20;10235681791;S
20240429;105209;4147;20;10235681792;S
20240429;105209;4146.8;1;10235681795;B
20240429;105209;4147;2;10235682459;B
20240429;105210;4146;20;10235682862;S
20240429;105213;4146.4;1;10235686303;B
20240429;105213;4146;10;10235686553;S
20240429;105213;4145.8;10;10235686554;S
20240429;105213;4145.600000000001;37;10235686555;S
20240429;105226;4147;1;10235701408;B
20240429;105231;4147;1;10235704789;B
20240429;105235;4147.2;5;10235708904;S
20240429;105235;4147.2;32;10235708905;S
20240429;105235;4147.2;1;10235708906;S
20240429;105235;4147;19;10235708907;S
20240429;105235;4147;9;10235708908;S
20240429;105245;4147;1;10235716339;B
20240429;105250;4146;2;10235717008;S
20240429;105257;4145.2;5;10235717478;S
20240429;105257;4145.2;1;10235717479;S
20240429;105257;4145;1;10235717480;S
20240429;105257;4145;2;10235717481;S
20240429;105257;4145;10;10235717482;S
20240429;105257;4145;1;10235717483;S
20240429;105257;4145;9;10235717484;S
20240429;105257;4144.4;1;10235717485;S
20240429;105257;4144.2;50;10235717486;S
20240429;105257;4144;12;10235717487;S
20240429;105257;4144;37;10235717488;S
20240429;105257;4143.2;1;10235717489;S
20240429;105257;4142.8;10;10235717490;S
20240429;105257;4142.8;37;10235717493;S
20240429;105257;4142.600000000001;2;10235717494;S
20240429;105257;4142.600000000001;1;10235717495;S
20240429;105257;4142.600000000001;9;10235717496;S
20240429;105257;4142.600000000001;5;10235717497;S
20240429;105257;4142.4;294;10235717498;S
20240429;105257;4142.4;40;10235717499;S
20240429;105257;4142;176;10235717500;S
20240429;105257;4142;50;10235717501;S
20240429;105257;4141.600000000001;2;10235717502;S
20240429;105257;4141.2;5;10235717503;S
20240429;105257;4141;10;10235717504;S
20240429;105257;4140.600000000001;60;10235717505;S
20240429;105257;4140.4;9;10235717506;S
20240429;105257;4140.2;1;10235717507;S
20240429;105257;4140.2;1;10235717508;S
20240429;105257;4140.2;50;10235717509;S
20240429;105257;4140.2;40;10235717510;S
20240429;105257;4140;2;10235717511;S
20240429;105257;4140;10;10235717512;S
20240429;105257;4140;30;10235717513;S
20240429;105257;4140;3;10235717514;S
20240429;105257;4140;1;10235717515;S
20240429;105257;4140;1;10235717516;S
20240429;105257;4140;1;10235717517;S
20240429;105257;4140;1;10235717518;S
20240429;105257;4140;5;10235717519;S
20240429;105257;4140;2;10235717520;S
20240429;105257;4140;2;10235717521;S
20240429;105257;4140;20;10235717522;S
20240429;105257;4140;10;10235717523;S
20240429;105257;4140;12;10235717524;S
20240429;105257;4139.8;1;10235717525;S
20240429;105257;4139.600000000001;3;10235717526;S
20240429;105257;4139;20;10235717527;S
20240429;105257;4138.4;40;10235717528;S
20240429;105257;4138.2;44;10235717529;S
20240429;105258;4140.8;12;10235717587;B
20240429;105258;4140.8;40;10235717588;B
20240429;105258;4141;9;10235717589;B
20240429;105258;4141.2;7;10235717590;B
20240429;105258;4141.4;5;10235717591;B
20240429;105258;4141.600000000001;25;10235717592;B
20240429;105258;4143.600000000001;38;10235717593;B
20240429;105258;4144;146;10235717594;B
20240429;105258;4144.2;16;10235717595;B
20240429;105258;4144.4;180;10235717596;B
20240429;105258;4145;20;10235717597;S
20240429;105258;4145;2;10235717598;S
20240429;105258;4143.8;1;10235717603;B
20240429;105258;4140.4;12;10235717604;S
20240429;105259;4140.600000000001;32;10235717627;S
20240429;105259;4140.4;26;10235717628;S
20240429;105259;4140.2;9;10235717629;S
20240429;105259;4140.2;13;10235717630;S
20240429;105259;4140;50;10235717631;S
20240429;105259;4140;1;10235717632;S
20240429;105259;4140;1;10235717633;S
20240429;105259;4139.8;12;10235717634;S
20240429;105259;4139;16;10235717635;S
20240429;105259;4138.8;40;10235717636;S
20240429;105259;4138.600000000001;50;10235717637;S
