<DATE>;<TIME>;<LAST>;<VOL>;<ID>;<OPER>
20240418;095947;4200;1;10142458247;S
20240418;095947;4200;3;10142458248;S
20240418;095947;4200;4;10142458249;S
20240418;095947;4200;17;10142458250;S
20240418;095947;4200;2;10142458251;S
20240418;095947;4200;3;10142458252;S
20240418;095947;4200;3;10142458253;S
20240418;095947;4200;4;10142458254;S
20240418;095947;4200;234;10142458255;S
20240418;095947;4200;25;10142458256;S
20240418;095947;4200;2;10142458257;S
20240418;095947;4200;1;10142458258;B
20240418;095947;4200;9;10142458259;B
20240418;095947;4200;2;10142458260;B
20240418;095947;4200;3;10142458261;B
20240418;095947;4200;1;10142458262;B
20240418;095947;4200;20;10142458263;B
20240418;095947;4200;4;10142458264;B
20240418;095947;4200;5;10142458265;B
20240418;095947;4200;4;10142458266;B
20240418;095947;4200;15;10142458267;B
20240418;095947;4200;1;10142458268;B
20240418;095947;4200;10;10142458269;B
20240418;095947;4200;2;10142458270;B
20240418;095947;4200;584;10142458271;B
20240418;095947;4200;1;10142458272;B
20240418;095947;4200;5;10142458273;B
20240418;095947;4200;20;10142458274;B
20240418;095947;4200;1;10142458275;B
20240418;095947;4200;2;10142458276;B
20240418;095947;4200;4;10142458277;B
20240418;095947;4200;27;10142458278;B
20240418;095947;4200;3;10142458279;B
20240418;095947;4200;72;10142458280;B
20240418;095947;4200;1;10142458281;B
20240418;095947;4200;3;10142458282;B
20240418;095947;4200;20;10142458283;B
20240418;095947;4200;5;10142458284;B
20240418;095947;4200;5;10142458285;B
20240418;095947;4200;10;10142458286;B
20240418;095947;4200;1;10142458287;B
20240418;095947;4200;5;10142458288;B
20240418;095947;4200;5;10142458289;B
20240418;095947;4200;8;10142458290;B
20240418;095947;4200;1;10142458291;S
20240418;095947;4200;2;10142458292;S
20240418;095947;4200;2;10142458293;S
20240418;095947;4200;1;10142458294;B
20240418;095947;4200;3;10142458295;S
20240418;095947;4200;100;10142458296;B
20240418;095947;4200;8;10142458297;S
20240418;095947;4200;52;10142458298;S
20240418;095947;4200;75;10142458299;B
20240418;095947;4200;5;10142458300;B
20240418;095947;4200;3;10142458301;B
20240418;095947;4200;10;10142458302;S
20240418;095947;4200;20;10142458303;B
20240418;095947;4200;4;10142458304;B
20240418;095947;4200;1;10142458305;B
20240418;095947;4200;100;10142458306;B
20240418;095947;4200;1;10142458307;B
20240418;095947;4200;25;10142458308;B
20240418;095947;4200;13;10142458309;B
20240418;095947;4200;500;10142458310;B
20240418;095947;4200;2;10142458311;B
20240418;095947;4200;10;10142458312;B
20240418;095947;4200;25;10142458313;B
20240418;095947;4200;1;10142458314;B
20240418;095947;4200;30;10142458315;S
20240418;095947;4200;25;10142458316;B
20240418;095947;4200;2;10142458317;B
20240418;095947;4200;29;10142458318;B
20240418;095947;4200;5;10142458319;B
20240418;095947;4200;1;10142458320;S
20240418;095947;4200;5;10142458321;S
20240418;095947;4200;1;10142458322;S
20240418;095947;4200;2;10142458323;B
20240418;095947;4200;8;10142458324;B
20240418;095947;4200;4;10142458325;B
20240418;095947;4200;48;10142458326;B
20240418;095947;4200;500;10142458327;B
20240418;095947;4200;96;10142458328;B
20240418;095947;4200;37;10142458329;B
20240418;095947;4200;40;10142458330;B
20240418;095947;4200;10;10142458331;B
20240418;095947;4200;73;10142458332;S
20240418;095947;4200;5;10142458333;S
20240418;095947;4200;1;10142458334;S
20240418;095947;4200;50;10142458335;S
20240418;095947;4200;1;10142458336;S
20240418;095947;4200;1;10142458337;S
20240418;095947;4200;1;10142458338;S
20240418;095947;4200;36;10142458339;S
20240418;095947;4200;56;10142458340;S
20240418;095947;4200;10;10142458341;S
20240418;095947;4200;150;10142458342;S
20240418;095947;4200;5;10142458343;S
20240418;095947;4200;2;10142458344;S
20240418;095947;4200;25;10142458345;S
20240418;095947;4200;5;10142458346;S
20240418;095947;4200;4;10142458347;S
20240418;095947;4200;15;10142458348;B
20240418;095947;4200;1;10142458349;S
20240418;095947;4200;1;10142458350;S
20240418;095947;4200;2;10142458351;B
20240418;095947;4200;7;10142458352;B
20240418;095947;4200;1;10142458353;B
20240418;095947;4200;15;10142458354;B
20240418;095947;4200;1;10142458355;B
20240418;095947;4200;1;10142458356;S
20240418;095947;4200;2;10142458357;S
20240418;095947;4200;22;10142458358;B
20240418;095947;4200;110;10142458359;B
20240418;095947;4200;1;10142458360;B
20240418;095947;4200;51;10142458361;B
20240418;095947;4200;3;10142458362;S
20240418;095947;4200;10;10142458363;S
20240418;095947;4200;5;10142458364;S
20240418;095947;4200;25;10142458365;B
20240418;095947;4200;1;10142458366;B
20240418;095947;4200;10;10142458367;B
20240418;095947;4200;67;10142458368;B
20240418;095947;4200;15;10142458369;B
20240418;095947;4200;1;10142458370;B
20240418;095947;4200;28;10142458371;B
20240418;095947;4200;2;10142458372;B
20240418;095947;4200;1;10142458373;S
20240418;095947;4200;33;10142458374;S
20240418;095947;4200;33;10142458375;S
20240418;095947;4200;5;10142458376;S
20240418;095947;4200;61;10142458377;S
20240418;095947;4200;1;10142458378;S
20240418;095947;4200;11;10142458379;S
20240418;095947;4200;5;10142458380;S
20240418;095947;4200;7;10142458381;S
20240418;095947;4200;2;10142458382;B
20240418;095947;4200;30;10142458383;B
20240418;095947;4200;1;10142458384;B
20240418;095947;4200;2;10142458385;B
20240418;095947;4200;124;10142458386;B
20240418;095947;4200;12;10142458387;B
20240418;095947;4200;5;10142458388;B
20240418;095947;4200;3;10142458389;B
20240418;095947;4200;1;10142458390;B
20240418;095947;4200;1;10142458391;B
20240418;095947;4200;5;10142458392;B
20240418;095947;4200;9;10142458393;B
20240418;095947;4200;5;10142458394;B
20240418;095947;4200;5;10142458395;B
20240418;095947;4200;10;10142458396;B
20240418;095947;4200;2;10142458397;B
20240418;095947;4200;5;10142458398;B
20240418;095947;4200;5;10142458399;B
20240418;095947;4200;10;10142458400;B
20240418;095947;4200;1;10142458401;B
20240418;095947;4200;1;10142458402;B
20240418;095947;4200;11;10142458403;B
20240418;095947;4200;9;10142458404;B
20240418;095947;4200;5;10142458405;B
20240418;095947;4200;1;10142458406;B
20240418;095947;4200;3;10142458407;B
20240418;095947;4200;2;10142458408;B
20240418;095947;4200;1;10142458409;B
20240418;095947;4200;1;10142458410;B
20240418;095947;4200;1;10142458411;B
20240418;095947;4200;1;10142458412;B
20240418;095947;4200;5;10142458413;B
20240418;095947;4200;3;10142458414;B
20240418;095947;4200;1;10142458415;B
20240418;095947;4200;2;10142458416;B
20240418;095947;4200;1;10142458417;B
20240418;095947;4200;3;10142458418;B
20240418;095947;4200;4;10142458419;B
20240418;095947;4200;1;10142458420;B
20240418;095947;4200;4;10142458421;B
20240418;095947;4200;11;10142458422;B
20240418;095947;4200;50;10142458423;B
20240418;095947;4200;24;10142458424;B
20240418;095947;4200;2;10142458425;B
20240418;095947;4200;163;10142458426;B
20240418;095947;4200;4;10142458427;S
20240418;095947;4200;1;10142458428;B
20240418;095947;4200;32;10142458429;B
20240418;095947;4200;20;10142458430;B
20240418;095947;4200;1;10142458431;B
20240418;095947;4200;8;10142458432;B
20240418;095947;4200;24;10142458433;B
20240418;095947;4200;5;10142458434;B
20240418;095947;4200;1;10142458435;B
20240418;095947;4200;24;10142458436;B
20240418;095947;4200;10;10142458437;B
20240418;095947;4200;36;10142458438;S
20240418;095947;4200;2;10142458439;S
20240418;095947;4200;4;10142458440;S
20240418;095947;4200;1;10142458441;S
20240418;095947;4200;10;10142458442;S
20240418;095947;4200;10;10142458443;S
20240418;095947;4200;1;10142458444;S
20240418;100000;4200;1;10142461714;S
20240418;100000;4200;1;10142461715;S
20240418;100000;4200;50;10142461716;S
20240418;100000;4200;2;10142461717;S
20240418;100000;4200;24;10142461718;S
20240418;100000;4200;10;10142461719;S
20240418;100000;4200;2;10142461720;S
20240418;100000;4200;10;10142461721;S
20240418;100000;4200;1;10142461722;S
20240418;100000;4200;2;10142461723;S
20240418;100000;4200;147;10142461724;S
20240418;100000;4200.2;1;10142461766;B
20240418;100000;4200.4;1;10142461825;B
20240418;100000;4200.600000000001;1;10142461864;B
20240418;100000;4200.4;1;10142461878;S
20240418;100000;4200.2;1;10142461975;S
20240418;100000;4200.8;8;10142462030;B
20240418;100000;4200.8;12;10142462051;B
20240418;100000;4200.2;1;10142462068;S
20240418;100000;4200.8;17;10142462154;B
20240418;100000;4201;3;10142462155;B
20240418;100000;4201;1;10142462156;B
20240418;100000;4201;3;10142462157;B
20240418;100000;4202;2;10142462158;B
20240418;100000;4202;1;10142462159;B
20240418;100000;4202;8;10142462160;B
20240418;100000;4202;1;10142462161;B
20240418;100000;4202.4;72;10142462162;B
20240418;100000;4202.600000000001;12;10142462163;B
20240418;100000;4202.2;37;10142462221;B
20240418;100000;4202.2;40;10142462222;B
20240418;100000;4202.4;7;10142462223;B
20240418;100000;4202.8;16;10142462224;B
20240418;100000;4202.600000000001;25;10142462232;B
20240418;100000;4200.4;1;10142462268;S
20240418;100000;4200.4;1;10142462269;S
20240418;100000;4200.2;12;10142462270;S
20240418;100000;4200.2;2;10142462271;S
20240418;100000;4202.600000000001;36;10142462272;B
20240418;100000;4200.2;2;10142462312;S
20240418;100000;4202;20;10142462336;B
20240418;100000;4200.600000000001;1;10142462417;S
20240418;100000;4201.8;5;10142462441;B
20240418;100001;4201.8;5;10142462482;B
20240418;100001;4201.8;3;10142462516;B
20240418;100001;4201.8;4;10142462521;B
20240418;100001;4201.8;20;10142462532;B
20240418;100001;4202;10;10142462533;B
20240418;100001;4202.8;16;10142462534;B
20240418;100001;4201;1;10142462542;S
20240418;100001;4202.2;1;10142462552;B
20240418;100001;4201;1;10142462614;S
20240418;100001;4201.4;1;10142462620;B
20240418;100001;4201.2;2;10142462679;B
20240418;100001;4201.4;8;10142462709;B
20240418;100001;4201.4;1;10142462752;B
20240418;100001;4200.4;1;10142462808;S
20240418;100001;4201.4;28;10142462817;B
20240418;100001;4201.600000000001;9;10142462818;B
20240418;100001;4202.8;23;10142462819;B
20240418;100001;4202;56;10142462894;S
20240418;100001;4200.600000000001;44;10142462895;S
20240418;100001;4201.4;247;10142462904;S
20240418;100001;4201.2;5;10142462943;B
20240418;100001;4200.4;1;10142462949;S
20240418;100001;4201;50;10142462950;B
20240418;100001;4200.4;4;10142462955;S
20240418;100001;4200.2;10;10142462956;S
20240418;100001;4200.2;3;10142462957;S
20240418;100001;4200;8;10142462958;S
20240418;100001;4200;1;10142462959;S
20240418;100001;4200;2;10142462976;S
20240418;100001;4200;42;10142462986;S
20240418;100001;4200.2;5;10142462991;B
20240418;100001;4200;168;10142462993;S
20240418;100001;4200.2;1;10142463000;B
20240418;100001;4200;6;10142463006;S
20240418;100001;4200;1;10142463024;S
20240418;100001;4200;5;10142463040;S
20240418;100001;4200;7;10142463048;S
20240418;100001;4200;10;10142463071;S
20240418;100001;4200;1;10142463075;S
20240418;100001;4200;2;10142463089;S
20240418;100001;4200;1;10142463090;S
20240418;100001;4200;47;10142463091;S
20240418;100001;4200;5;10142463092;S
20240418;100001;4200;2;10142463093;S
20240418;100001;4200;43;10142463094;S
20240418;100001;4200;28;10142463135;S
20240418;100001;4200;1;10142463149;S
20240418;100001;4200;1;10142463153;S
20240418;100001;4200.2;20;10142463159;B
20240418;100001;4200;1;10142463162;S
20240418;100001;4200.2;12;10142463176;B
20240418;100001;4200;2;10142463194;S
20240418;100001;4200;5;10142463195;S
20240418;100001;4200;2;10142463196;S
20240418;100001;4200;9;10142463197;S
20240418;100001;4200;2;10142463198;S
20240418;100001;4200.2;4;10142463206;B
20240418;100001;4200.2;10;10142463208;B
20240418;100001;4200;1;10142463228;S
20240418;100001;4200.2;10;10142463231;B
20240418;100001;4200;1;10142463248;S
20240418;100001;4200;1;10142463265;S
20240418;100001;4200;1;10142463267;S
20240418;100001;4200.2;3;10142463270;B
20240418;100001;4200;1;10142463271;S
20240418;100001;4200.2;50;10142463279;B
20240418;100001;4200;1;10142463302;S
20240418;100002;4200.2;4;10142463326;S
20240418;100002;4200.4;5;10142463337;B
20240418;100002;4200.4;5;10142463348;B
20240418;100002;4200.2;1;10142463357;S
20240418;100002;4200.2;10;10142463369;S
20240418;100002;4200.4;2;10142463370;B
20240418;100002;4200.4;2;10142463373;B
20240418;100002;4200.2;1;10142463388;S
20240418;100002;4200.4;10;10142463420;B
20240418;100002;4200.2;1;10142463423;S
20240418;100002;4200.2;5;10142463425;S
20240418;100002;4200.4;11;10142463427;B
20240418;100002;4200.4;8;10142463436;B
20240418;100002;4200.2;1;10142463437;S
20240418;100002;4200.2;1;10142463440;S
20240418;100002;4200.4;2;10142463450;B
20240418;100002;4200.2;1;10142463454;S
20240418;100002;4200.2;1;10142463457;S
20240418;100002;4200.4;3;10142463473;B
20240418;100002;4200.2;1;10142463477;S
20240418;100002;4200.2;9;10142463478;S
20240418;100002;4200.2;1;10142463486;S
20240418;100002;4200.2;1;10142463496;S
20240418;100002;4200.2;7;10142463503;S
20240418;100002;4200.2;2;10142463504;S
20240418;100002;4200.2;3;10142463505;S
20240418;100002;4200.2;5;10142463511;S
20240418;100002;4200.2;1;10142463520;S
20240418;100002;4200.4;22;10142463557;B
20240418;100002;4200.2;1;10142463558;S
20240418;100002;4201.4;2;10142463566;B
20240418;100002;4202;498;10142463567;B
20240418;100002;4200.2;1;10142463568;S
20240418;100002;4200.2;9;10142463576;S
20240418;100002;4200;2;10142463577;S
20240418;100002;4200.2;75;10142463580;S
20240418;100002;4200.4;2;10142463616;S
20240418;100002;4201.600000000001;1;10142463648;B
20240418;100002;4202.2;3;10142463649;B
20240418;100002;4201.8;2;10142463651;B
20240418;100002;4201.8;1;10142463652;B
20240418;100002;4200.2;1;10142463657;S
20240418;100002;4200.2;1;10142463673;S
20240418;100002;4200.2;1;10142463674;S
20240418;100002;4202.4;2;10142463680;B
20240418;100002;4202.4;3;10142463722;B
20240418;100002;4201;1;10142463839;B
20240418;100002;4202.600000000001;1;10142463840;B
20240418;100002;4202.600000000001;27;10142463841;B
20240418;100002;4202.2;1;10142463887;S
20240418;100002;4202.2;1;10142463923;S
20240418;100002;4203;1;10142463932;B
20240418;100002;4203;1;10142463933;B
20240418;100002;4203;1;10142463934;B
20240418;100002;4203;10;10142463935;B
20240418;100002;4203;137;10142463936;B
20240418;100002;4202.600000000001;16;10142463970;S
20240418;100002;4202.600000000001;7;10142463971;S
20240418;100002;4202.600000000001;2;10142463972;S
20240418;100002;4202.2;1;10142463990;S
20240418;100002;4202.600000000001;10;10142464084;S
20240418;100002;4202.600000000001;5;10142464085;S
20240418;100002;4202.600000000001;1;10142464087;S
20240418;100002;4202.600000000001;6;10142464107;S
20240418;100002;4202.600000000001;1;10142464122;S
20240418;100002;4202.2;1;10142464123;S
20240418;100002;4202.2;31;10142464179;S
20240418;100002;4202.2;1;10142464196;S
20240418;100002;4202.2;1;10142464213;S
20240418;100002;4202.2;1;10142464236;S
20240418;100002;4202.2;2;10142464237;S
20240418;100002;4202.2;10;10142464241;S
20240418;100003;4202.2;1;10142464284;S
20240418;100003;4202.8;8;10142464296;B
20240418;100003;4202.2;10;10142464306;S
20240418;100003;4202.2;6;10142464351;S
20240418;100003;4202.2;8;10142464388;S
20240418;100003;4202;1;10142464389;S
20240418;100003;4202.8;5;10142464398;B
20240418;100003;4202.8;5;10142464433;B
20240418;100003;4203;25;10142464472;B
20240418;100003;4203;38;10142464522;B
20240418;100003;4203;2;10142464523;B
20240418;100003;4203;25;10142464524;B
20240418;100003;4203.2;35;10142464525;B
20240418;100003;4202.2;4;10142464543;S
20240418;100003;4202.2;3;10142464561;S
20240418;100003;4203;5;10142464626;B
20240418;100003;4202.2;2;10142464628;S
20240418;100003;4202.8;5;10142464821;B
20240418;100003;4202.8;1;10142464846;B
20240418;100004;4202.8;1;10142465054;B
20240418;100004;4202.8;5;10142465182;B
20240418;100004;4202.8;4;10142465207;B
20240418;100004;4202.4;4;10142465423;S
20240418;100004;4202.2;3;10142465424;S
20240418;100005;4202.8;3;10142465592;B
20240418;100005;4203;18;10142465792;B
20240418;100005;4203;3;10142465793;B
20240418;100005;4203.2;79;10142465794;B
20240418;100005;4203.2;67;10142465895;B
20240418;100005;4203.2;17;10142466011;B
20240418;100005;4203;5;10142466144;S
20240418;100005;4203;67;10142466192;S
20240418;100005;4203;134;10142466193;S
20240418;100005;4203;10;10142466194;S
20240418;100005;4202.8;15;10142466195;S
20240418;100005;4202.8;91;10142466196;S
20240418;100005;4202.600000000001;11;10142466197;S
20240418;100006;4203.2;52;10142466308;B
20240418;100006;4203.2;1;10142466309;B
20240418;100006;4203.2;15;10142466310;B
20240418;100006;4203.4;1;10142466311;B
20240418;100006;4203.600000000001;41;10142466312;B
20240418;100006;4203.600000000001;5;10142466437;B
20240418;100006;4203.600000000001;54;10142466794;B
20240418;100006;4203.8;6;10142466795;B
20240418;100006;4203.8;78;10142466799;B
20240418;100006;4203.8;17;10142466878;B
20240418;100006;4203.8;3;10142466909;B
20240418;100006;4203.8;1;10142467051;B
20240418;100006;4203;1;10142467119;S
20240418;100007;4203.8;1;10142467296;B
20240418;100007;4203.8;93;10142467298;B
20240418;100007;4203.2;20;10142467392;S
20240418;100007;4203.8;40;10142467561;B
20240418;100007;4203.8;61;10142467722;B
20240418;100007;4204;1;10142467723;B
20240418;100007;4204;5;10142467724;B
20240418;100007;4204;4;10142467725;B
20240418;100007;4203.600000000001;3;10142467881;S
20240418;100007;4204;25;10142467882;B
20240418;100007;4204;1;10142467898;B
20240418;100007;4204;3;10142467955;B
20240418;100007;4204;60;10142467956;B
20240418;100007;4204;107;10142467957;B
20240418;100007;4204;100;10142467958;B
20240418;100007;4204;5;10142467991;S
20240418;100007;4204.600000000001;1;10142468000;B
20240418;100008;4204.600000000001;1;10142468049;B
20240418;100008;4204.600000000001;1;10142468052;B
20240418;100008;4205;1;10142468189;B
20240418;100008;4205;2;10142468190;B
20240418;100008;4205;8;10142468191;B
20240418;100008;4205;13;10142468192;B
20240418;100008;4203.8;1;10142468303;S
20240418;100008;4203.8;1;10142468308;S
20240418;100008;4205;1;10142468435;B
20240418;100008;4205;1;10142468481;B
20240418;100008;4205;1;10142468532;B
20240418;100008;4205;1;10142468533;B
20240418;100008;4205;1;10142468534;B
20240418;100008;4205;15;10142468535;B
20240418;100008;4205;8;10142468536;B
20240418;100008;4204.2;8;10142468583;S
20240418;100008;4204.2;5;10142468591;S
20240418;100008;4205;2;10142468593;B
20240418;100008;4205;5;10142468594;B
20240418;100008;4205.2;1;10142468595;B
20240418;100008;4205.2;100;10142468596;B
20240418;100008;4206;3;10142468597;B
20240418;100008;4206;1;10142468598;B
20240418;100008;4206;1;10142468599;B
20240418;100008;4206;2;10142468600;B
20240418;100008;4206.600000000001;1;10142468601;B
20240418;100008;4207;1;10142468602;B
20240418;100008;4207;5;10142468603;B
20240418;100008;4207;37;10142468604;B
20240418;100008;4207.2;1;10142468605;B
20240418;100008;4207.2;100;10142468606;B
20240418;100008;4208;1;10142468607;B
20240418;100008;4208;1;10142468608;B
20240418;100008;4208;2;10142468609;B
20240418;100008;4209;1;10142468610;B
20240418;100008;4209;1;10142468611;B
20240418;100008;4209.4;20;10142468612;B
20240418;100008;4205.2;1;10142468619;S
20240418;100008;4206.600000000001;1;10142468651;S
20240418;100008;4206.600000000001;1;10142468707;S
20240418;100008;4206.4;1;10142468731;S
20240418;100008;4206.2;14;10142468732;S
20240418;100008;4206.4;10;10142468734;S
20240418;100008;4207.8;1;10142468822;B
20240418;100008;4208;9;10142468823;B
20240418;100009;4206.8;2;10142468873;S
20240418;100009;4208.600000000001;60;10142468880;B
20240418;100009;4207;1;10142468883;B
20240418;100009;4206.8;10;10142468889;S
20240418;100009;4207;20;10142468897;S
20240418;100009;4207.2;50;10142468899;S
20240418;100009;4207.4;10;10142468900;S
20240418;100009;4207.4;5;10142468901;S
20240418;100009;4206.8;1;10142468909;S
20240418;100009;4208;1;10142468921;S
20240418;100009;4208;9;10142468957;S
20240418;100009;4207.4;1;10142468958;S
20240418;100009;4206.8;1;10142468975;S
20240418;100009;4206.2;4;10142468976;S
20240418;100009;4208;14;10142468989;B
20240418;100009;4206.2;1;10142468999;S
20240418;100009;4206.2;1;10142469000;S
20240418;100009;4207.8;1;10142469020;B
20240418;100009;4206.2;1;10142469036;S
20240418;100009;4207;2;10142469072;B
20240418;100009;4206.2;10;10142469269;S
20240418;100009;4207;2;10142469340;B
20240418;100009;4207.8;8;10142469341;B
20240418;100009;4207.8;5;10142469367;B
20240418;100009;4207;1;10142469443;S
20240418;100009;4207.600000000001;47;10142469445;B
20240418;100009;4207.8;53;10142469446;B
20240418;100009;4207;1;10142469452;S
20240418;100009;4206.8;1;10142469501;S
20240418;100009;4206.4;1;10142469538;S
20240418;100009;4207.8;7;10142469666;B
20240418;100009;4208;13;10142469667;B
20240418;100009;4206.8;1;10142469816;S
20240418;100009;4206.8;1;10142469850;S
20240418;100009;4206.600000000001;9;10142469851;S
20240418;100009;4207;7;10142469955;S
20240418;100009;4207.2;1;10142470034;B
20240418;100009;4207;2;10142470125;S
20240418;100009;4208;1;10142470156;B
20240418;100009;4208;1;10142470157;B
20240418;100009;4208;23;10142470158;B
20240418;100010;4207;1;10142470249;S
20240418;100010;4207;1;10142470269;S
20240418;100010;4208;10;10142470329;B
20240418;100010;4208;23;10142470340;B
20240418;100010;4208;1;10142470496;S
20240418;100010;4207.8;1;10142470642;S
20240418;100010;4208.8;1;10142470729;B
20240418;100010;4208.8;20;10142470969;B
20240418;100010;4208.2;2;10142471072;S
20240418;100010;4208.8;16;10142471156;B
20240418;100010;4209;3;10142471157;B
20240418;100010;4209;1;10142471158;B
20240418;100010;4209;2;10142471159;B
20240418;100010;4209;1;10142471160;B
20240418;100010;4209.8;1;10142471161;B
20240418;100010;4209.8;276;10142471162;B
20240418;100010;4209.600000000001;1;10142471293;B
20240418;100010;4209.8;49;10142471294;B
20240418;100010;4209.8;25;10142471327;B
20240418;100010;4209.2;50;10142471415;S
20240418;100010;4209.2;1;10142471486;S
20240418;100010;4208.2;1;10142471488;S
20240418;100010;4208.2;1;10142471491;S
20240418;100010;4208;26;10142471492;S
20240418;100010;4208;7;10142471493;S
20240418;100010;4208;1;10142471500;S
20240418;100010;4209.600000000001;1;10142471694;B
20240418;100010;4209.600000000001;37;10142471695;B
20240418;100010;4210;1;10142471696;B
20240418;100010;4210;5;10142471697;B
20240418;100010;4210;27;10142471698;B
20240418;100010;4209.600000000001;1;10142471788;B
20240418;100010;4209.8;37;10142471789;B
20240418;100010;4210;2;10142471790;B
20240418;100011;4209.8;50;10142471946;B
20240418;100011;4209.8;37;10142471962;B
20240418;100011;4209.8;1;10142472093;B
20240418;100011;4210;92;10142472094;B
20240418;100011;4208.8;1;10142472122;S
20240418;100011;4209;18;10142472242;B
20240418;100011;4209;10;10142472251;B
20240418;100011;4208.8;20;10142472286;S
20240418;100011;4208.8;1;10142472293;S
20240418;100011;4209;12;10142472303;B
20240418;100011;4210;1;10142472304;B
20240418;100011;4210;1;10142472305;B
20240418;100011;4210;10;10142472306;B
20240418;100011;4210;7;10142472308;B
20240418;100011;4210;8;10142472309;B
20240418;100011;4210;2;10142472310;B
20240418;100011;4210;50;10142472311;B
20240418;100011;4210;4;10142472312;B
20240418;100011;4210;16;10142472313;B
20240418;100011;4210;3;10142472314;B
20240418;100011;4210;10;10142472315;B
20240418;100011;4209.8;100;10142472350;B
20240418;100011;4210;10;10142472400;B
20240418;100011;4210;10;10142472401;B
20240418;100011;4209.8;4;10142472460;B
20240418;100011;4210;11;10142472461;B
20240418;100011;4210;10;10142472468;B
20240418;100011;4210;69;10142472491;B
20240418;100011;4210;10;10142472492;B
20240418;100011;4210;6;10142472493;B
20240418;100011;4210;50;10142472494;B
20240418;100011;4210;5;10142472495;B
20240418;100011;4210;1;10142472496;B
20240418;100011;4210;3;10142472497;B
20240418;100011;4210;1;10142472498;B
20240418;100011;4210;35;10142472499;B
20240418;100011;4210;1;10142472502;B
20240418;100011;4210;5;10142472503;B
20240418;100011;4210;1;10142472504;B
20240418;100011;4210;43;10142472505;B
20240418;100012;4210;1;10142472511;B
20240418;100012;4210.2;2;10142472512;B
20240418;100012;4210.2;35;10142472517;B
20240418;100012;4210.2;1;10142472536;S
20240418;100012;4210.4;10;10142472555;B
20240418;100012;4210.4;15;10142472567;B
20240418;100012;4210.4;35;10142472568;B
20240418;100012;4210.4;1;10142472574;S
20240418;100012;4210.600000000001;24;10142472577;B
20240418;100012;4210.4;1;10142472593;S
20240418;100012;4210.4;36;10142472595;S
20240418;100012;4210.4;5;10142472596;S
20240418;100012;4210.8;5;10142472714;S
20240418;100012;4210.8;1;10142472718;S
20240418;100012;4210.8;4;10142472798;S
20240418;100012;4210.8;3;10142472799;S
20240418;100012;4210.8;260;10142472801;S
20240418;100012;4210.600000000001;249;10142472802;S
20240418;100012;4210.4;5;10142472803;S
20240418;100012;4210.2;40;10142472805;S
20240418;100012;4210.2;40;10142472806;S
20240418;100012;4210.8;50;10142472821;B
20240418;100012;4210.8;2;10142472853;B
20240418;100012;4211;7;10142472877;B
20240418;100012;4211;1;10142472878;B
20240418;100012;4211;1;10142472879;B
20240418;100012;4211;91;10142472880;B
20240418;100012;4210.600000000001;1;10142472887;B
20240418;100012;4211;60;10142472912;B
20240418;100012;4211;10;10142472936;B
20240418;100013;4211;3;10142473002;B
20240418;100013;4210.8;2;10142473062;S
20240418;100013;4211;230;10142473068;B
20240418;100013;4211;117;10142473069;B
20240418;100013;4210.8;1;10142473081;S
20240418;100013;4211;2;10142473119;B
20240418;100013;4211;67;10142473150;B
20240418;100013;4211;100;10142473155;B
20240418;100013;4210.8;21;10142473215;S
20240418;100013;4211;1;10142473239;B
20240418;100014;4211;1;10142473294;B
20240418;100014;4211;3;10142473300;B
20240418;100014;4211;4;10142473476;B
20240418;100014;4211;1;10142473515;B
20240418;100014;4211;10;10142473541;B
20240418;100015;4211;1;10142473574;B
20240418;100015;4211;2;10142473602;B
20240418;100015;4211;10;10142473625;B
20240418;100015;4211;10;10142473680;B
20240418;100015;4211;1;10142473683;B
20240418;100015;4211;100;10142473836;B
20240418;100016;4211;28;10142473903;B
20240418;100016;4210.8;10;10142474078;S
20240418;100017;4210.8;1;10142474206;S
20240418;100017;4211;11;10142474405;B
20240418;100017;4210.8;8;10142474406;S
20240418;100017;4211;46;10142474443;B
20240418;100017;4211;3;10142474462;B
20240418;100017;4210.8;7;10142474464;S
20240418;100017;4211;30;10142474474;B
20240418;100018;4210.8;10;10142474480;S
20240418;100018;4211;22;10142474522;B
20240418;100018;4210.8;9;10142474607;S
20240418;100018;4211;1;10142474680;B
20240418;100018;4210.8;10;10142474682;S
20240418;100019;4211;5;10142474711;B
20240418;100019;4211;1;10142474717;B
20240418;100019;4210.8;12;10142474746;S
20240418;100019;4211;1;10142474798;B
20240418;100019;4210.8;5;10142474816;S
20240418;100019;4211;28;10142474867;B
20240418;100019;4211;5;10142474868;B
20240418;100019;4211;3;10142474869;B
20240418;100019;4211;10;10142474870;B
20240418;100019;4211;50;10142474871;B
20240418;100019;4211;2;10142474872;B
20240418;100019;4211.4;1;10142474873;B
20240418;100019;4212;1;10142474874;B
20240418;100019;4212;5;10142474875;B
20240418;100019;4212;5;10142474876;B
20240418;100019;4212;37;10142474877;B
20240418;100019;4212.600000000001;100;10142474878;B
20240418;100019;4212.8;3;10142474879;B
20240418;100019;4212.600000000001;30;10142474881;B
20240418;100019;4212.8;1;10142474937;B
20240418;100019;4212;4;10142474938;S
20240418;100019;4212.8;10;10142474943;B
20240418;100019;4212.8;6;10142474944;B
20240418;100019;4212.8;4;10142474945;B
20240418;100019;4212;10;10142474954;S
20240418;100020;4212.4;2;10142475002;S
20240418;100020;4212.8;1;10142475029;B
20240418;100020;4213;1;10142475040;B
20240418;100020;4212.4;5;10142475047;S
20240418;100020;4212.4;9;10142475050;S
20240418;100020;4212.8;1;10142475051;B
20240418;100020;4213.2;1;10142475060;B
20240418;100020;4213.2;24;10142475086;B
20240418;100020;4213.600000000001;5;10142475087;B
20240418;100020;4213.8;131;10142475088;B
20240418;100020;4213.2;1;10142475089;S
20240418;100020;4213.8;90;10142475110;B
20240418;100020;4212.8;10;10142475145;S
20240418;100020;4212.8;6;10142475177;S
20240418;100020;4212.600000000001;4;10142475178;S
20240418;100020;4212.600000000001;3;10142475179;S
20240418;100020;4212.600000000001;7;10142475180;S
20240418;100020;4213;1;10142475240;B
20240418;100020;4212.600000000001;43;10142475301;S
20240418;100020;4212.4;2;10142475302;S
20240418;100020;4211;45;10142475303;S
20240418;100020;4210.8;3;10142475304;S
20240418;100020;4210.4;1;10142475305;S
20240418;100020;4210.4;37;10142475306;S
20240418;100020;4210.2;119;10142475307;S
20240418;100020;4212;1;10142475313;B
20240418;100021;4212.600000000001;45;10142475366;B
20240418;100021;4212.8;1;10142475367;B
20240418;100021;4213;99;10142475368;B
20240418;100021;4213;1;10142475369;B
20240418;100021;4213.4;37;10142475370;B
20240418;100021;4213.8;18;10142475371;B
20240418;100021;4213.8;52;10142475372;B
20240418;100021;4214;1;10142475373;B
20240418;100021;4214;5;10142475374;B
20240418;100021;4214;5;10142475375;B
20240418;100021;4214.2;10;10142475376;B
20240418;100021;4214.4;240;10142475377;B
20240418;100021;4214.8;72;10142475378;B
20240418;100021;4215;17;10142475379;B
20240418;100021;4215;100;10142475380;B
20240418;100021;4215;1;10142475381;B
20240418;100021;4215;3;10142475382;B
20240418;100021;4215;1;10142475383;B
20240418;100021;4215;292;10142475384;B
20240418;100021;4214;40;10142475389;B
20240418;100021;4214.2;30;10142475448;B
20240418;100021;4214.2;1;10142475457;B
20240418;100021;4214.2;1;10142475468;B
20240418;100021;4214.2;10;10142475497;B
20240418;100021;4212.600000000001;1;10142475502;S
20240418;100021;4212.8;1;10142475520;S
20240418;100022;4212.2;2;10142475595;S
20240418;100022;4211.600000000001;4;10142475596;S
20240418;100022;4214;1;10142475598;B
20240418;100022;4213.600000000001;2;10142475632;B
20240418;100022;4213.600000000001;1;10142475642;B
20240418;100022;4213.8;44;10142475643;B
20240418;100022;4212.600000000001;1;10142475649;S
20240418;100022;4212.600000000001;1;10142475679;S
20240418;100023;4213.2;3;10142475769;B
20240418;100023;4213.600000000001;4;10142475770;B
20240418;100023;4213.8;3;10142475771;B
20240418;100023;4213;2;10142475808;B
20240418;100023;4213;1;10142475809;B
20240418;100023;4213.2;1;10142475810;B
20240418;100023;4213.2;6;10142475811;B
20240418;100023;4213.2;4;10142475818;B
20240418;100023;4213.2;10;10142475819;B
20240418;100023;4213.2;10;10142475820;B
20240418;100023;4213.600000000001;1;10142475821;B
20240418;100023;4213.8;3;10142475822;B
20240418;100023;4213.8;72;10142475823;B
20240418;100023;4213.8;10;10142475858;S
20240418;100023;4213.8;15;10142475861;S
20240418;100023;4213.4;35;10142475928;B
20240418;100023;4214;1;10142475929;B
20240418;100023;4214;1;10142475930;B
20240418;100023;4214.4;40;10142475931;B
20240418;100023;4214.4;23;10142475932;B
20240418;100024;4213.2;40;10142475980;S
20240418;100024;4213.2;32;10142475981;S
20240418;100024;4213.8;2;10142476030;B
20240418;100024;4213.8;35;10142476048;B
20240418;100024;4214.2;47;10142476136;B
20240418;100024;4213.8;10;10142476160;B
20240418;100024;4212.4;1;10142476170;S
20240418;100024;4212;2;10142476171;S
20240418;100024;4211.8;1;10142476172;S
20240418;100024;4211.8;16;10142476173;S
20240418;100024;4213.2;1;10142476175;S
20240418;100024;4213.8;2;10142476178;B
20240418;100024;4214;38;10142476179;B
20240418;100024;4214.600000000001;2;10142476188;B
20240418;100024;4214.600000000001;23;10142476189;B
20240418;100024;4214.8;2;10142476190;B
20240418;100024;4214.8;18;10142476191;B
20240418;100025;4213;4;10142476213;S
20240418;100025;4212.8;2;10142476220;S
20240418;100025;4213.2;9;10142476240;S
20240418;100025;4213.8;3;10142476265;B
20240418;100025;4213.8;20;10142476318;B
20240418;100025;4212.4;4;10142476360;S
20240418;100025;4213.600000000001;1;10142476362;B
20240418;100025;4213.8;9;10142476363;B
20240418;100025;4213.8;3;10142476382;B
20240418;100025;4213.8;13;10142476417;B
20240418;100025;4213.600000000001;1;10142476418;B
20240418;100026;4212.600000000001;1;10142476459;S
20240418;100026;4213.4;1;10142476576;B
20240418;100026;4213.8;1;10142476577;B
20240418;100026;4213.8;2;10142476594;B
20240418;100026;4213;1;10142476647;B
20240418;100026;4213.2;1;10142476648;B
20240418;100026;4213.8;234;10142476649;B
20240418;100026;4213.8;2;10142476650;B
20240418;100026;4213.8;10;10142476651;B
20240418;100026;4213.4;40;10142476653;S
20240418;100026;4213.2;40;10142476654;S
20240418;100026;4213.2;40;10142476655;S
20240418;100026;4213.2;5;10142476866;B
20240418;100026;4211.8;10;10142476871;S
20240418;100027;4212.8;1;10142477118;B
20240418;100027;4213;1;10142477119;B
20240418;100027;4213.2;1;10142477120;B
20240418;100027;4213.2;1;10142477175;B
20240418;100027;4212.8;10;10142477266;B
20240418;100027;4213.2;3;10142477267;B
20240418;100027;4213.2;2;10142477268;B
20240418;100027;4213.4;7;10142477269;B
20240418;100027;4213.4;1;10142477272;B
20240418;100028;4213.2;1;10142477316;B
20240418;100028;4213.4;3;10142477317;B
20240418;100028;4211.600000000001;2;10142477318;S
20240418;100028;4211.4;2;10142477319;S
20240418;100028;4211.2;37;10142477320;S
20240418;100028;4210.600000000001;72;10142477321;S
20240418;100028;4210.4;45;10142477322;S
20240418;100028;4210.2;297;10142477323;S
20240418;100028;4210.2;22;10142477332;S
20240418;100028;4210.600000000001;30;10142477333;B
20240418;100028;4210.4;10;10142477334;B
20240418;100028;4211.2;2;10142477345;B
20240418;100028;4210.2;1;10142477416;S
20240418;100028;4210.2;3;10142477417;S
20240418;100028;4210.2;20;10142477425;S
20240418;100028;4210.2;1;10142477460;S
20240418;100029;4210.2;25;10142477524;S
20240418;100029;4210;25;10142477525;S
20240418;100029;4210.4;4;10142477766;B
20240418;100029;4210.600000000001;1;10142477767;B
20240418;100030;4210;5;10142477830;S
20240418;100030;4210;10;10142477831;S
20240418;100030;4209;3;10142477832;S
20240418;100030;4208.8;37;10142477833;S
20240418;100030;4208.2;2;10142477834;S
20240418;100030;4207.8;10;10142477835;S
20240418;100030;4207.8;1;10142477836;S
20240418;100030;4207;24;10142477837;S
20240418;100030;4207;45;10142477838;S
20240418;100030;4207;3;10142477839;S
20240418;100030;4207;1;10142477999;S
20240418;100031;4208.4;4;10142478079;B
20240418;100031;4208.600000000001;2;10142478080;B
20240418;100031;4209.2;72;10142478081;B
20240418;100031;4209.4;45;10142478082;B
20240418;100031;4209.600000000001;1;10142478083;B
20240418;100031;4210.2;76;10142478084;B
20240418;100032;4209.600000000001;1;10142478349;B
20240418;100032;4210;2;10142478350;B
20240418;100032;4210.2;65;10142478351;B
20240418;100032;4210.2;72;10142478352;B
20240418;100032;4210.4;20;10142478353;B
20240418;100032;4210.4;50;10142478354;B
20240418;100032;4210.8;10;10142478355;B
20240418;100032;4210.8;5;10142478356;B
20240418;100032;4210.8;10;10142478357;B
20240418;100032;4210.8;45;10142478358;B
20240418;100032;4210.8;37;10142478359;B
20240418;100032;4211.600000000001;20;10142478360;B
20240418;100032;4211.600000000001;84;10142478361;B
20240418;100032;4212.600000000001;1;10142478362;B
20240418;100032;4212.8;1;10142478363;B
20240418;100032;4212.8;1972;10142478364;B
20240418;100032;4209.2;45;10142478371;S
20240418;100032;4209.2;37;10142478372;S
20240418;100032;4209;3;10142478373;S
20240418;100032;4208.4;40;10142478374;S
20240418;100032;4208;1;10142478375;S
20240418;100032;4208;74;10142478376;S
20240418;100032;4209.600000000001;1;10142478396;B
20240418;100032;4208.2;37;10142478426;S
20240418;100032;4208;3;10142478427;S
20240418;100032;4207.600000000001;1;10142478436;S
20240418;100032;4207.2;7;10142478437;S
20240418;100032;4208.600000000001;65;10142478510;B
20240418;100032;4208.8;15;10142478511;B
20240418;100033;4209.2;1;10142478548;B
20240418;100033;4207.2;5;10142478663;S
20240418;100034;4208.2;10;10142478718;B
20240418;100034;4207.600000000001;1;10142478755;S
20240418;100034;4207.4;1;10142478756;S
20240418;100034;4207.8;1;10142478819;B
20240418;100034;4208.4;2;10142478820;B
20240418;100034;4208.4;3;10142478829;B
20240418;100035;4208.8;1;10142478904;B
20240418;100035;4208.600000000001;1;10142478956;B
20240418;100035;4208.8;1;10142478957;B
20240418;100035;4210;10;10142478958;B
20240418;100035;4210;45;10142478959;B
20240418;100035;4210;43;10142478960;B
20240418;100035;4210.2;37;10142478961;B
20240418;100035;4210.2;5;10142478962;B
20240418;100035;4210.8;1;10142478963;B
20240418;100035;4211.2;10;10142478964;B
20240418;100035;4211.4;3;10142478965;B
20240418;100035;4211.8;215;10142478966;B
20240418;100035;4212;10;10142478986;B
20240418;100035;4210;1;10142479048;B
20240418;100036;4209.8;3;10142479188;S
20240418;100036;4208.4;4;10142479189;S
20240418;100036;4210;2;10142479200;B
20240418;100036;4211.2;5;10142479317;S
20240418;100036;4211.4;1;10142479322;B
20240418;100036;4211.4;3;10142479323;B
20240418;100036;4211.4;37;10142479324;B
20240418;100036;4212.2;1;10142479325;B
20240418;100036;4212.600000000001;45;10142479326;B
20240418;100036;4212.8;3;10142479327;B
20240418;100036;4211.4;6;10142479346;S
20240418;100036;4211.4;21;10142479388;S
20240418;100036;4212.600000000001;6;10142479397;B
20240418;100036;4211.4;1;10142479399;S
20240418;100036;4211.4;10;10142479420;S
20240418;100037;4211.4;72;10142479520;S
20240418;100037;4211.2;95;10142479521;S
20240418;100037;4210.600000000001;3;10142479522;S
20240418;100037;4210.4;2;10142479523;S
20240418;100037;4208.8;76;10142479524;S
20240418;100037;4208.8;65;10142479525;S
20240418;100037;4208.8;45;10142479526;S
20240418;100037;4208.4;40;10142479527;S
20240418;100037;4208;1;10142479528;S
20240418;100037;4207.8;37;10142479529;S
20240418;100037;4207.8;1;10142479530;S
20240418;100037;4207.600000000001;63;10142479531;S
20240418;100037;4210;4;10142479576;B
20240418;100037;4207.600000000001;10;10142479613;S
20240418;100037;4208.600000000001;5;10142479637;S
20240418;100037;4207.8;1;10142479724;B
20240418;100037;4210;1;10142479807;S
20240418;100038;4210;1;10142479944;S
20240418;100038;4210.2;25;10142480085;B
20240418;100039;4210.2;1;10142480109;B
20240418;100039;4210.4;1;10142480110;B
20240418;100039;4211.2;37;10142480111;B
20240418;100039;4211.4;3;10142480112;B
20240418;100039;4211.4;5;10142480113;B
20240418;100039;4212.4;3;10142480114;B
20240418;100039;4210.2;1;10142480158;S
20240418;100039;4210.2;1;10142480175;S
20240418;100039;4212.600000000001;1;10142480176;B
20240418;100039;4212.600000000001;15;10142480181;B
20240418;100039;4210.2;22;10142480247;S
20240418;100039;4211.600000000001;45;10142480248;B
20240418;100039;4212.4;37;10142480249;B
20240418;100039;4212.600000000001;3;10142480250;B
20240418;100039;4212.600000000001;9;10142480251;B
20240418;100039;4212.2;1;10142480283;B
20240418;100040;4212.600000000001;2;10142480400;B
20240418;100040;4212.600000000001;37;10142480407;B
20240418;100040;4212.8;150;10142480408;B
20240418;100040;4211;2;10142480458;B
20240418;100040;4211;5;10142480538;S
20240418;100040;4210.8;9;10142480539;S
20240418;100040;4210.600000000001;16;10142480540;S
20240418;100041;4211;1;10142480741;B
20240418;100041;4210.600000000001;2;10142480750;S
20240418;100041;4211;1;10142480771;B
20240418;100041;4212.2;1;10142480787;S
20240418;100041;4212.2;1;10142480833;S
20240418;100041;4212.4;1;10142480840;B
20240418;100042;4212.2;1;10142481018;S
20240418;100043;4212.2;10;10142481195;S
20240418;100043;4212.2;9;10142481209;S
20240418;100043;4212.600000000001;45;10142481219;B
20240418;100043;4212.8;99;10142481220;B
20240418;100043;4212.2;10;10142481263;S
20240418;100043;4212.8;22;10142481273;B
20240418;100043;4212.600000000001;9;10142481347;B
20240418;100043;4212.2;6;10142481359;S
20240418;100044;4212.4;11;10142481557;B
20240418;100044;4212.4;11;10142481578;B
20240418;100044;4212.4;5;10142481586;B
20240418;100044;4212.600000000001;1;10142481612;B
20240418;100044;4212.600000000001;15;10142481710;B
20240418;100044;4212.600000000001;8;10142481742;B
20240418;100044;4212.600000000001;3;10142481761;B
20240418;100044;4212.2;5;10142481771;S
20240418;100044;4212.600000000001;3;10142481798;B
20240418;100045;4212.600000000001;2;10142481819;B
20240418;100045;4212.2;16;10142481823;S
20240418;100045;4212.2;1;10142481824;S
20240418;100045;4212;5;10142481825;S
20240418;100045;4211.4;3;10142481826;S
20240418;100045;4210.4;1;10142481827;S
20240418;100045;4210.4;2;10142481828;S
20240418;100045;4210.2;63;10142481829;S
20240418;100045;4210.2;72;10142481830;S
20240418;100045;4210;78;10142481831;S
20240418;100045;4209.8;31;10142481832;S
20240418;100045;4209.2;14;10142481833;S
20240418;100045;4208.4;183;10142481834;S
20240418;100045;4208.2;2;10142481838;S
20240418;100045;4210;20;10142481930;B
20240418;100045;4209.8;50;10142481931;B
20240418;100045;4210;1;10142481971;B
20240418;100045;4209.8;1;10142482068;B
20240418;100045;4210;6;10142482069;B
20240418;100045;4210;2;10142482083;S
20240418;100046;4210.2;3;10142482107;B
20240418;100046;4210.8;8;10142482108;B
20240418;100046;4210;7;10142482122;S
20240418;100046;4211.2;10;10142482186;B
20240418;100046;4210;34;10142482198;S
20240418;100046;4209.8;3;10142482199;S
20240418;100046;4208.8;5;10142482200;S
20240418;100046;4208.8;8;10142482201;S
20240418;100046;4208.2;10;10142482207;S
20240418;100046;4210.2;3;10142482233;B
20240418;100046;4210.4;2;10142482234;B
20240418;100046;4210.4;10;10142482264;B
20240418;100046;4210.4;15;10142482285;B
20240418;100047;4208.8;2;10142482319;S
20240418;100047;4210.2;1;10142482359;B
20240418;100047;4210.2;1;10142482373;B
20240418;100047;4209;1;10142482387;S
20240418;100047;4208.8;1;10142482388;S
20240418;100047;4208.8;13;10142482389;S
20240418;100047;4210.2;1;10142482419;B
20240418;100047;4210.4;125;10142482420;B
20240418;100047;4211.2;5;10142482421;B
20240418;100047;4211.2;69;10142482422;B
20240418;100047;4211.2;10;10142482423;B
20240418;100047;4211.2;331;10142482520;B
20240418;100047;4212;24;10142482521;B
20240418;100047;4212.2;50;10142482522;B
20240418;100048;4210.8;3;10142482652;S
20240418;100048;4210.2;7;10142482653;S
20240418;100048;4212;1;10142482733;B
20240418;100048;4212;3;10142482734;B
20240418;100048;4212.4;7;10142482735;B
20240418;100048;4210;3;10142482790;S
20240418;100048;4210;2;10142482791;S
20240418;100048;4209.8;25;10142482792;S
20240418;100048;4209.600000000001;1;10142482862;S
20240418;100049;4209.2;9;10142482929;S
20240418;100049;4211;2;10142483015;B
20240418;100049;4211.2;5;10142483034;B
20240418;100049;4210.4;2;10142483036;S
20240418;100049;4210.4;3;10142483038;S
20240418;100049;4211.2;2;10142483084;B
20240418;100050;4211.2;10;10142483111;B
20240418;100050;4210.4;4;10142483124;S
20240418;100051;4211.4;3;10142483385;B
20240418;100051;4211.8;1;10142483386;B
20240418;100051;4211.8;72;10142483387;B
20240418;100051;4212;24;10142483388;B
20240418;100051;4212.2;1;10142483401;B
20240418;100051;4212.2;10;10142483434;B
20240418;100051;4212.2;26;10142483435;B
20240418;100051;4212.2;1;10142483436;B
20240418;100051;4212.4;8;10142483437;B
20240418;100051;4210.8;1;10142483595;S
20240418;100051;4212.4;1;10142483599;B
20240418;100051;4212.600000000001;2;10142483600;B
20240418;100051;4212.8;7;10142483601;B
20240418;100051;4212.8;2;10142483640;B
20240418;100052;4212.4;30;10142483762;B
20240418;100052;4211.2;3;10142483769;S
20240418;100052;4211.2;2;10142483770;S
20240418;100052;4211;35;10142483771;S
20240418;100053;4210.600000000001;1;10142483906;S
20240418;100053;4212;1;10142483918;B
20240418;100053;4212;50;10142483919;B
20240418;100053;4212.4;5;10142483920;B
20240418;100053;4212.4;3;10142483921;B
20240418;100053;4212.4;2;10142483922;B
20240418;100053;4212.8;39;10142483923;B
20240418;100054;4210.600000000001;45;10142484091;S
20240418;100054;4211.8;3;10142484114;B
20240418;100054;4210.600000000001;1;10142484116;S
20240418;100054;4210.600000000001;49;10142484117;S
20240418;100054;4210.4;2;10142484137;S
20240418;100054;4211.600000000001;10;10142484217;B
20240418;100054;4211.600000000001;5;10142484218;B
20240418;100054;4211.8;5;10142484219;B
20240418;100055;4211.2;11;10142484336;B
20240418;100055;4211.2;15;10142484382;B
20240418;100055;4211.2;4;10142484476;B
20240418;100055;4211.2;1;10142484477;B
20240418;100055;4211.4;2;10142484478;B
20240418;100055;4211.8;65;10142484479;B
20240418;100055;4211.8;28;10142484480;B
20240418;100055;4212;1;10142484496;B
20240418;100056;4211;1;10142484550;S
20240418;100056;4211;7;10142484551;S
20240418;100056;4210.600000000001;29;10142484552;S
20240418;100056;4211.8;72;10142484660;B
20240418;100056;4212;143;10142484661;B
20240418;100056;4211;5;10142484738;S
20240418;100056;4211.600000000001;36;10142484757;B
20240418;100056;4212;106;10142484758;B
20240418;100056;4212.4;1;10142484759;B
20240418;100056;4212.8;7;10142484760;B
20240418;100056;4212.8;25;10142484761;B
20240418;100056;4211.600000000001;4;10142484806;S
20240418;100056;4212.8;5;10142484811;B
20240418;100056;4212.4;40;10142484816;S
20240418;100056;4212.4;32;10142484817;S
20240418;100057;4212.4;2;10142485113;S
20240418;100057;4212.4;5;10142485114;S
20240418;100057;4212.8;2;10142485161;B
20240418;100058;4212.4;29;10142485410;S
20240418;100058;4212.600000000001;9;10142485479;B
20240418;100058;4212.4;1;10142485531;S
20240418;100058;4212.4;40;10142485657;S
20240418;100058;4212.4;23;10142485658;S
20240418;100058;4211.600000000001;2;10142485659;S
20240418;100058;4211.2;3;10142485660;S
20240418;100058;4211.2;2;10142485661;S
20240418;100058;4211.2;1;10142485662;S
20240418;100058;4211;1;10142485663;S
20240418;100058;4210.600000000001;103;10142485664;S
20240418;100058;4210.4;89;10142485665;S
20240418;100058;4210;2;10142485666;S
20240418;100058;4210;20;10142485667;S
20240418;100058;4210;60;10142485668;S
20240418;100058;4210;10;10142485669;S
20240418;100058;4209.4;1;10142485670;S
20240418;100058;4209.2;2;10142485671;S
20240418;100058;4209;1;10142485672;S
20240418;100058;4209;2;10142485673;S
20240418;100058;4209;37;10142485674;S
20240418;100058;4208.600000000001;45;10142485675;S
20240418;100058;4208.2;2;10142485676;S
20240418;100058;4208.2;1;10142485677;S
20240418;100058;4208;20;10142485678;S
20240418;100058;4208;10;10142485679;S
20240418;100058;4207.8;100;10142485680;S
20240418;100058;4207.4;10;10142485681;S
20240418;100058;4207.4;2;10142485682;S
20240418;100058;4207.4;1;10142485683;S
20240418;100058;4207;5;10142485684;S
20240418;100058;4207;40;10142485685;S
20240418;100058;4206.8;1;10142485686;S
20240418;100058;4206.600000000001;16;10142485687;S
20240418;100058;4206.600000000001;80;10142485688;S
20240418;100058;4206.600000000001;1;10142485689;S
20240418;100058;4206.4;2;10142485690;S
20240418;100059;4208.8;3;10142485759;B
20240418;100059;4209.8;37;10142485760;B
20240418;100059;4209.2;1;10142485794;B
20240418;100059;4206.8;2;10142485870;S
20240418;100059;4206.8;1;10142485899;S
20240418;100059;4206.600000000001;79;10142485900;S
20240418;100100;4207.8;1;10142486013;B
20240418;100100;4208.4;3;10142486014;B
20240418;100100;4208.600000000001;3;10142486015;B
20240418;100100;4206.600000000001;3;10142486016;S
20240418;100100;4206.4;2;10142486017;S
20240418;100100;4209.600000000001;5;10142486077;B
20240418;100100;4209.600000000001;287;10142486104;B
20240418;100100;4208.8;4;10142486137;S
20240418;100100;4210.600000000001;2;10142486224;B
20240418;100100;4209;3;10142486231;S
20240418;100100;4208.8;16;10142486232;S
20240418;100100;4208.600000000001;29;10142486233;S
20240418;100101;4208.600000000001;37;10142486315;S
20240418;100101;4208.600000000001;10;10142486316;S
20240418;100101;4208.4;3;10142486317;S
20240418;100101;4208;25;10142486318;S
20240418;100101;4207.4;25;10142486319;S
20240418;100101;4209.600000000001;1;10142486443;B
20240418;100101;4209.8;3;10142486444;B
20240418;100101;4209.8;10;10142486445;B
20240418;100101;4210.2;2;10142486446;B
20240418;100101;4210.4;1;10142486447;B
20240418;100101;4210.4;10;10142486448;B
20240418;100101;4210.600000000001;144;10142486449;B
20240418;100101;4210.600000000001;65;10142486450;B
20240418;100101;4210.600000000001;72;10142486451;B
20240418;100101;4210.8;60;10142486452;B
20240418;100102;4210;60;10142486826;S
20240418;100102;4209.8;1;10142486964;S
20240418;100102;4209.8;49;10142486965;S
20240418;100103;4209.8;1;10142487267;S
20240418;100103;4208.2;10;10142487268;S
20240418;100103;4208;20;10142487269;S
20240418;100103;4207.8;3;10142487270;S
20240418;100103;4207.2;1;10142487315;S
20240418;100103;4206.4;1;10142487316;S
20240418;100104;4207.4;5;10142487405;B
20240418;100104;4206.4;50;10142487564;S
20240418;100104;4207;5;10142487588;B
20240418;100105;4207;3;10142487631;B
20240418;100105;4206.4;4;10142487706;S
20240418;100106;4206.4;2;10142487943;S
20240418;100107;4206.4;1;10142488116;S
20240418;100107;4206.4;1;10142488124;S
20240418;100107;4206.4;6;10142488191;S
20240418;100109;4206.600000000001;2;10142488448;B
20240418;100109;4206.600000000001;2;10142488527;B
20240418;100110;4206.4;31;10142488551;S
20240418;100110;4206.4;1;10142488552;S
20240418;100110;4206.2;1;10142488553;S
20240418;100110;4206.2;11;10142488554;S
20240418;100110;4206;10;10142488555;S
20240418;100110;4205.8;3;10142488556;S
20240418;100110;4205.2;1;10142488560;B
20240418;100110;4205.2;1;10142488637;B
20240418;100110;4205;1;10142488639;S
20240418;100110;4205;10;10142488640;S
20240418;100110;4204.8;5;10142488641;S
20240418;100110;4204.8;37;10142488642;S
20240418;100110;4204.600000000001;1;10142488643;S
20240418;100110;4204.600000000001;10;10142488644;S
20240418;100110;4204.4;100;10142488645;S
20240418;100110;4203.600000000001;54;10142488646;S
20240418;100110;4202.8;5;10142488647;S
20240418;100110;4202.4;144;10142488648;S
20240418;100110;4202.2;100;10142488649;S
20240418;100110;4202.2;3;10142488650;S
20240418;100110;4202.2;40;10142488651;S
20240418;100110;4202;1;10142488652;S
20240418;100110;4202;8;10142488653;S
20240418;100110;4201.8;1;10142488654;S
20240418;100110;4201.8;4;10142488655;S
20240418;100110;4201.8;23;10142488656;S
20240418;100110;4201.8;45;10142488657;S
20240418;100110;4201.600000000001;2;10142488658;S
20240418;100110;4201.600000000001;2;10142488659;S
20240418;100110;4201.4;2;10142488660;S
20240418;100110;4201.4;100;10142488661;S
20240418;100110;4201.4;40;10142488662;S
20240418;100110;4201.2;1;10142488663;S
20240418;100110;4200.600000000001;10;10142488664;S
20240418;100110;4200.4;60;10142488665;S
20240418;100110;4200.4;20;10142488666;S
20240418;100110;4200.2;5;10142488667;S
20240418;100110;4200;35;10142488668;S
20240418;100110;4200;1;10142488669;S
20240418;100110;4200;10;10142488670;S
20240418;100110;4200;1;10142488671;S
20240418;100110;4200;34;10142488672;S
20240418;100110;4200;50;10142488673;S
20240418;100110;4200;2;10142488674;S
20240418;100110;4200;7;10142488675;S
20240418;100110;4200;19;10142488676;S
20240418;100110;4200;3;10142488677;S
20240418;100110;4200;200;10142488678;S
20240418;100110;4200;23;10142488679;S
20240418;100110;4200;20;10142488680;S
20240418;100110;4200;100;10142488681;S
20240418;100110;4200;5;10142488682;S
20240418;100110;4200;1;10142488683;S
20240418;100110;4199.8;14;10142488684;S
20240418;100110;4199.8;10;10142488685;S
20240418;100110;4199.8;1;10142488686;S
20240418;100110;4199.8;5;10142488687;S
20240418;100110;4199.8;6;10142488688;S
20240418;100110;4199.8;4;10142488689;S
20240418;100110;4200;50;10142488690;B
20240418;100110;4199.8;1;10142488691;S
20240418;100110;4199.8;2;10142488692;S
20240418;100110;4199.8;18;10142488693;S
20240418;100110;4199.8;1;10142488694;S
20240418;100110;4199.8;4;10142488695;S
20240418;100110;4199.8;1;10142488696;S
20240418;100110;4199.8;1;10142488697;S
20240418;100110;4199.8;1;10142488698;S
20240418;100110;4199.8;1;10142488699;S
20240418;100110;4199.8;5;10142488700;S
20240418;100110;4199.8;1;10142488701;S
20240418;100110;4199.8;1;10142488702;S
20240418;100110;4199.8;2;10142488703;S
20240418;100110;4199.8;1;10142488704;S
20240418;100110;4199.8;23;10142488705;S
20240418;100110;4199.8;3;10142488706;S
20240418;100110;4199.8;14;10142488707;S
20240418;100110;4199.8;6;10142488708;S
20240418;100110;4199.8;1;10142488709;S
20240418;100110;4199.8;33;10142488710;S
20240418;100110;4199.8;40;10142488711;S
20240418;100110;4199.8;27;10142488712;S
20240418;100110;4199.8;13;10142488713;S
20240418;100110;4199.8;37;10142488714;S
20240418;100110;4199.600000000001;40;10142488715;S
20240418;100110;4199.600000000001;10;10142488716;S
20240418;100110;4199.600000000001;1;10142488717;S
20240418;100110;4199.2;20;10142488718;S
20240418;100110;4199;1;10142488719;S
20240418;100110;4199;39;10142488720;S
20240418;100110;4199;40;10142488721;S
20240418;100110;4199;21;10142488722;S
20240418;100110;4199;2;10142488723;S
20240418;100110;4199;5;10142488724;S
20240418;100110;4198;2;10142488725;S
20240418;100110;4198;1;10142488726;S
20240418;100110;4197;10;10142488728;S
20240418;100110;4197;4;10142488730;S
20240418;100110;4197;5;10142488731;S
20240418;100110;4197;31;10142488739;S
20240418;100110;4196.8;69;10142488740;S
20240418;100110;4196.8;1;10142488741;S
20240418;100110;4197;3;10142488751;B
20240418;100110;4196.8;8;10142488753;S
20240418;100111;4196.2;3;10142488778;S
20240418;100111;4196.2;7;10142488779;S
20240418;100111;4196.2;2;10142488831;S
20240418;100111;4196.2;1;10142488837;S
20240418;100111;4196.2;5;10142488838;S
20240418;100111;4196.2;9;10142488839;S
20240418;100111;4196.600000000001;37;10142488841;B
20240418;100111;4196.600000000001;13;10142488842;B
20240418;100111;4196.2;1;10142488844;S
20240418;100111;4196.2;1;10142488845;S
20240418;100111;4195.8;3;10142488846;S
20240418;100111;4195.8;1;10142488852;S
20240418;100111;4195.600000000001;3;10142488853;S
20240418;100111;4195.600000000001;6;10142488854;S
20240418;100111;4196.2;2;10142488870;B
20240418;100111;4195.600000000001;6;10142488877;S
20240418;100111;4195;44;10142488878;S
20240418;100111;4195.8;20;10142488880;B
20240418;100111;4196.2;5;10142488891;B
20240418;100111;4195;187;10142488925;S
20240418;100111;4195;1;10142488926;S
20240418;100111;4194.8;22;10142488927;S
20240418;100111;4193.600000000001;20;10142488928;S
20240418;100111;4192.8;45;10142488929;S
20240418;100111;4192.8;25;10142488930;S
20240418;100111;4194.2;3;10142488939;B
20240418;100111;4194.8;72;10142488940;B
20240418;100111;4195;22;10142488941;B
20240418;100111;4195.2;45;10142488942;B
20240418;100111;4196;2;10142488943;B
20240418;100111;4196.2;37;10142488944;B
20240418;100111;4196.4;2;10142488945;B
20240418;100111;4196.4;1;10142488946;B
20240418;100111;4197.8;56;10142488947;B
20240418;100111;4193;46;10142488951;S
20240418;100111;4193;10;10142488973;S
20240418;100111;4193;3;10142488974;S
20240418;100111;4192.8;27;10142488975;S
20240418;100111;4194.600000000001;3;10142488992;B
20240418;100111;4194.600000000001;20;10142488993;B
20240418;100112;4193.2;1;10142489010;B
20240418;100112;4193;5;10142489030;S
20240418;100112;4193;10;10142489034;S
20240418;100112;4193;3;10142489040;S
20240418;100112;4193;37;10142489041;S
20240418;100112;4192.600000000001;1;10142489042;S
20240418;100112;4192.600000000001;1;10142489043;S
20240418;100112;4192.600000000001;22;10142489044;S
20240418;100112;4192.2;45;10142489045;S
20240418;100112;4192;128;10142489046;S
20240418;100112;4192;1;10142489047;S
20240418;100112;4192;1;10142489048;S
20240418;100112;4192;1;10142489049;S
20240418;100112;4192.8;1;10142489050;S
20240418;100112;4192.8;50;10142489051;S
20240418;100112;4192.8;3;10142489052;S
20240418;100112;4193.4;45;10142489056;B
20240418;100112;4193.8;15;10142489057;B
20240418;100112;4192.8;3;10142489079;S
20240418;100112;4192.2;100;10142489086;B
20240418;100112;4193.4;3;10142489089;B
20240418;100112;4193.4;7;10142489091;S
20240418;100112;4192;7;10142489092;S
20240418;100112;4191.8;6;10142489093;S
20240418;100112;4193.8;1;10142489095;B
20240418;100112;4191.8;14;10142489148;S
20240418;100112;4191.2;1;10142489149;S
20240418;100112;4191.2;15;10142489150;S
20240418;100112;4191.2;5;10142489168;S
20240418;100112;4191.2;17;10142489173;S
20240418;100112;4191;5;10142489174;S
20240418;100112;4191;33;10142489175;S
20240418;100112;4191;20;10142489176;S
20240418;100112;4191;21;10142489177;S
20240418;100112;4191;13;10142489178;S
20240418;100113;4190.600000000001;1;10142489180;S
20240418;100113;4190.600000000001;10;10142489209;S
20240418;100113;4190.600000000001;1;10142489218;S
20240418;100113;4190.600000000001;1;10142489219;S
20240418;100113;4190.600000000001;1;10142489220;S
20240418;100113;4190.600000000001;1;10142489221;S
20240418;100113;4190.600000000001;2;10142489222;S
20240418;100113;4190.4;1;10142489223;S
20240418;100113;4190.4;2;10142489224;S
20240418;100113;4190;5;10142489225;S
20240418;100113;4190.600000000001;10;10142489259;S
20240418;100113;4190.600000000001;1;10142489282;S
20240418;100113;4190.8;1;10142489295;B
20240418;100113;4190.8;2;10142489296;B
20240418;100113;4190.600000000001;3;10142489304;S
20240418;100113;4190.600000000001;1;10142489306;S
20240418;100113;4190;19;10142489307;S
20240418;100114;4190.8;1;10142489341;B
20240418;100114;4190;5;10142489350;S
20240418;100114;4190;12;10142489367;S
20240418;100114;4190;4;10142489370;S
20240418;100114;4190;45;10142489372;S
20240418;100114;4190;1;10142489373;S
20240418;100114;4190;54;10142489374;S
20240418;100114;4190;10;10142489379;S
20240418;100114;4190;1;10142489416;S
20240418;100114;4190;111;10142489431;S
20240418;100114;4190;2;10142489432;S
20240418;100114;4190;1;10142489433;S
20240418;100114;4190;1;10142489434;S
20240418;100114;4190;1;10142489435;S
20240418;100114;4190;19;10142489436;S
20240418;100114;4189.8;10;10142489460;S
20240418;100114;4189.2;10;10142489461;S
20240418;100114;4189;50;10142489462;S
20240418;100114;4188.8;21;10142489463;S
20240418;100114;4188.600000000001;12;10142489464;S
20240418;100114;4188.600000000001;32;10142489465;S
20240418;100114;4188;1;10142489473;S
20240418;100115;4188.4;2;10142489634;B
20240418;100115;4188.2;37;10142489663;S
20240418;100115;4188;73;10142489664;S
20240418;100115;4188.2;37;10142489709;S
20240418;100115;4188;11;10142489710;S
20240418;100115;4187;40;10142489711;S
20240418;100115;4186.8;10;10142489712;S
20240418;100115;4186.4;2;10142489713;S
20240418;100116;4187;1;10142489795;S
20240418;100116;4187;1;10142489796;S
20240418;100116;4187.4;1;10142489875;B
20240418;100116;4187.4;9;10142489876;B
20240418;100116;4187.4;20;10142489889;B
20240418;100116;4187.4;1;10142489921;B
20240418;100116;4186.600000000001;1;10142489991;S
20240418;100117;4186.8;10;10142490032;S
20240418;100117;4186.8;1;10142490034;S
20240418;100117;4187;1;10142490052;B
20240418;100118;4187;1;10142490187;B
20240418;100118;4187.2;1;10142490188;B
20240418;100118;4187.4;48;10142490189;B
20240418;100118;4186.8;1;10142490274;S
20240418;100119;4187;1;10142490409;S
20240418;100119;4186.8;13;10142490410;S
20240418;100119;4186.8;1;10142490411;S
20240418;100119;4186.600000000001;1;10142490412;S
20240418;100119;4186.600000000001;72;10142490413;S
20240418;100119;4186.4;37;10142490414;S
20240418;100119;4186.4;40;10142490415;S
20240418;100119;4186;25;10142490416;S
20240418;100119;4185.4;10;10142490417;S
20240418;100119;4187.2;1;10142490421;B
20240418;100119;4187.600000000001;3;10142490422;B
20240418;100119;4188;2;10142490423;B
20240418;100119;4188.600000000001;18;10142490424;B
20240418;100119;4187;13;10142490453;S
20240418;100120;4187.2;1;10142490661;S
20240418;100121;4187.2;50;10142490912;S
20240418;100123;4186.2;3;10142491339;S
20240418;100123;4186.2;5;10142491340;S
20240418;100123;4187.8;3;10142491361;B
20240418;100123;4188;1;10142491362;B
20240418;100123;4188;1;10142491363;B
20240418;100123;4188;6;10142491373;B
20240418;100123;4187.2;5;10142491456;S
20240418;100123;4187;5;10142491457;S
20240418;100123;4187;5;10142491460;S
20240418;100124;4188;45;10142491504;B
20240418;100124;4188.2;6;10142491505;B
20240418;100124;4188.8;50;10142491506;B
20240418;100124;4189.8;37;10142491507;B
20240418;100124;4190;1;10142491508;B
20240418;100124;4190.4;5;10142491509;B
20240418;100124;4188;25;10142491528;S
20240418;100125;4190.600000000001;5;10142491582;B
20240418;100125;4190.600000000001;2;10142491596;B
20240418;100126;4188.8;4;10142491829;S
20240418;100126;4188.8;20;10142491918;S
20240418;100126;4188.8;41;10142491956;S
20240418;100126;4188.8;72;10142491957;S
20240418;100126;4188.600000000001;3;10142491958;S
20240418;100126;4188.600000000001;40;10142491959;S
20240418;100126;4188.2;30;10142491960;S
20240418;100126;4188;1;10142491961;S
20240418;100126;4187.600000000001;23;10142491962;S
20240418;100126;4187.4;30;10142491963;S
20240418;100127;4189;2;10142492037;S
20240418;100127;4189;1;10142492038;S
20240418;100127;4188;1;10142492039;S
20240418;100127;4187.2;3;10142492040;S
20240418;100127;4187.2;23;10142492041;S
20240418;100127;4188.2;20;10142492053;S
20240418;100127;4187.2;42;10142492054;S
20240418;100127;4187.2;38;10142492055;S
20240418;100128;4187;10;10142492240;S
20240418;100128;4187;30;10142492241;S
20240418;100128;4187.8;45;10142492257;B
20240418;100128;4188.4;9;10142492287;B
20240418;100128;4188.2;1;10142492296;S
20240418;100128;4188;5;10142492297;S
20240418;100128;4187.2;8;10142492298;S
20240418;100128;4187.2;28;10142492299;S
20240418;100129;4187;1;10142492324;S
20240418;100129;4187;9;10142492369;S
20240418;100129;4187;1;10142492370;S
20240418;100129;4188.4;1;10142492501;B
20240418;100131;4187;3;10142492809;S
20240418;100131;4187.8;3;10142492873;B
20240418;100131;4187.8;11;10142492874;B
20240418;100131;4187;3;10142492890;S
20240418;100132;4187.8;34;10142492924;B
20240418;100132;4188;3;10142492925;B
20240418;100132;4188.600000000001;2;10142492926;B
20240418;100132;4189;3;10142492927;B
20240418;100132;4190;11;10142492928;B
20240418;100132;4189.2;3;10142492965;B
20240418;100132;4190;26;10142492966;B
20240418;100132;4190.600000000001;71;10142492967;S
20240418;100132;4188.8;3;10142492969;S
20240418;100132;4188.2;17;10142492970;S
20240418;100134;4190;2;10142493226;B
20240418;100134;4190.4;1;10142493227;B
20240418;100134;4190.600000000001;2;10142493228;B
20240418;100134;4190.4;1;10142493327;S
20240418;100134;4189.4;1;10142493328;S
20240418;100134;4189.4;16;10142493329;S
20240418;100135;4189.4;24;10142493343;S
20240418;100135;4189.2;3;10142493344;S
20240418;100135;4189.2;9;10142493345;S
20240418;100136;4190.8;1;10142493642;B
20240418;100136;4191;41;10142493643;B
20240418;100136;4191.8;45;10142493644;B
20240418;100136;4191.8;13;10142493645;B
20240418;100137;4191;5;10142493878;S
20240418;100141;4192.4;37;10142494531;B
20240418;100141;4192.600000000001;3;10142494532;B
20240418;100141;4193.600000000001;5;10142494533;B
20240418;100141;4193.8;26;10142494534;B
20240418;100142;4194;30;10142494708;B
20240418;100142;4193.600000000001;2;10142494794;S
20240418;100143;4193.600000000001;48;10142495075;S
20240418;100143;4193;3;10142495076;S
20240418;100143;4192.600000000001;2;10142495077;S
20240418;100143;4192.2;1;10142495078;S
20240418;100143;4192.2;63;10142495079;B
20240418;100144;4192;72;10142495475;S
20240418;100144;4191.8;50;10142495476;S
20240418;100144;4191.600000000001;5;10142495477;S
20240418;100144;4191.4;2;10142495478;S
20240418;100144;4191.2;1;10142495479;S
20240418;100144;4191;5;10142495480;S
20240418;100144;4192.4;5;10142495503;B
20240418;100148;4193;3;10142496447;B
20240418;100148;4193;2;10142496470;B
20240418;100148;4193.4;3;10142496471;B
20240418;100150;4193.4;1;10142496810;B
20240418;100151;4193;30;10142497000;S
20240418;100151;4192.2;3;10142497001;S
20240418;100151;4192;4;10142497002;S
20240418;100151;4191.4;72;10142497003;S
20240418;100151;4191.2;45;10142497004;S
20240418;100151;4191;5;10142497005;S
20240418;100151;4191;2;10142497006;S
20240418;100151;4190.4;2;10142497041;S
20240418;100151;4190.2;2;10142497042;S
20240418;100152;4191;10;10142497100;B
20240418;100152;4190.2;63;10142497197;S
20240418;100152;4190.2;37;10142497198;S
20240418;100153;4190.600000000001;2;10142497263;B
20240418;100153;4190.8;1;10142497392;B
20240418;100154;4190.2;72;10142497470;S
20240418;100154;4190.2;28;10142497471;S
20240418;100154;4190.4;1;10142497643;S
20240418;100154;4190.2;39;10142497644;S
20240418;100154;4190;11;10142497655;S
20240418;100154;4190;2;10142497661;S
20240418;100155;4190;1;10142497667;S
20240418;100155;4190;5;10142497679;S
20240418;100155;4190;30;10142497715;S
20240418;100155;4190.2;7;10142497731;B
20240418;100155;4190.2;3;10142497732;B
20240418;100155;4190;1;10142497748;S
20240418;100155;4190;13;10142497749;S
20240418;100155;4190;9;10142497750;S
20240418;100155;4190.2;2;10142497774;B
20240418;100155;4190.2;1;10142497803;B
20240418;100156;4190;13;10142497867;S
20240418;100156;4190;17;10142497868;S
20240418;100156;4190;1;10142497887;S
20240418;100156;4190.2;1;10142497889;B
20240418;100156;4190;1;10142497955;S
20240418;100157;4190;10;10142498149;S
20240418;100157;4190;8;10142498184;S
20240418;100157;4190;22;10142498185;S
20240418;100158;4190;2;10142498278;S
20240418;100158;4190;30;10142498297;S
20240418;100158;4190;10;10142498309;S
20240418;100158;4190;300;10142498343;S
20240418;100158;4190;5;10142498344;S
20240418;100158;4190;1;10142498345;S
20240418;100158;4190;37;10142498346;S
20240418;100159;4189.4;5;10142498496;B
20240418;100159;4189;2;10142498549;S
20240418;100159;4189;5;10142498578;S
20240418;100200;4189.2;13;10142498873;B
20240418;100200;4189.2;2;10142498908;B
20240418;100200;4189;5;10142498971;S
20240418;100201;4189;3;10142499282;S
20240418;100202;4189.2;35;10142499590;B
20240418;100202;4189.2;39;10142499591;B
20240418;100202;4189.2;10;10142499594;B
20240418;100202;4189.2;1;10142499595;B
20240418;100203;4189;3;10142499728;S
20240418;100205;4189.600000000001;1;10142500179;B
20240418;100205;4189.600000000001;10;10142500180;B
20240418;100206;4189.8;4;10142500307;B
20240418;100206;4189.600000000001;15;10142500384;B
20240418;100207;4189.4;2;10142500478;S
20240418;100207;4189.4;1;10142500513;S
20240418;100208;4189.4;13;10142500600;S
20240418;100208;4189.4;10;10142500601;S
20240418;100208;4189.4;2;10142500604;S
20240418;100208;4189.4;20;10142500611;S
20240418;100208;4189.8;1;10142500618;B
20240418;100209;4189.2;1;10142500841;S
20240418;100209;4189;2;10142500842;S
20240418;100209;4189;2;10142500843;S
20240418;100211;4189.8;10;10142501212;B
20240418;100212;4189.600000000001;1;10142501425;S
20240418;100212;4189.8;7;10142501518;B
20240418;100212;4190;145;10142501520;B
20240418;100212;4190;16;10142501521;B
20240418;100212;4190;10;10142501522;B
20240418;100212;4190;112;10142501523;B
20240418;100212;4190.2;200;10142501524;B
20240418;100212;4190.2;10;10142501525;B
20240418;100212;4190.2;71;10142501526;B
20240418;100212;4190.4;3;10142501527;B
20240418;100212;4190.4;1;10142501528;B
20240418;100212;4190.4;1;10142501529;B
20240418;100212;4190.4;1;10142501530;B
20240418;100212;4190.4;1;10142501531;B
20240418;100212;4190.4;1;10142501532;B
20240418;100212;4190.4;1;10142501533;B
20240418;100212;4190.4;1;10142501534;B
20240418;100212;4190.4;1;10142501535;B
20240418;100212;4190.4;1;10142501536;B
20240418;100212;4190.4;1;10142501537;B
20240418;100212;4190.4;1;10142501538;B
20240418;100212;4190.4;1;10142501539;B
20240418;100212;4190.4;1;10142501540;B
20240418;100212;4190.4;1;10142501541;B
20240418;100212;4190.4;1;10142501542;B
20240418;100212;4190.4;1;10142501543;B
20240418;100212;4190.4;1;10142501544;B
20240418;100212;4190.4;1;10142501545;B
20240418;100212;4190.4;1;10142501546;B
20240418;100212;4190.4;1;10142501547;B
20240418;100212;4190.4;1;10142501548;B
20240418;100212;4190.4;1;10142501549;B
20240418;100212;4190.4;1;10142501550;B
20240418;100212;4190.4;1;10142501551;B
20240418;100212;4190.600000000001;100;10142501552;B
20240418;100212;4191;304;10142501554;B
20240418;100212;4191;525;10142501555;B
20240418;100212;4193.4;16;10142501556;B
20240418;100213;4194;30;10142501735;B
20240418;100213;4194;70;10142501785;B
20240418;100213;4194;25;10142501786;B
20240418;100213;4194.2;10;10142501788;B
20240418;100213;4195;1;10142501856;S
20240418;100213;4195;4;10142501892;S
20240418;100213;4195;13;10142501912;S
20240418;100214;4195;20;10142502014;S
20240418;100214;4195;11;10142502026;S
20240418;100214;4195;5;10142502044;S
20240418;100214;4195.2;1;10142502079;B
20240418;100214;4195;37;10142502169;S
20240418;100214;4195;2;10142502170;S
20240418;100214;4194.8;15;10142502171;S
20240418;100214;4195;1;10142502214;S
20240418;100214;4195;12;10142502215;S
20240418;100215;4195.2;15;10142502385;B
20240418;100215;4195.2;10;10142502427;B
20240418;100215;4196.600000000001;3;10142502439;B
20240418;100215;4196.600000000001;22;10142502440;B
20240418;100216;4195;2;10142502735;S
20240418;100218;4196.8;3;10142503169;B
20240418;100219;4195;5;10142503397;S
20240418;100220;4197;10;10142503504;B
20240418;100220;4195.2;1;10142503561;S
20240418;100220;4195;14;10142503562;S
20240418;100223;4195.2;1;10142504000;S
20240418;100226;4197;5;10142504542;B
20240418;100226;4197.2;119;10142504543;B
20240418;100226;4197.4;15;10142504544;B
20240418;100226;4197.600000000001;1;10142504545;B
20240418;100227;4198;5;10142504669;B
20240418;100227;4198.4;1;10142504695;B
20240418;100227;4197.8;1;10142504702;S
20240418;100228;4198.2;1;10142504868;S
20240418;100228;4198.2;2;10142504893;S
20240418;100229;4198.4;99;10142504956;B
20240418;100229;4198.600000000001;15;10142504957;B
20240418;100229;4199.2;5;10142504958;B
20240418;100229;4198.8;5;10142505055;S
20240418;100229;4199.600000000001;40;10142505149;B
20240418;100229;4199.600000000001;1;10142505150;B
20240418;100229;4199.8;9;10142505151;B
20240418;100230;4198.600000000001;1;10142505172;S
20240418;100230;4199.8;6;10142505225;B
20240418;100230;4199.8;12;10142505226;B
20240418;100230;4199.8;10;10142505227;B
20240418;100230;4199.8;1;10142505228;B
20240418;100230;4199.8;1;10142505229;B
20240418;100230;4199.8;1;10142505230;B
20240418;100230;4200;20;10142505231;B
20240418;100230;4200;1;10142505232;B
20240418;100230;4200;5;10142505233;B
20240418;100230;4200;14;10142505234;B
20240418;100230;4200;2;10142505235;B
20240418;100230;4200;3;10142505236;B
20240418;100230;4200;2;10142505237;B
20240418;100230;4200.2;15;10142505238;B
20240418;100230;4200.8;12;10142505239;B
20240418;100230;4201.2;1;10142505245;B
20240418;100230;4202.4;1;10142505263;B
20240418;100230;4202.4;17;10142505272;B
20240418;100230;4202.4;22;10142505318;B
20240418;100230;4202.4;200;10142505319;B
20240418;100230;4202.600000000001;15;10142505320;B
20240418;100230;4203;40;10142505321;B
20240418;100230;4203;100;10142505322;B
20240418;100230;4203.600000000001;5;10142505323;B
20240418;100230;4203.8;1;10142505324;B
20240418;100230;4203.8;37;10142505325;B
20240418;100230;4204;60;10142505326;B
20240418;100230;4204.2;40;10142505327;B
20240418;100230;4205;5;10142505328;B
20240418;100230;4205;1;10142505329;B
20240418;100230;4205;106;10142505330;B
20240418;100230;4204.600000000001;4;10142505339;S
20240418;100230;4204.2;1;10142505340;S
20240418;100230;4205.8;4;10142505343;B
20240418;100230;4206;37;10142505344;B
20240418;100230;4206.2;9;10142505345;B
20240418;100230;4206;2;10142505346;B
20240418;100230;4206.4;1;10142505347;B
20240418;100230;4206.4;14;10142505348;B
20240418;100230;4207.4;30;10142505349;B
20240418;100230;4207.600000000001;72;10142505350;B
20240418;100230;4207.4;23;10142505354;B
20240418;100231;4208;1;10142505429;B
20240418;100231;4206;1;10142505437;S
20240418;100231;4206;3;10142505438;S
20240418;100231;4205;2;10142505472;S
20240418;100231;4204.8;2;10142505473;S
20240418;100231;4204.8;65;10142505474;S
20240418;100231;4204.600000000001;4;10142505475;S
20240418;100231;4204.600000000001;14;10142505476;S
20240418;100231;4204.4;54;10142505477;S
20240418;100231;4207.8;2;10142505482;B
20240418;100231;4204.600000000001;25;10142505527;S
20240418;100231;4204.4;4;10142505528;S
20240418;100231;4204.2;14;10142505529;S
20240418;100231;4203.8;37;10142505530;S
20240418;100231;4202.600000000001;72;10142505531;S
20240418;100231;4202.600000000001;41;10142505532;S
20240418;100231;4202.4;45;10142505533;S
20240418;100231;4202.2;16;10142505534;S
20240418;100231;4201.8;2;10142505535;B
20240418;100231;4201.8;18;10142505536;B
20240418;100234;4204.600000000001;15;10142505957;S
20240418;100235;4202.2;11;10142506217;S
20240418;100235;4204.8;1;10142506229;B
20240418;100235;4204.8;5;10142506230;B
20240418;100235;4205;8;10142506231;B
20240418;100235;4205.2;4;10142506232;B
20240418;100235;4206;17;10142506233;B
20240418;100235;4204.600000000001;1;10142506265;B
20240418;100235;4205.8;3;10142506266;B
20240418;100236;4205.600000000001;1;10142506404;B
20240418;100236;4205.8;1;10142506405;B
20240418;100236;4206;75;10142506406;B
20240418;100237;4205.8;1;10142506536;B
20240418;100237;4205.8;40;10142506537;B
20240418;100237;4206.2;59;10142506538;B
20240418;100238;4205.4;5;10142506781;S
20240418;100240;4206.4;1;10142507259;B
20240418;100240;4207.2;37;10142507260;B
20240418;100240;4207.600000000001;1;10142507261;B
20240418;100240;4208;61;10142507262;B
20240418;100240;4208.2;5;10142507287;B
20240418;100240;4208.4;20;10142507288;B
20240418;100241;4207.4;1;10142507404;S
20240418;100242;4208.4;7;10142507517;B
20240418;100242;4208;7;10142507563;S
20240418;100242;4207.8;10;10142507602;S
20240418;100242;4207.600000000001;5;10142507642;S
20240418;100242;4207.600000000001;10;10142507647;S
20240418;100243;4207;2;10142507746;S
20240418;100244;4208.2;72;10142507865;B
20240418;100244;4208.4;73;10142507866;B
20240418;100244;4208.600000000001;5;10142507867;B
20240418;100244;4209;40;10142507868;B
20240418;100244;4209.2;10;10142507869;B
20240418;100244;4208.2;1;10142507907;S
20240418;100244;4208;1;10142507920;S
20240418;100244;4209;100;10142507972;B
20240418;100246;4208;5;10142508257;S
20240418;100246;4208.8;1;10142508261;S
20240418;100247;4208.4;1;10142508330;S
20240418;100247;4208;39;10142508331;S
20240418;100247;4208;1;10142508332;S
20240418;100247;4208;2;10142508333;S
20240418;100247;4206.8;1;10142508345;S
20240418;100247;4207.600000000001;1;10142508379;S
20240418;100248;4209;72;10142508482;B
20240418;100248;4209.2;100;10142508483;B
20240418;100248;4209.2;1;10142508484;B
20240418;100248;4209.4;37;10142508485;B
20240418;100248;4209.4;1;10142508486;B
20240418;100248;4209.600000000001;10;10142508487;B
20240418;100248;4209.8;16;10142508488;B
20240418;100248;4210;1;10142508489;B
20240418;100248;4210;10;10142508490;B
20240418;100248;4210;50;10142508491;B
20240418;100248;4210;20;10142508492;B
20240418;100248;4210;1;10142508493;B
20240418;100248;4210;2;10142508494;B
20240418;100248;4210;10;10142508495;B
20240418;100248;4210;4;10142508496;B
20240418;100248;4210;3;10142508497;B
20240418;100248;4210.8;1;10142508498;B
20240418;100248;4211;35;10142508499;B
20240418;100248;4211;181;10142508500;S
20240418;100248;4209.600000000001;1;10142508535;B
20240418;100248;4209.600000000001;2;10142508536;B
20240418;100248;4209.600000000001;10;10142508547;B
20240418;100248;4208.2;4;10142508585;S
20240418;100248;4208;1;10142508586;S
20240418;100249;4209.4;4;10142508796;B
20240418;100249;4209.600000000001;88;10142508797;B
20240418;100249;4211;72;10142508798;B
20240418;100249;4211;37;10142508799;B
20240418;100249;4211.4;8;10142508800;B
20240418;100249;4211.600000000001;6;10142508801;B
20240418;100249;4211.600000000001;10;10142508802;B
20240418;100249;4211.8;52;10142508803;B
20240418;100249;4211.8;65;10142508804;B
20240418;100249;4212;1;10142508805;B
20240418;100249;4212;34;10142508806;B
20240418;100250;4211.600000000001;2;10142508966;B
20240418;100250;4211.8;7;10142508967;B
20240418;100251;4211.8;30;10142509044;B
20240418;100251;4211.8;70;10142509045;B
20240418;100251;4211.4;1;10142509123;S
20240418;100251;4212;116;10142509144;B
20240418;100251;4212.600000000001;20;10142509145;B
20240418;100251;4212.8;20;10142509146;B
20240418;100251;4212.8;5;10142509147;B
20240418;100251;4212.8;20;10142509148;B
20240418;100251;4213;1;10142509149;B
20240418;100251;4213;10;10142509150;B
20240418;100251;4213;10;10142509151;B
20240418;100251;4213;10;10142509152;B
20240418;100251;4213.2;37;10142509153;B
20240418;100251;4213.600000000001;23;10142509154;B
20240418;100251;4213.600000000001;5;10142509155;B
20240418;100251;4213.600000000001;1;10142509156;B
20240418;100251;4213.8;1;10142509157;B
20240418;100251;4214;50;10142509158;B
20240418;100251;4214;50;10142509159;B
20240418;100251;4214;61;10142509160;B
20240418;100251;4212.4;20;10142509161;S
20240418;100251;4213.8;5;10142509167;B
20240418;100251;4212.4;10;10142509170;S
20240418;100251;4213.2;12;10142509171;S
20240418;100252;4213.8;32;10142509188;B
20240418;100252;4214;39;10142509189;B
20240418;100252;4214;10;10142509190;B
20240418;100252;4214.2;8;10142509191;B
20240418;100252;4214.4;12;10142509192;B
20240418;100252;4214.600000000001;1;10142509193;B
20240418;100252;4214.600000000001;33;10142509194;B
20240418;100252;4214.600000000001;67;10142509228;B
20240418;100252;4214;10;10142509248;B
20240418;100252;4214.4;50;10142509249;B
20240418;100252;4214.600000000001;150;10142509250;B
20240418;100252;4214.8;1;10142509251;B
20240418;100252;4214.8;10;10142509252;B
20240418;100252;4214.8;10;10142509253;B
20240418;100252;4214.8;1;10142509254;B
20240418;100252;4214.8;12;10142509255;B
20240418;100252;4215;756;10142509256;B
20240418;100252;4214;10;10142509257;S
20240418;100252;4215;3;10142509268;B
20240418;100253;4215;40;10142509327;B
20240418;100253;4214;10;10142509329;S
20240418;100253;4215;1;10142509346;B
20240418;100253;4215;135;10142509356;B
20240418;100253;4215;150;10142509389;B
20240418;100253;4215;97;10142509390;B
20240418;100253;4215;23;10142509391;B
20240418;100253;4214.8;10;10142509392;S
20240418;100253;4215;2236;10142509393;B
20240418;100253;4215;10;10142509394;B
20240418;100253;4215;1;10142509395;B
20240418;100253;4215;1;10142509396;B
20240418;100253;4215;1;10142509397;B
20240418;100253;4215;70;10142509398;B
20240418;100253;4215;10;10142509399;B
20240418;100253;4215;1;10142509400;B
20240418;100253;4215;10;10142509401;B
20240418;100253;4215;1;10142509402;B
20240418;100253;4215;10;10142509403;B
20240418;100253;4215;2;10142509404;B
20240418;100253;4215;17;10142509405;B
20240418;100253;4216;1;10142509406;B
20240418;100253;4216.2;3;10142509432;B
20240418;100253;4216.2;7;10142509436;B
20240418;100253;4216.4;1;10142509437;B
20240418;100253;4217;1;10142509438;B
20240418;100253;4217.8;51;10142509439;B
20240418;100253;4218;1;10142509449;B
20240418;100253;4218;15;10142509450;B
20240418;100253;4218;1;10142509451;B
20240418;100253;4218;13;10142509460;B
20240418;100253;4218;20;10142509463;B
20240418;100253;4218;1;10142509464;B
20240418;100253;4218;2;10142509465;B
20240418;100253;4218;1;10142509473;B
20240418;100254;4217.4;1;10142509502;S
20240418;100254;4218;2;10142509503;B
20240418;100254;4218;46;10142509541;B
20240418;100254;4217.600000000001;29;10142509557;S
20240418;100254;4217.4;199;10142509558;S
20240418;100254;4217;45;10142509559;S
20240418;100254;4216.8;96;10142509560;S
20240418;100254;4216.4;5;10142509561;S
20240418;100254;4216;37;10142509562;S
20240418;100254;4216;1;10142509563;S
20240418;100254;4215.600000000001;63;10142509564;S
20240418;100254;4215;2;10142509565;S
20240418;100254;4214.600000000001;5;10142509566;S
20240418;100254;4214.4;18;10142509567;S
20240418;100254;4217.8;11;10142509573;B
20240418;100254;4216.4;1;10142509597;B
20240418;100254;4216.4;2;10142509611;B
20240418;100254;4217.8;31;10142509612;B
20240418;100254;4217.8;5;10142509613;B
20240418;100254;4218;49;10142509614;B
20240418;100254;4218;17;10142509615;B
20240418;100254;4218.4;37;10142509616;B
20240418;100254;4218.600000000001;5;10142509617;B
20240418;100254;4219;8;10142509618;B
20240418;100254;4219.4;10;10142509619;B
20240418;100254;4219.600000000001;38;10142509620;B
20240418;100254;4217.2;1;10142509622;S
20240418;100254;4215.8;1;10142509653;S
20240418;100254;4216.8;3;10142509654;B
20240418;100254;4216.8;1;10142509655;B
20240418;100254;4215;2;10142509673;S
20240418;100256;4214.8;1;10142509906;B
20240418;100256;4215;2;10142509907;B
20240418;100256;4215.2;1;10142509908;B
20240418;100256;4215.600000000001;1;10142509909;B
20240418;100256;4216;2;10142509910;B
20240418;100256;4216.2;3;10142509911;B
20240418;100256;4216.2;65;10142509940;B
20240418;100256;4216.2;72;10142509941;B
20240418;100256;4216.4;1;10142509942;B
20240418;100256;4216.4;30;10142509943;B
20240418;100256;4216.4;1;10142509944;B
20240418;100256;4216.600000000001;31;10142509945;B
20240418;100256;4216;1;10142510043;B
20240418;100256;4216.600000000001;2;10142510044;B
20240418;100256;4215.8;1;10142510071;B
20240418;100256;4216.600000000001;9;10142510072;B
20240418;100256;4216.600000000001;61;10142510087;B
20240418;100256;4216.8;5;10142510088;B
20240418;100256;4216.8;2;10142510089;B
20240418;100256;4216.8;65;10142510090;B
20240418;100256;4217;64;10142510091;B
20240418;100256;4215.600000000001;5;10142510111;S
20240418;100256;4215.4;45;10142510112;S
20240418;100257;4215.4;1;10142510209;B
20240418;100257;4215.600000000001;1;10142510210;B
20240418;100257;4215.8;72;10142510211;B
20240418;100257;4216;5;10142510212;B
20240418;100257;4216;65;10142510213;B
20240418;100257;4216.2;101;10142510214;B
20240418;100257;4216.2;99;10142510238;B
20240418;100257;4216.4;1;10142510239;B
20240418;100257;4216.8;1;10142510240;B
20240418;100257;4216.8;72;10142510241;B
20240418;100257;4217;227;10142510242;B
20240418;100257;4216;1;10142510270;B
20240418;100258;4217;109;10142510293;B
20240418;100258;4217;2;10142510294;B
20240418;100258;4217;20;10142510295;B
20240418;100258;4217.8;100;10142510296;B
20240418;100258;4218;1;10142510297;B
20240418;100258;4218;10;10142510298;B
20240418;100258;4218.600000000001;1;10142510299;B
20240418;100258;4218.600000000001;37;10142510300;B
20240418;100258;4219;6;10142510301;B
20240418;100258;4219.2;1;10142510302;B
20240418;100258;4219.2;72;10142510303;B
20240418;100258;4219.4;2;10142510304;B
20240418;100258;4219.4;10;10142510305;B
20240418;100258;4219.4;28;10142510306;B
20240418;100258;4219.600000000001;65;10142510307;B
20240418;100258;4219.8;45;10142510308;B
20240418;100258;4219.8;10;10142510309;B
20240418;100258;4219.8;1;10142510310;B
20240418;100258;4220;1;10142510311;B
20240418;100258;4220;49;10142510312;B
20240418;100258;4218.8;1;10142510349;S
20240418;100258;4218.8;10;10142510364;S
20240418;100258;4219;10;10142510368;S
20240418;100258;4219;5;10142510375;S
20240418;100258;4219.8;65;10142510388;B
20240418;100258;4220;71;10142510389;B
20240418;100258;4220;23;10142510390;B
20240418;100258;4220;22;10142510401;B
20240418;100258;4220;5;10142510402;B
20240418;100258;4220;2;10142510403;B
20240418;100258;4220;5;10142510404;B
20240418;100258;4220;1;10142510405;B
20240418;100258;4220;190;10142510406;B
20240418;100258;4218;4;10142510422;B
20240418;100258;4216.8;2;10142510423;S
20240418;100258;4218;38;10142510428;B
20240418;100258;4219;8;10142510429;B
20240418;100258;4219.8;2;10142510430;B
20240418;100258;4219.8;6;10142510431;B
20240418;100258;4220;96;10142510432;B
20240418;100258;4216.8;10;10142510451;S
20240418;100258;4216.8;12;10142510461;S
20240418;100259;4217.8;1;10142510570;B
20240418;100259;4218;3;10142510571;S
20240418;100259;4218.4;10;10142510575;B
20240418;100259;4218;1;10142510581;S
20240418;100259;4218.4;62;10142510593;B
20240418;100259;4218.4;2;10142510594;B
20240418;100259;4218.600000000001;45;10142510595;B
20240418;100259;4219.600000000001;65;10142510596;B
20240418;100259;4219.8;1;10142510597;B
20240418;100259;4219.8;11;10142510598;B
20240418;100259;4220;14;10142510599;B
20240418;100259;4219.8;72;10142510621;B
20240418;100259;4220;128;10142510622;B
20240418;100259;4219.8;1;10142510634;S
20240418;100259;4217.600000000001;5;10142510654;S
20240418;100259;4217.4;9;10142510655;S
20240418;100259;4219.8;5;10142510659;B
20240418;100259;4220;25;10142510660;B
20240418;100259;4220;3;10142510670;B
20240418;100300;4219.4;1;10142510737;S
20240418;100300;4219.4;1;10142510749;S
20240418;100300;4218;1;10142510766;S
20240418;100300;4218;1;10142510775;S
20240418;100300;4218;10;10142510849;S
20240418;100300;4218.2;1;10142510917;S
20240418;100301;4219.600000000001;1;10142510936;B
20240418;100301;4219.600000000001;45;10142510937;B
20240418;100301;4219.8;10;10142510938;B
20240418;100301;4220;24;10142510939;B
20240418;100301;4218.8;1;10142511007;B
20240418;100301;4218.600000000001;10;10142511008;S
20240418;100301;4219.600000000001;2;10142511075;B
20240418;100301;4219.600000000001;3;10142511086;B
20240418;100301;4219.600000000001;37;10142511087;B
20240418;100301;4219.4;1;10142511093;B
20240418;100301;4219.8;25;10142511094;B
20240418;100301;4220;10;10142511095;B
20240418;100302;4219.4;1;10142511118;B
20240418;100302;4220;1;10142511119;B
20240418;100302;4219.4;4;10142511122;B
20240418;100302;4219.4;1;10142511150;B
20240418;100302;4219.8;18;10142511151;B
20240418;100302;4220;1;10142511152;B
20240418;100302;4218.600000000001;20;10142511158;S
20240418;100302;4218.4;2;10142511159;S
20240418;100302;4218.2;18;10142511160;S
20240418;100302;4218;1;10142511161;S
20240418;100302;4218;5;10142511162;S
20240418;100302;4217.8;15;10142511163;S
20240418;100302;4217.4;2;10142511164;S
20240418;100302;4217.4;37;10142511165;S
20240418;100302;4219.2;1;10142511166;B
20240418;100302;4220;7;10142511167;B
20240418;100302;4219.8;5;10142511171;B
20240418;100302;4220;15;10142511172;B
20240418;100302;4219.600000000001;35;10142511179;B
20240418;100302;4217.2;10;10142511197;S
20240418;100302;4217.2;10;10142511203;S
20240418;100302;4219.2;1;10142511204;B
20240418;100302;4219.600000000001;4;10142511205;B
20240418;100302;4219.600000000001;30;10142511214;B
20240418;100303;4219.600000000001;5;10142511219;B
20240418;100303;4219.600000000001;7;10142511220;B
20240418;100303;4219.600000000001;7;10142511263;B
20240418;100303;4219.600000000001;7;10142511265;B
20240418;100303;4219.4;1;10142511270;B
20240418;100303;4219.600000000001;34;10142511271;B
20240418;100304;4218.8;1;10142511378;S
20240418;100304;4218;72;10142511422;S
20240418;100304;4217.8;5;10142511423;S
20240418;100304;4217.8;23;10142511424;S
20240418;100304;4219.2;1;10142511425;B
20240418;100304;4219.2;18;10142511426;B
20240418;100304;4219.4;5;10142511427;B
20240418;100304;4219.600000000001;21;10142511428;B
20240418;100304;4219.8;1;10142511429;B
20240418;100304;4219.8;9;10142511430;B
20240418;100304;4220;2;10142511431;B
20240418;100304;4220;10;10142511432;B
20240418;100304;4220;200;10142511433;B
20240418;100304;4220;10;10142511434;B
20240418;100304;4220;4;10142511435;B
20240418;100304;4220;1;10142511436;B
20240418;100304;4220;1;10142511437;B
20240418;100304;4220;217;10142511438;B
20240418;100304;4220;123;10142511510;B
20240418;100305;4220;5;10142511551;B
20240418;100305;4220;2;10142511558;B
20240418;100305;4220;20;10142511562;B
20240418;100305;4220;50;10142511582;B
20240418;100305;4220;5;10142511583;B
20240418;100305;4220;200;10142511584;B
20240418;100305;4220;2;10142511585;B
20240418;100305;4220;20;10142511604;B
20240418;100305;4219.600000000001;45;10142511608;S
20240418;100305;4219.4;1;10142511609;S
20240418;100305;4218.600000000001;2;10142511610;S
20240418;100305;4218.4;5;10142511611;S
20240418;100305;4218.2;46;10142511612;S
20240418;100305;4219.8;5;10142511634;B
20240418;100305;4220;35;10142511635;B
20240418;100305;4220;1;10142511644;B
20240418;100305;4220;1;10142511651;B
20240418;100306;4219.4;10;10142511671;S
20240418;100306;4219.4;1;10142511683;S
20240418;100306;4219.4;29;10142511778;S
20240418;100306;4219.2;1;10142511779;S
20240418;100306;4219.8;1;10142511852;B
20240418;100307;4219.8;1;10142511868;B
20240418;100307;4218.600000000001;1;10142511938;S
20240418;100307;4219;12;10142511958;B
20240418;100307;4218.600000000001;1;10142511963;S
20240418;100307;4218.600000000001;1;10142511974;S
20240418;100307;4218;3;10142511975;S
20240418;100307;4216.8;5;10142511976;S
20240418;100307;4216.600000000001;26;10142511977;S
20240418;100307;4216.4;15;10142511978;S
20240418;100308;4216.2;3;10142512035;S
20240418;100308;4218;5;10142512056;B
20240418;100308;4218.2;38;10142512057;B
20240418;100308;4216;1;10142512076;S
20240418;100308;4215.8;4;10142512077;S
20240418;100309;4216.8;1;10142512163;B
20240418;100309;4216.8;5;10142512164;B
20240418;100309;4217.600000000001;1;10142512165;B
20240418;100309;4217.8;43;10142512166;B
20240418;100309;4217.8;5;10142512187;B
20240418;100309;4217.8;67;10142512188;B
20240418;100309;4218;20;10142512189;B
20240418;100309;4218.2;46;10142512190;B
20240418;100309;4218.2;1;10142512195;B
20240418;100309;4218.4;25;10142512196;B
20240418;100309;4218.4;5;10142512197;B
20240418;100309;4218.8;25;10142512198;B
20240418;100309;4218.8;19;10142512199;B
20240418;100309;4219;1;10142512200;B
20240418;100309;4219.2;160;10142512201;B
20240418;100309;4219.2;40;10142512281;B
20240418;100309;4219.8;98;10142512282;B
20240418;100309;4219.8;125;10142512283;B
20240418;100309;4220;119;10142512284;B
20240418;100309;4220;4;10142512285;B
20240418;100309;4220;1;10142512286;B
20240418;100309;4220;30;10142512287;B
20240418;100309;4220;1;10142512288;B
20240418;100309;4220;1;10142512289;B
20240418;100309;4220;2;10142512290;B
20240418;100309;4220;40;10142512291;B
20240418;100309;4220;3;10142512292;B
20240418;100309;4220;3;10142512293;B
20240418;100309;4220;15;10142512294;B
20240418;100309;4220;1;10142512295;B
20240418;100309;4220;102;10142512296;B
20240418;100309;4220;1;10142512297;B
20240418;100309;4220;2;10142512298;B
20240418;100309;4220;12;10142512299;B
20240418;100309;4220;9;10142512300;B
20240418;100309;4220;5;10142512301;B
20240418;100309;4220;2;10142512302;B
20240418;100309;4220;2;10142512303;B
20240418;100309;4220;1;10142512304;B
20240418;100309;4220;1;10142512305;B
20240418;100309;4220.2;2;10142512306;B
20240418;100309;4220.4;310;10142512307;B
20240418;100309;4220.600000000001;2;10142512308;B
20240418;100309;4220.600000000001;2;10142512309;B
20240418;100309;4220.600000000001;30;10142512310;B
20240418;100309;4220.600000000001;37;10142512311;B
20240418;100309;4220.8;1;10142512312;B
20240418;100309;4220.8;100;10142512313;B
20240418;100309;4221.2;10;10142512314;B
20240418;100309;4221.2;15;10142512315;B
20240418;100309;4221.2;44;10142512316;B
20240418;100309;4222;1;10142512330;B
20240418;100309;4221.2;1;10142512404;S
20240418;100309;4222;3;10142512409;B
20240418;100309;4222;1;10142512410;B
20240418;100310;4221.4;1;10142512454;S
20240418;100310;4221.2;49;10142512455;S
20240418;100310;4221.2;1;10142512467;S
20240418;100310;4222;2;10142512493;B
20240418;100310;4222;48;10142512494;B
20240418;100310;4221.2;2;10142512498;S
20240418;100310;4222;52;10142512522;B
20240418;100310;4222;1;10142512523;B
20240418;100310;4222;1;10142512524;B
20240418;100310;4222;18;10142512525;B
20240418;100310;4222;1;10142512526;B
20240418;100310;4222;1;10142512527;B
20240418;100310;4222;26;10142512528;B
20240418;100310;4221.600000000001;1;10142512595;B
20240418;100311;4221.2;13;10142512638;S
20240418;100311;4221.600000000001;9;10142512647;B
20240418;100311;4221.600000000001;6;10142512648;B
20240418;100311;4221.600000000001;3;10142512673;B
20240418;100312;4221.4;35;10142512832;B
20240418;100312;4220.4;5;10142512855;S
20240418;100312;4220.2;19;10142512856;S
20240418;100312;4220;25;10142512857;S
20240418;100313;4220.2;5;10142513036;S
20240418;100313;4220.2;5;10142513039;S
20240418;100313;4220;12;10142513060;S
20240418;100314;4220.4;10;10142513074;B
20240418;100314;4220.8;1;10142513075;B
20240418;100314;4220.4;1;10142513122;B
20240418;100314;4220.4;4;10142513124;S
20240418;100314;4220.2;18;10142513125;S
20240418;100314;4220;63;10142513126;S
20240418;100314;4220;212;10142513127;S
20240418;100314;4220;10;10142513128;S
20240418;100314;4218.8;1;10142513169;B
20240418;100314;4218.4;50;10142513268;B
20240418;100314;4217;25;10142513324;S
20240418;100314;4217;100;10142513325;S
20240418;100314;4217;37;10142513326;S
20240418;100314;4216.8;5;10142513327;S
20240418;100314;4216.8;18;10142513328;S
20240418;100314;4215.8;35;10142513329;S
20240418;100314;4215.600000000001;2;10142513330;S
20240418;100314;4215.4;3;10142513331;S
20240418;100315;4217.4;5;10142513421;B
20240418;100315;4217.8;18;10142513422;B
20240418;100315;4218.2;45;10142513423;B
20240418;100315;4219.4;65;10142513424;B
20240418;100315;4216.600000000001;1;10142513432;S
20240418;100315;4219.2;5;10142513443;B
20240418;100315;4219.600000000001;5;10142513444;B
20240418;100315;4217.2;51;10142513455;B
20240418;100315;4217.4;1;10142513480;S
20240418;100315;4217.4;1;10142513489;S
20240418;100315;4218.4;1;10142513495;B
20240418;100316;4217.600000000001;2;10142513840;S
20240418;100316;4218;3;10142513891;B
20240418;100316;4218.600000000001;7;10142513892;B
20240418;100316;4218.600000000001;3;10142513902;B
20240418;100316;4218.600000000001;10;10142513903;B
20240418;100316;4218.600000000001;10;10142513904;B
20240418;100316;4218.600000000001;10;10142513905;B
20240418;100316;4218.8;26;10142513906;B
20240418;100316;4219;17;10142513907;B
20240418;100316;4219;2;10142513908;B
20240418;100316;4219.4;3;10142513909;B
20240418;100316;4219.8;19;10142513910;B
20240418;100316;4217.600000000001;1;10142513928;S
20240418;100316;4217.8;17;10142513938;S
20240418;100316;4217.8;69;10142513939;B
20240418;100317;4218.8;2;10142513963;B
20240418;100317;4220;95;10142513964;B
20240418;100317;4220;50;10142513972;B
20240418;100317;4218.8;1;10142514021;S
20240418;100317;4220;15;10142514103;B
20240418;100317;4220;156;10142514115;B
20240418;100318;4220;2;10142514176;B
20240418;100318;4220;25;10142514204;B
20240418;100318;4220;67;10142514241;B
20240418;100318;4220;1;10142514242;B
20240418;100319;4220.4;5;10142514383;S
20240418;100319;4220.2;2;10142514384;S
20240418;100319;4220.2;17;10142514385;S
20240418;100319;4220;45;10142514386;S
20240418;100319;4219.2;5;10142514387;S
20240418;100319;4219.2;16;10142514388;S
20240418;100319;4219;10;10142514389;S
20240418;100319;4219.2;8;10142514415;S
20240418;100319;4219;5;10142514416;S
20240418;100319;4219;30;10142514433;S
20240418;100319;4219.2;4;10142514533;S
20240418;100320;4219.600000000001;1;10142514638;B
20240418;100320;4218;1;10142514652;S
20240418;100321;4218.600000000001;1;10142514744;S
20240418;100322;4218.600000000001;72;10142514866;B
20240418;100322;4218.600000000001;2;10142514867;B
20240418;100322;4218.600000000001;26;10142514868;B
20240418;100322;4219;5;10142514894;B
20240418;100322;4219.4;72;10142514895;B
20240418;100322;4219.4;23;10142514896;B
20240418;100323;4219.600000000001;2;10142515068;B
20240418;100324;4218;1;10142515228;S
20240418;100324;4217.4;2;10142515229;S
20240418;100324;4217.2;2;10142515230;S
20240418;100325;4216;5;10142515474;S
20240418;100325;4216;1;10142515475;S
20240418;100325;4215.8;3;10142515476;S
20240418;100325;4215.8;37;10142515477;S
20240418;100325;4215.8;16;10142515478;S
20240418;100325;4215.600000000001;1;10142515479;S
20240418;100325;4215.4;37;10142515480;S
20240418;100326;4215.2;10;10142515556;S
20240418;100326;4217.2;1;10142515575;S
20240418;100326;4215.4;2;10142515594;S
20240418;100326;4215.2;134;10142515595;S
20240418;100326;4215.2;5;10142515596;S
20240418;100326;4215.2;215;10142515597;B
20240418;100326;4215;4;10142515599;S
20240418;100326;4216;1;10142515622;B
20240418;100326;4217.2;39;10142515623;B
20240418;100328;4216.600000000001;10;10142515939;B
20240418;100328;4215.600000000001;1;10142515954;S
20240418;100328;4215.600000000001;3;10142515966;S
20240418;100328;4216.600000000001;6;10142516019;B
20240418;100330;4215.600000000001;1;10142516197;S
20240418;100330;4215.600000000001;14;10142516198;S
20240418;100330;4215.4;10;10142516223;S
20240418;100330;4216.4;1;10142516224;B
20240418;100330;4216.4;4;10142516225;B
20240418;100330;4216.4;1;10142516283;B
20240418;100331;4215.4;5;10142516337;S
20240418;100331;4215.4;56;10142516370;S
20240418;100331;4215.4;29;10142516422;S
20240418;100331;4215.2;16;10142516423;S
20240418;100331;4215;1;10142516424;S
20240418;100331;4215;54;10142516425;S
20240418;100332;4215;161;10142516480;S
20240418;100332;4215;5;10142516481;S
20240418;100332;4215;5;10142516482;S
20240418;100332;4215;100;10142516483;S
20240418;100332;4214.8;16;10142516484;S
20240418;100332;4214.4;1;10142516485;S
20240418;100332;4213.600000000001;1;10142516546;S
20240418;100332;4213.600000000001;1;10142516548;S
20240418;100333;4213.4;12;10142516609;B
20240418;100333;4213.2;20;10142516681;B
20240418;100333;4213;1;10142516684;S
20240418;100333;4213;1;10142516685;S
20240418;100333;4212.8;1;10142516686;S
20240418;100333;4213;1;10142516689;B
20240418;100334;4213;1;10142516703;B
20240418;100334;4212.2;2;10142516704;S
20240418;100334;4212.4;8;10142516826;B
20240418;100335;4212.4;1;10142516853;B
20240418;100335;4212.2;1;10142516872;S
20240418;100335;4212.4;1;10142516910;B
20240418;100335;4212.4;3;10142516911;B
20240418;100336;4212.4;9;10142516985;B
20240418;100336;4212.4;3;10142516995;B
20240418;100336;4212.2;10;10142517094;S
20240418;100336;4212.2;24;10142517127;S
20240418;100336;4212;5;10142517128;S
20240418;100336;4212;1;10142517129;S
20240418;100337;4211.8;1;10142517275;S
20240418;100337;4211.8;36;10142517340;S
20240418;100337;4211.600000000001;5;10142517341;S
20240418;100337;4211.600000000001;16;10142517342;S
20240418;100337;4211.2;43;10142517343;B
20240418;100338;4211;1;10142517408;S
20240418;100338;4211;36;10142517503;S
20240418;100338;4210.8;50;10142517504;S
20240418;100338;4210.600000000001;16;10142517505;S
20240418;100338;4210.4;1;10142517506;S
20240418;100338;4210;97;10142517507;S
20240418;100338;4210.2;29;10142517560;S
20240418;100339;4210.2;8;10142517627;S
20240418;100339;4210;3;10142517628;S
20240418;100339;4210;1;10142517629;S
20240418;100339;4210;68;10142517630;S
20240418;100339;4210.2;37;10142517703;S
20240418;100339;4210;163;10142517704;S
20240418;100340;4210.600000000001;30;10142517773;B
20240418;100340;4210.600000000001;15;10142517774;B
20240418;100340;4210.600000000001;5;10142517775;B
20240418;100340;4210.2;37;10142517776;S
20240418;100340;4210.2;1;10142517777;S
20240418;100340;4210;568;10142517778;S
20240418;100340;4210;1;10142517779;S
20240418;100340;4210;110;10142517780;S
20240418;100340;4209.8;15;10142517781;S
20240418;100340;4209;5;10142517782;S
20240418;100340;4208.8;45;10142517783;S
20240418;100340;4208.4;9;10142517814;S
20240418;100340;4208.4;1;10142517835;S
20240418;100340;4208.4;10;10142517858;S
20240418;100340;4208;1;10142517882;S
20240418;100340;4206.8;5;10142517883;S
20240418;100341;4206.8;32;10142517891;S
20240418;100341;4206.600000000001;15;10142517892;S
20240418;100341;4206.4;53;10142517893;S
20240418;100341;4206.4;3;10142518020;S
20240418;100341;4207;7;10142518021;B
20240418;100342;4206.4;50;10142518055;S
20240418;100342;4206.8;10;10142518140;B
20240418;100342;4207.4;15;10142518160;B
20240418;100343;4207;1;10142518219;S
20240418;100343;4207;3;10142518224;S
20240418;100343;4207.4;5;10142518233;B
20240418;100343;4207.4;1;10142518234;B
20240418;100343;4207.4;1;10142518235;B
