<DATE>;<TIME>;<LAST>;<VOL>;<ID>;<OPER>
20240401;095947;4020;1;9991424064;S
20240401;095947;4020;1;9991424065;S
20240401;095947;4020;1;9991424066;S
20240401;095947;4020;1;9991424067;S
20240401;095947;4020;1;9991424068;S
20240401;095947;4020;1;9991424069;S
20240401;095947;4020;1;9991424070;S
20240401;095947;4020;20;9991424071;S
20240401;095947;4020;2;9991424072;S
20240401;095947;4020;2;9991424073;S
20240401;095947;4020;3;9991424074;S
20240401;095947;4020;1;9991424075;S
20240401;095947;4020;36;9991424076;S
20240401;095947;4020;6;9991424077;S
20240401;095947;4020;1;9991424078;S
20240401;095947;4020;17;9991424079;S
20240401;095947;4020;2;9991424080;S
20240401;095947;4020;9;9991424081;S
20240401;095947;4020;10;9991424082;S
20240401;095947;4020;150;9991424083;S
20240401;095947;4020;31;9991424084;S
20240401;095947;4020;1;9991424085;S
20240401;095947;4020;5;9991424086;B
20240401;095947;4020;4;9991424087;B
20240401;095947;4020;10;9991424088;S
20240401;095947;4020;1;9991424089;B
20240401;095947;4020;1;9991424090;B
20240401;095947;4020;1;9991424091;B
20240401;095947;4020;1;9991424092;B
20240401;095947;4020;1;9991424093;B
20240401;095947;4020;6;9991424094;B
20240401;095947;4020;5;9991424095;B
20240401;095947;4020;2;9991424096;B
20240401;095947;4020;1;9991424097;B
20240401;095947;4020;1;9991424098;B
20240401;095947;4020;13;9991424099;B
20240401;095947;4020;40;9991424100;B
20240401;095947;4020;1;9991424101;B
20240401;095947;4020;1;9991424102;B
20240401;095947;4020;1;9991424103;B
20240401;095947;4020;5;9991424104;B
20240401;095947;4020;18;9991424105;B
20240401;095947;4020;5;9991424106;B
20240401;095947;4020;71;9991424107;B
20240401;095947;4020;1;9991424108;B
20240401;095947;4020;8;9991424109;B
20240401;095947;4020;1;9991424110;B
20240401;095947;4020;1;9991424111;B
20240401;095947;4020;3;9991424112;B
20240401;095947;4020;1;9991424113;B
20240401;095947;4020;8;9991424114;B
20240401;095947;4020;2;9991424115;B
20240401;095947;4020;20;9991424116;B
20240401;095947;4020;1;9991424117;B
20240401;095947;4020;8;9991424118;B
20240401;095947;4020;2;9991424119;B
20240401;095947;4020;2;9991424120;B
20240401;095947;4020;1;9991424121;B
20240401;095947;4020;1;9991424122;B
20240401;095947;4020;14;9991424123;B
20240401;095947;4020;10;9991424124;B
20240401;095947;4020;6;9991424125;B
20240401;095947;4020;4;9991424126;B
20240401;095947;4020;5;9991424127;B
20240401;095947;4020;2;9991424128;B
20240401;095947;4020;4;9991424129;B
20240401;095947;4020;2;9991424130;S
20240401;095947;4020;64;9991424131;B
20240401;095947;4020;1;9991424132;B
20240401;095947;4020;1;9991424133;B
20240401;095947;4020;1;9991424134;B
20240401;095947;4020;1;9991424135;B
20240401;095947;4020;24;9991424136;B
20240401;095947;4020;59;9991424137;B
20240401;095947;4020;8;9991424138;B
20240401;095947;4020;5;9991424139;B
20240401;095947;4020;1;9991424140;S
20240401;095947;4020;1;9991424141;B
20240401;095947;4020;1;9991424142;B
20240401;095947;4020;1;9991424143;S
20240401;095947;4020;1;9991424144;B
20240401;095947;4020;4;9991424145;S
20240401;095947;4020;1;9991424146;S
20240401;095947;4020;3;9991424147;B
20240401;095947;4020;7;9991424148;B
20240401;095947;4020;8;9991424149;B
20240401;095947;4020;1;9991424150;B
20240401;095947;4020;1;9991424151;B
20240401;095947;4020;1;9991424152;B
20240401;095947;4020;1;9991424153;B
20240401;095947;4020;1;9991424154;B
20240401;095947;4020;1;9991424155;B
20240401;095947;4020;51;9991424156;B
20240401;095947;4020;4;9991424157;B
20240401;095947;4020;31;9991424158;B
20240401;095947;4020;1;9991424159;B
20240401;095947;4020;2;9991424160;B
20240401;095947;4020;1;9991424161;B
20240401;095947;4020;1;9991424162;B
20240401;095947;4020;5;9991424163;B
20240401;095947;4020;1;9991424164;B
20240401;095947;4020;1;9991424165;B
20240401;095947;4020;25;9991424166;B
20240401;095947;4020;40;9991424167;S
20240401;095947;4020;50;9991424168;S
20240401;095947;4020;2;9991424169;B
20240401;095947;4020;1;9991424170;B
20240401;095947;4020;1;9991424171;B
20240401;095947;4020;1;9991424172;S
20240401;095947;4020;3;9991424173;S
20240401;095947;4020;1;9991424174;S
20240401;095947;4020;3;9991424175;S
20240401;095947;4020;1;9991424176;S
20240401;095947;4020;1;9991424177;S
20240401;095947;4020;25;9991424178;B
20240401;095947;4020;2;9991424179;B
20240401;095947;4020;1;9991424180;B
20240401;095947;4020;2;9991424181;B
20240401;095947;4020;1;9991424182;B
20240401;095947;4020;1;9991424183;B
20240401;095947;4020;3;9991424184;B
20240401;095947;4020;2;9991424185;B
20240401;095947;4020;7;9991424186;B
20240401;095947;4020;2;9991424187;B
20240401;095947;4020;1;9991424188;B
20240401;095947;4020;1;9991424189;B
20240401;095947;4020;6;9991424190;B
20240401;095947;4020;1;9991424191;B
20240401;095947;4020;1;9991424192;B
20240401;095947;4020;2;9991424193;B
20240401;095947;4020;2;9991424194;B
20240401;095947;4020;12;9991424195;B
20240401;095947;4020;26;9991424196;B
20240401;095947;4020;4;9991424197;B
20240401;095947;4020;7;9991424198;B
20240401;095947;4020;1;9991424199;B
20240401;095947;4020;1;9991424200;B
20240401;095947;4020;1;9991424201;B
20240401;095947;4020;2;9991424202;B
20240401;095947;4020;2;9991424203;B
20240401;095947;4020;1;9991424204;B
20240401;095947;4020;1;9991424205;B
20240401;095947;4020;2;9991424206;B
20240401;095947;4020;21;9991424207;B
20240401;095947;4020;2;9991424208;B
20240401;095947;4020;65;9991424209;B
20240401;095947;4020;2;9991424210;B
20240401;095947;4020;1;9991424211;B
20240401;095947;4020;2;9991424212;B
20240401;095947;4020;2;9991424213;B
20240401;095947;4020;23;9991424214;B
20240401;095947;4020;2;9991424215;B
20240401;095947;4020;30;9991424216;B
20240401;095947;4020;28;9991424217;B
20240401;095947;4020;22;9991424218;S
20240401;095947;4020;1;9991424219;B
20240401;095947;4020;25;9991424220;B
20240401;095947;4020;50;9991424221;B
20240401;095947;4020;130;9991424222;B
20240401;095947;4020;35;9991424223;S
20240401;095947;4020;137;9991424224;S
20240401;095947;4020;25;9991424225;S
20240401;095947;4020;1;9991424226;B
20240401;095947;4020;6;9991424227;B
20240401;095947;4020;31;9991424228;S
20240401;095947;4020;3;9991424229;S
20240401;095947;4020;7;9991424230;B
20240401;095947;4020;3;9991424231;B
20240401;095947;4020;8;9991424232;B
20240401;095947;4020;62;9991424233;B
20240401;095947;4020;10;9991424234;B
20240401;095947;4020;2;9991424235;B
20240401;095947;4020;25;9991424236;B
20240401;095947;4020;1;9991424237;S
20240401;095947;4020;9;9991424238;S
20240401;095947;4020;41;9991424239;B
20240401;095947;4020;59;9991424240;B
20240401;095947;4020;16;9991424241;B
20240401;095947;4020;1;9991424242;B
20240401;095947;4020;25;9991424243;B
20240401;095947;4020;1;9991424244;B
20240401;095947;4020;4;9991424245;B
20240401;095947;4020;1;9991424246;B
20240401;095947;4020;36;9991424247;B
20240401;095947;4020;1;9991424248;B
20240401;095947;4020;4;9991424249;B
20240401;095947;4020;1;9991424250;B
20240401;095947;4020;6;9991424251;B
20240401;095947;4020;1;9991424252;B
20240401;095947;4020;3;9991424253;B
20240401;095947;4020;47;9991424254;B
20240401;095947;4020;2;9991424255;B
20240401;095947;4020;50;9991424256;B
20240401;095947;4020;1;9991424257;B
20240401;095947;4020;69;9991424258;B
20240401;095947;4020;1;9991424259;B
20240401;095947;4020;1;9991424260;B
20240401;095947;4020;2;9991424261;B
20240401;095947;4020;1;9991424262;B
20240401;095947;4020;5;9991424263;B
20240401;095947;4020;1;9991424264;B
20240401;095947;4020;5;9991424265;B
20240401;095947;4020;15;9991424266;S
20240401;095947;4020;1;9991424267;S
20240401;095947;4020;34;9991424268;S
20240401;095947;4020;16;9991424269;B
20240401;095947;4020;4;9991424270;B
20240401;095947;4020;10;9991424271;B
20240401;095947;4020;20;9991424272;B
20240401;095947;4020;1;9991424273;B
20240401;095947;4020;50;9991424274;B
20240401;095947;4020;1;9991424275;B
20240401;095947;4020;1;9991424276;B
20240401;095947;4020;213;9991424277;B
20240401;095947;4020;18;9991424278;B
20240401;095947;4020;219;9991424279;B
20240401;095947;4020;15;9991424280;B
20240401;095947;4020;5;9991424281;B
20240401;095947;4020;10;9991424282;B
20240401;095947;4020;5;9991424283;B
20240401;095947;4020;1;9991424284;B
20240401;095947;4020;45;9991424285;B
20240401;095947;4020;25;9991424286;B
20240401;095947;4020;75;9991424287;B
20240401;095947;4020;25;9991424288;B
20240401;095947;4020;4;9991424289;B
20240401;095947;4020;20;9991424290;B
20240401;095947;4020;1;9991424291;B
20240401;095947;4020;25;9991424292;B
20240401;095947;4020;25;9991424293;B
20240401;095947;4020;35;9991424294;S
20240401;095947;4020;1;9991424295;S
20240401;095947;4020;9;9991424296;S
20240401;095947;4020;1;9991424297;S
20240401;095947;4020;2;9991424298;S
20240401;095947;4020;1;9991424299;S
20240401;095947;4020;8;9991424300;S
20240401;095947;4020;50;9991424301;S
20240401;095947;4020;50;9991424302;S
20240401;100000;4020;93;9991429920;S
20240401;100000;4020;590;9991429921;S
20240401;100000;4020;410;9991429922;S
20240401;100000;4020;140;9991429923;S
20240401;100000;4020;10;9991429924;S
20240401;100000;4020;3;9991429925;S
20240401;100000;4020;360;9991429926;S
20240401;100000;4020;55;9991429927;S
20240401;100000;4020;1;9991429928;S
20240401;100000;4020;1;9991429929;S
20240401;100000;4020.2;5;9991429984;B
20240401;100000;4020.2;1;9991429985;B
20240401;100000;4020.2;24;9991429986;B
20240401;100000;4019.8;1;9991430346;B
20240401;100000;4018;50;9991430352;S
20240401;100000;4016.2;1;9991430356;S
20240401;100000;4019.6;15;9991430390;B
20240401;100000;4015;1;9991430492;S
20240401;100000;4019.2;5;9991430547;B
20240401;100000;4019;10;9991430564;B
20240401;100000;4019;9;9991430614;B
20240401;100000;4019.2;11;9991430615;B
20240401;100000;4018.8;10;9991430642;B
20240401;100000;4020;1;9991430681;B
20240401;100000;4019.6;40;9991430737;B
20240401;100000;4019.6;10;9991430749;B
20240401;100000;4019.8;30;9991430767;B
20240401;100000;4019.6;10;9991430770;S
20240401;100000;4019.6;40;9991430817;B
20240401;100000;4019.6;10;9991430827;B
20240401;100000;4015;1;9991430836;S
20240401;100000;4020;15;9991430843;B
20240401;100000;4020;15;9991430844;B
20240401;100000;4020;70;9991430845;B
20240401;100000;4019.8;6;9991430856;B
20240401;100000;4019.8;90;9991430866;B
20240401;100000;4019.6;10;9991430877;B
20240401;100000;4019.6;20;9991430925;B
20240401;100000;4015;25;9991430926;S
20240401;100000;4019.6;9;9991430928;B
20240401;100000;4019.6;50;9991430929;B
20240401;100000;4019.8;21;9991430930;B
20240401;100000;4019.8;1;9991430958;B
20240401;100000;4015;13;9991430961;S
20240401;100000;4015;15;9991430962;S
20240401;100000;4014.6;18;9991430963;S
20240401;100000;4013.4;154;9991430964;S
20240401;100000;4019.6;10;9991430967;B
20240401;100000;4019.6;30;9991430975;B
20240401;100000;4019.6;25;9991430977;B
20240401;100000;4019.6;1;9991430983;B
20240401;100000;4019.6;10;9991430988;B
20240401;100000;4019.6;10;9991430989;B
20240401;100000;4019.4;10;9991430992;B
20240401;100000;4019.4;20;9991431001;B
20240401;100000;4019.4;10;9991431004;B
20240401;100000;4019.8;60;9991431046;B
20240401;100000;4019.6;30;9991431054;B
20240401;100000;4019.6;10;9991431064;B
20240401;100000;4019.6;10;9991431074;B
20240401;100000;4019.6;40;9991431075;B
20240401;100000;4019.6;50;9991431098;B
20240401;100000;4019.6;50;9991431108;B
20240401;100000;4019.6;8;9991431112;B
20240401;100000;4019.8;50;9991431117;B
20240401;100000;4019.8;25;9991431118;B
20240401;100000;4019.8;1;9991431140;B
20240401;100000;4019.8;19;9991431141;B
20240401;100000;4020;60;9991431142;B
20240401;100000;4020;68;9991431143;B
20240401;100000;4020.2;50;9991431144;S
20240401;100000;4020.4;3;9991431156;B
20240401;100000;4020.2;2;9991431157;S
20240401;100000;4020.2;2;9991431158;S
20240401;100000;4020.2;2;9991431159;S
20240401;100000;4020.2;2;9991431160;S
20240401;100000;4020.2;2;9991431181;S
20240401;100000;4020.2;2;9991431182;S
20240401;100000;4020.2;2;9991431183;S
20240401;100000;4020.2;2;9991431184;S
20240401;100000;4020.2;36;9991431185;S
20240401;100000;4020.2;14;9991431186;B
20240401;100000;4020.2;48;9991431187;S
20240401;100000;4020.2;48;9991431188;S
20240401;100000;4020.2;46;9991431189;S
20240401;100000;4020.2;24;9991431191;S
20240401;100000;4019.4;13;9991431202;S
20240401;100000;4020.2;20;9991431212;B
20240401;100000;4020.2;100;9991431214;B
20240401;100000;4020.2;30;9991431221;B
20240401;100000;4015.6;2;9991431231;S
20240401;100001;4016.8;3;9991431303;S
20240401;100001;4017;1;9991431313;S
20240401;100001;4019;50;9991431405;B
20240401;100001;4019.2;3;9991431406;B
20240401;100001;4019.2;17;9991431407;B
20240401;100001;4019.2;10;9991431530;B
20240401;100001;4019.2;10;9991431548;B
20240401;100001;4019.2;30;9991431552;B
20240401;100001;4019.2;10;9991431569;S
20240401;100001;4019.2;10;9991431570;S
20240401;100001;4019.2;10;9991431571;S
20240401;100001;4019.2;10;9991431572;S
20240401;100001;4019.4;50;9991431577;B
20240401;100001;4019.2;10;9991431578;B
20240401;100001;4019.2;29;9991431591;B
20240401;100001;4019.2;31;9991431592;B
20240401;100001;4019;10;9991431604;B
20240401;100001;4019.2;10;9991431615;B
20240401;100001;4019.2;10;9991431621;B
20240401;100001;4019.2;19;9991431638;B
20240401;100001;4019.2;31;9991431639;B
20240401;100001;4019.2;10;9991431658;B
20240401;100001;4019.2;9;9991431684;B
20240401;100001;4019.2;31;9991431685;B
20240401;100001;4019.2;10;9991431708;B
20240401;100001;4019.2;20;9991431764;B
20240401;100001;4019.2;10;9991431767;B
20240401;100001;4019.2;10;9991431778;B
20240401;100001;4019.4;10;9991431779;B
20240401;100001;4019.4;10;9991431792;B
20240401;100001;4017.8;20;9991431894;S
20240401;100001;4019.2;1;9991433109;B
20240401;100001;4020;4;9991433110;B
20240401;100001;4020;50;9991433115;B
20240401;100001;4020;20;9991433116;B
20240401;100001;4020;4;9991433119;B
20240401;100001;4020;36;9991433120;B
20240401;100002;4018.6;10;9991433523;S
20240401;100002;4018.6;10;9991433569;S
20240401;100002;4020;3;9991433671;B
20240401;100002;4020.4;47;9991433672;B
20240401;100002;4020.2;50;9991433675;B
20240401;100002;4020.4;100;9991433676;B
20240401;100002;4020.4;11;9991433686;B
20240401;100002;4020.4;275;9991433712;B
20240401;100002;4020.4;39;9991433713;B
20240401;100002;4019.8;40;9991433727;S
20240401;100002;4020.4;128;9991433873;B
20240401;100002;4020.4;47;9991433874;B
20240401;100002;4020.4;1;9991433875;B
20240401;100002;4021;12;9991434079;B
20240401;100002;4021;10;9991434230;B
20240401;100002;4021;2;9991434316;B
20240401;100002;4021;50;9991434746;B
20240401;100002;4021;13;9991434800;B
20240401;100002;4021;1;9991434801;B
20240401;100002;4021;1;9991434802;B
20240401;100002;4022.2;1;9991434878;B
20240401;100002;4022.6;39;9991434879;B
20240401;100002;4020.8;4;9991435130;S
20240401;100002;4020.8;3;9991435131;S
20240401;100002;4022.6;11;9991435149;B
20240401;100002;4022.8;25;9991435150;B
20240401;100002;4022.8;23;9991435151;B
20240401;100002;4023;3;9991435152;B
20240401;100002;4024;1;9991435153;B
20240401;100002;4024;5;9991435154;B
20240401;100002;4024.2;50;9991435155;B
20240401;100002;4024.2;39;9991435156;B
20240401;100002;4024.8;3;9991435157;B
20240401;100002;4025;10;9991435158;B
20240401;100002;4025;50;9991435159;B
20240401;100002;4025;1;9991435160;B
20240401;100002;4025.8;18;9991435161;B
20240401;100002;4022;70;9991435251;S
20240401;100003;4022.4;4;9991435847;B
20240401;100003;4022.6;46;9991435848;B
20240401;100003;4021.2;2;9991436095;S
20240401;100003;4022;5;9991436104;S
20240401;100003;4021;13;9991436187;S
20240401;100003;4021.6;30;9991436190;B
20240401;100003;4021.6;9;9991436193;B
20240401;100003;4021.8;31;9991436194;B
20240401;100003;4021.4;30;9991436424;S
20240401;100003;4021.6;1;9991436432;B
20240401;100003;4021.4;20;9991436634;S
20240401;100003;4020.6;10;9991436635;S
20240401;100003;4020.6;4;9991436656;S
20240401;100003;4020.6;7;9991436702;S
20240401;100004;4020.6;32;9991436842;S
20240401;100004;4020.4;4;9991436876;S
20240401;100004;4020.4;10;9991436886;S
20240401;100004;4020.4;17;9991436917;S
20240401;100004;4020.4;1;9991436932;S
20240401;100004;4021.4;12;9991436964;B
20240401;100004;4020.4;2;9991436980;S
20240401;100004;4020.4;8;9991436991;S
20240401;100004;4020;4;9991437061;S
20240401;100004;4020;1;9991437142;S
20240401;100004;4020;8;9991437151;S
20240401;100004;4020;15;9991437269;S
20240401;100004;4020;1;9991437281;S
20240401;100004;4020;71;9991437362;S
20240401;100004;4020;24;9991437363;S
20240401;100004;4020;1;9991437397;S
20240401;100004;4020.8;25;9991437481;B
20240401;100004;4020.8;50;9991437483;B
20240401;100004;4020.8;30;9991437495;B
20240401;100004;4020.6;50;9991437520;B
20240401;100004;4020;17;9991437541;S
20240401;100004;4020;58;9991437549;S
20240401;100004;4019;30;9991437550;S
20240401;100004;4018.6;39;9991437551;S
20240401;100004;4018.4;4;9991437552;S
20240401;100004;4018;5;9991437553;S
20240401;100004;4017.6;8;9991437554;S
20240401;100004;4017;18;9991437555;S
20240401;100004;4016;4;9991437556;S
20240401;100004;4015.8;134;9991437557;S
20240401;100004;4020;10;9991437561;B
20240401;100004;4019.8;40;9991437563;B
20240401;100004;4019.8;20;9991437564;B
20240401;100004;4019.8;10;9991437567;S
20240401;100004;4019.8;40;9991437569;B
20240401;100004;4019.6;10;9991437571;B
20240401;100004;4019.6;10;9991437573;B
20240401;100004;4019.6;40;9991437579;B
20240401;100004;4019.4;15;9991437601;B
20240401;100004;4017;16;9991437812;B
20240401;100004;4016.8;1;9991437823;S
20240401;100004;4019.2;4;9991437837;B
20240401;100004;4019.4;47;9991437838;B
20240401;100004;4019.2;4;9991437881;B
20240401;100004;4019.4;8;9991437882;B
20240401;100004;4018;7;9991437943;B
20240401;100004;4017;10;9991437955;B
20240401;100004;4016.8;5;9991437968;S
20240401;100004;4016.8;10;9991437975;S
20240401;100005;4018;13;9991438038;B
20240401;100005;4017;10;9991438058;S
20240401;100005;4019.4;1;9991438069;B
20240401;100005;4017;3;9991438080;S
20240401;100005;4019.4;23;9991438090;B
20240401;100005;4019.4;1;9991438091;B
20240401;100005;4019.4;46;9991438092;B
20240401;100005;4017;1;9991438126;S
20240401;100005;4017;3;9991438209;S
20240401;100005;4020;20;9991438250;B
20240401;100005;4020.6;17;9991438251;B
20240401;100005;4020.6;30;9991438310;B
20240401;100005;4020.4;7;9991438358;B
20240401;100005;4017;8;9991438370;S
20240401;100005;4017;14;9991438385;S
20240401;100005;4016.8;74;9991438386;S
20240401;100005;4017.6;1;9991438422;S
20240401;100005;4017.6;38;9991438425;S
20240401;100005;4017.4;152;9991438426;S
20240401;100005;4017.2;45;9991438427;S
20240401;100005;4019.4;40;9991438484;B
20240401;100005;4019.4;7;9991438516;B
20240401;100005;4017.2;2;9991438542;S
20240401;100005;4017.2;2;9991438616;S
20240401;100005;4020.6;5;9991438654;B
20240401;100005;4020.2;12;9991438911;B
20240401;100005;4017.2;4;9991439064;S
20240401;100005;4017.2;2;9991439162;S
20240401;100006;4020;7;9991439281;B
20240401;100006;4017.2;5;9991439285;S
20240401;100006;4020;100;9991439419;B
20240401;100006;4017.2;40;9991439531;S
20240401;100006;4017;3;9991439532;S
20240401;100006;4019.6;3;9991439589;B
20240401;100006;4019.8;13;9991439590;B
20240401;100006;4017.2;1;9991439623;S
20240401;100006;4019.8;1;9991439643;B
20240401;100006;4019.8;1;9991439644;B
20240401;100006;4019.8;1;9991439646;B
20240401;100006;4019.8;1;9991439657;B
20240401;100006;4017.2;2;9991439659;S
20240401;100006;4017.2;11;9991439827;S
20240401;100006;4019.8;1;9991439838;B
20240401;100006;4019.8;1;9991439840;B
20240401;100006;4019.8;1;9991439841;B
20240401;100006;4019.8;4;9991439845;B
20240401;100006;4019.8;1;9991439915;B
20240401;100006;4017.2;5;9991439991;S
20240401;100006;4017.2;23;9991440040;S
20240401;100006;4017.2;3;9991440041;S
20240401;100006;4017;4;9991440042;S
20240401;100006;4017.2;39;9991440157;S
20240401;100006;4017;61;9991440158;S
20240401;100006;4015.8;3;9991440278;S
20240401;100006;4015.8;7;9991440286;S
20240401;100006;4015.8;6;9991440418;S
20240401;100006;4018.2;3;9991440449;B
20240401;100006;4018.6;19;9991440450;B
20240401;100006;4019.2;48;9991440451;B
20240401;100006;4015.8;2;9991440522;S
20240401;100006;4019;3;9991440961;B
20240401;100006;4019.2;30;9991440962;B
20240401;100006;4015.8;1;9991441295;S
20240401;100007;4019;5;9991441557;B
20240401;100007;4016;3;9991441750;S
20240401;100007;4016;1;9991441792;S
20240401;100007;4019.4;10;9991442082;B
20240401;100007;4019.4;3;9991442093;B
20240401;100007;4019.4;1;9991442148;B
20240401;100007;4016;1;9991442163;S
20240401;100007;4016;1;9991442165;S
20240401;100007;4016;1;9991442288;S
20240401;100007;4019.4;25;9991442292;B
20240401;100007;4019.4;1;9991442305;B
20240401;100007;4019.4;2;9991442308;B
20240401;100007;4019.4;3;9991442312;B
20240401;100007;4020;6;9991442313;B
20240401;100007;4020;1;9991442314;B
20240401;100007;4020;2;9991442315;B
20240401;100007;4020;8;9991442353;B
20240401;100007;4017.2;3;9991442365;S
20240401;100007;4017;1;9991442366;S
20240401;100007;4020;1;9991442434;B
20240401;100007;4021;3;9991442435;B
20240401;100007;4017.2;1;9991442611;S
20240401;100007;4017.2;2;9991442756;S
20240401;100007;4017;2;9991442757;S
20240401;100007;4020.8;1;9991442844;B
20240401;100007;4020.8;1;9991442858;B
20240401;100007;4017.2;3;9991443046;S
20240401;100007;4017;8;9991443047;S
20240401;100007;4017.4;1;9991443234;B
20240401;100007;4020.8;1;9991443301;B
20240401;100007;4017.8;50;9991443503;S
20240401;100007;4017.8;39;9991443504;S
20240401;100007;4017.6;100;9991443505;S
20240401;100007;4017.4;152;9991443506;S
20240401;100007;4017.2;3;9991443507;S
20240401;100007;4016.2;50;9991443508;S
20240401;100007;4015;50;9991443509;S
20240401;100007;4014.4;25;9991443510;S
20240401;100007;4014.2;50;9991443511;S
20240401;100007;4013.2;100;9991443512;S
20240401;100007;4013.2;10;9991443513;S
20240401;100007;4013;50;9991443514;S
20240401;100007;4011.8;50;9991443515;S
20240401;100007;4010.4;16;9991443516;S
20240401;100007;4010.4;1;9991443517;S
20240401;100007;4010.2;150;9991443518;S
20240401;100007;4009;114;9991443519;S
20240401;100007;4009;1;9991443520;S
20240401;100007;4020.8;3;9991443535;B
20240401;100007;4021;2;9991443536;B
20240401;100007;4021;1;9991443537;B
20240401;100007;4018.2;1;9991443817;B
20240401;100008;4015.6;1;9991443858;S
20240401;100008;4018.2;1;9991443865;B
20240401;100008;4018.2;30;9991444250;B
20240401;100008;4015.6;2;9991444273;S
20240401;100008;4018.2;18;9991444304;B
20240401;100008;4018.2;39;9991444305;B
20240401;100008;4018.4;3;9991444306;B
20240401;100008;4019;50;9991444307;B
20240401;100008;4020;76;9991444308;B
20240401;100008;4020;1;9991444309;B
20240401;100008;4020.2;50;9991444310;B
20240401;100008;4020.6;10;9991444311;B
20240401;100008;4020.6;152;9991444312;B
20240401;100008;4020.8;25;9991444313;B
20240401;100008;4021;94;9991444314;B
20240401;100008;4021;16;9991444315;B
20240401;100008;4021.6;1;9991444316;B
20240401;100008;4022;40;9991444317;B
20240401;100008;4022;50;9991444318;B
20240401;100008;4023;650;9991444319;B
20240401;100008;4023.4;50;9991444320;B
20240401;100008;4024.2;10;9991444321;B
20240401;100008;4024.2;50;9991444322;B
20240401;100008;4024.6;2;9991444323;B
20240401;100008;4024.8;10;9991444324;B
20240401;100008;4025;1;9991444325;B
20240401;100008;4025;20;9991444326;B
20240401;100008;4025;3;9991444327;B
20240401;100008;4025;1;9991444328;B
20240401;100008;4025;1;9991444329;B
20240401;100008;4025;40;9991444330;B
20240401;100008;4025;8;9991444331;B
20240401;100008;4025.8;120;9991444332;B
20240401;100008;4026;25;9991444333;B
20240401;100008;4027;30;9991444334;B
20240401;100008;4027;25;9991444335;B
20240401;100008;4028.6;1;9991444336;B
20240401;100008;4028.8;1;9991444337;B
20240401;100008;4029;200;9991444338;B
20240401;100008;4029;60;9991444339;B
20240401;100008;4029;26;9991444340;B
20240401;100008;4029.4;5;9991444341;B
20240401;100008;4029.4;20;9991444342;B
20240401;100008;4029.4;3;9991444343;B
20240401;100008;4029.8;9;9991444344;B
20240401;100008;4030;2;9991444345;B
20240401;100008;4030;15;9991444346;B
20240401;100008;4030;1;9991444347;B
20240401;100008;4030;12;9991444348;B
20240401;100008;4030;215;9991444349;B
20240401;100008;4030;6;9991444350;B
20240401;100008;4030;10;9991444351;B
20240401;100008;4030;100;9991444352;B
20240401;100008;4030;100;9991444353;B
20240401;100008;4030;165;9991444354;B
20240401;100008;4031.2;1;9991444355;B
20240401;100008;4032;1;9991444356;B
20240401;100008;4032.8;150;9991444357;B
20240401;100008;4033;120;9991444358;B
20240401;100008;4034;1;9991444359;B
20240401;100008;4034;1;9991444360;B
20240401;100008;4035;4;9991444361;B
20240401;100008;4035;3;9991444362;B
20240401;100008;4035;1;9991444363;B
20240401;100008;4035;3;9991444364;B
20240401;100008;4035;7;9991444365;B
20240401;100008;4035.8;35;9991444366;B
20240401;100008;4036;50;9991444367;B
20240401;100008;4036.8;20;9991444368;B
20240401;100008;4037;1;9991444369;B
20240401;100008;4038;5;9991444370;B
20240401;100008;4038;50;9991444371;B
20240401;100008;4038.4;2;9991444372;B
20240401;100008;4038.6;50;9991444373;B
20240401;100008;4038.8;20;9991444374;B
20240401;100008;4039;1;9991444375;B
20240401;100008;4039;2;9991444376;B
20240401;100008;4039;8;9991444377;B
20240401;100008;4039;1;9991444378;B
20240401;100008;4039.2;91;9991444379;B
20240401;100008;4039.4;5;9991444380;B
20240401;100008;4039.4;350;9991444381;B
20240401;100008;4039.8;1;9991444382;B
20240401;100008;4039.8;10;9991444383;B
20240401;100008;4039.8;20;9991444384;B
20240401;100008;4040;1;9991444385;B
20240401;100008;4040;1;9991444386;B
20240401;100008;4040;100;9991444387;B
20240401;100008;4040;500;9991444388;B
20240401;100008;4040;1;9991444389;B
20240401;100008;4040;4;9991444390;B
20240401;100008;4040;200;9991444391;B
20240401;100008;4040;35;9991444392;B
20240401;100008;4040;1;9991444393;B
20240401;100008;4040;2;9991444394;B
20240401;100008;4040;700;9991444395;B
20240401;100008;4040;1;9991444396;B
20240401;100008;4040;480;9991444397;B
20240401;100008;4040;100;9991444398;B
20240401;100008;4040.2;15;9991444399;B
20240401;100008;4041;3;9991444400;B
20240401;100008;4041.8;1;9991444401;B
20240401;100008;4041.8;5;9991444402;B
20240401;100008;4042;5;9991444403;B
20240401;100008;4042;1;9991444404;B
20240401;100008;4042;1;9991444405;B
20240401;100008;4043;25;9991444406;B
20240401;100008;4043.2;1;9991444407;B
20240401;100008;4043.6;75;9991444408;B
20240401;100008;4044;10;9991444409;B
20240401;100008;4044;3;9991444410;B
20240401;100008;4044.6;4000;9991444411;B
20240401;100008;4044.8;9;9991444412;B
20240401;100008;4045;25;9991444413;B
20240401;100008;4045;50;9991444414;B
20240401;100008;4045;50;9991444415;B
20240401;100008;4045;90;9991444416;B
20240401;100008;4045;40;9991444417;B
20240401;100008;4045;70;9991444418;B
20240401;100008;4045;3;9991444419;B
20240401;100008;4045;30;9991444420;B
20240401;100008;4045.4;100;9991444421;B
20240401;100008;4046;75;9991444422;B
20240401;100008;4046;10;9991444423;B
20240401;100008;4046;8;9991444424;B
20240401;100008;4046.8;282;9991444425;B
20240401;100008;4047;32;9991444426;B
20240401;100008;4047;335;9991444427;B
20240401;100008;4047.8;10;9991444428;B
20240401;100008;4048;10;9991444429;B
20240401;100008;4048;1;9991444430;B
20240401;100008;4048;60;9991444431;B
20240401;100008;4048;100;9991444432;B
20240401;100008;4048.4;30;9991444433;B
20240401;100008;4048.4;100;9991444434;B
20240401;100008;4048.8;200;9991444435;B
20240401;100008;4049;1;9991444436;B
20240401;100008;4049;1;9991444437;B
20240401;100008;4049;13;9991444438;B
20240401;100008;4049;1;9991444439;B
20240401;100008;4049.4;3;9991444440;B
20240401;100008;4049.8;10;9991444441;B
20240401;100008;4049.8;20;9991444442;B
20240401;100008;4050;2;9991444443;B
20240401;100008;4050;13;9991444444;B
20240401;100008;4050;323;9991444445;B
20240401;100008;4050;1;9991444446;B
20240401;100008;4050;200;9991444447;B
20240401;100008;4050;3;9991444448;B
20240401;100008;4050;3;9991444449;B
20240401;100008;4050;1;9991444450;B
20240401;100008;4050;1;9991444451;B
20240401;100008;4050;1;9991444452;B
20240401;100008;4050;26;9991444453;B
20240401;100008;4050;1;9991444454;B
20240401;100008;4050;15;9991444455;B
20240401;100008;4050;4;9991444456;B
20240401;100008;4050;1;9991444457;B
20240401;100008;4050;10;9991444458;B
20240401;100008;4050;63;9991444459;B
20240401;100008;4050;1;9991444460;B
20240401;100008;4050;1;9991444461;B
20240401;100008;4050;80;9991444462;B
20240401;100008;4050;1;9991444463;B
20240401;100008;4050;5;9991444464;B
20240401;100008;4050;2;9991444465;B
20240401;100008;4050;2;9991444466;B
20240401;100008;4050;1;9991444467;B
20240401;100008;4050;11;9991444468;B
20240401;100008;4050;1;9991444469;B
20240401;100008;4050;1;9991444470;B
20240401;100008;4050;10;9991444471;B
20240401;100008;4050;1;9991444472;B
20240401;100008;4050;25;9991444473;B
20240401;100008;4050;1;9991444474;B
20240401;100008;4050;250;9991444475;B
20240401;100008;4050;15;9991444476;B
20240401;100008;4050;7;9991444477;B
20240401;100008;4050;2;9991444478;B
20240401;100008;4050;50;9991444479;B
20240401;100008;4050;2;9991444480;B
20240401;100008;4050;1;9991444481;B
20240401;100008;4050;120;9991444482;B
20240401;100008;4050;4;9991444483;B
20240401;100008;4050;50;9991444484;B
20240401;100008;4050;2;9991444485;B
20240401;100008;4050;2;9991444486;B
20240401;100008;4050;5;9991444487;B
20240401;100008;4050;5;9991444488;B
20240401;100008;4050;5;9991444489;B
20240401;100008;4050;6;9991444490;B
20240401;100008;4050;1;9991444491;B
20240401;100008;4050;24;9991444492;B
20240401;100008;4050;7;9991444493;B
20240401;100008;4050;362;9991444494;B
20240401;100008;4050;1;9991444495;B
20240401;100008;4050;100;9991444496;B
20240401;100008;4050;1;9991444497;B
20240401;100008;4050;10;9991444498;B
20240401;100008;4050;2;9991444499;B
20240401;100008;4050;2;9991444500;B
20240401;100008;4050;1;9991444501;B
20240401;100008;4050;554;9991444502;B
20240401;100008;4050;8;9991444503;B
20240401;100008;4050;2;9991444504;B
20240401;100008;4050;1000;9991444505;B
20240401;100008;4050;30;9991444506;B
20240401;100008;4050;1;9991444507;B
20240401;100008;4050;10;9991444508;B
20240401;100008;4050;2;9991444509;B
20240401;100008;4050;1;9991444510;B
20240401;100008;4050;11;9991444511;B
20240401;100008;4050;38;9991444512;B
20240401;100008;4050.6;500;9991444513;B
20240401;100008;4051.2;500;9991444514;B
20240401;100008;4051.8;500;9991444515;B
20240401;100008;4052;100;9991444516;B
20240401;100008;4052;2;9991444517;B
20240401;100008;4052.4;500;9991444518;B
20240401;100008;4053;500;9991444519;B
20240401;100008;4053;200;9991444520;B
20240401;100008;4053.6;500;9991444521;B
20240401;100008;4054;1;9991444522;B
20240401;100008;4054;1;9991444523;B
20240401;100008;4054;5;9991444524;B
20240401;100008;4054.2;500;9991444525;B
20240401;100008;4054.6;1000;9991444526;B
20240401;100008;4055;5;9991444527;B
20240401;100008;4055;5;9991444528;B
20240401;100008;4039.6;50;9991444554;B
20240401;100008;4038;2;9991444623;B
20240401;100008;4032.6;5;9991444997;B
20240401;100008;4028.2;4;9991445063;S
20240401;100008;4029.2;1;9991445450;S
20240401;100008;4029.2;25;9991445560;S
20240401;100008;4029.4;1;9991445703;S
20240401;100008;4029.6;9;9991445823;S
20240401;100008;4029.6;2;9991445827;S
20240401;100008;4032.6;1;9991445841;B
20240401;100008;4032.4;1;9991445848;B
20240401;100008;4029.4;1;9991445850;S
20240401;100008;4029.4;3;9991445854;S
20240401;100008;4029;126;9991445855;S
20240401;100008;4029;50;9991445856;S
20240401;100008;4026.4;371;9991445857;S
20240401;100008;4025.2;9;9991445866;S
20240401;100008;4028.4;50;9991446041;B
20240401;100008;4028.4;5;9991446042;B
20240401;100008;4028.6;76;9991446043;B
20240401;100008;4029;13;9991446044;B
20240401;100008;4029;39;9991446045;B
20240401;100008;4029.6;152;9991446046;B
20240401;100008;4029.8;50;9991446047;B
20240401;100008;4030.8;50;9991446048;B
20240401;100008;4031.6;565;9991446049;B
20240401;100008;4031.6;10;9991446061;B
20240401;100008;4022.2;1;9991446093;S
20240401;100008;4028.2;76;9991446096;B
20240401;100008;4031.4;1;9991446097;B
20240401;100008;4032.6;43;9991446098;B
20240401;100008;4026.4;25;9991446110;B
20240401;100008;4032.4;4;9991446111;B
20240401;100008;4023.2;2;9991446113;S
20240401;100008;4023.2;1;9991446120;S
20240401;100008;4023.2;1;9991446125;S
20240401;100008;4024.2;2;9991446233;S
20240401;100008;4032.4;1;9991446245;B
20240401;100008;4032.4;1;9991446284;B
20240401;100008;4025.6;12;9991446304;S
20240401;100008;4032.2;1;9991446326;B
20240401;100008;4026.4;4;9991446370;S
20240401;100008;4032;1;9991446394;B
20240401;100008;4026.6;1;9991446406;S
20240401;100008;4026.8;1;9991446434;S
20240401;100008;4031;40;9991446492;B
20240401;100008;4023.4;5;9991446494;S
20240401;100008;4030.8;2;9991446496;B
20240401;100008;4031;5;9991446499;B
20240401;100008;4024.6;6;9991446609;S
20240401;100009;4025.4;1;9991446670;S
20240401;100009;4032.6;1;9991446684;B
20240401;100009;4032.6;1;9991446701;B
20240401;100009;4026;1;9991446708;S
20240401;100009;4032.4;5;9991446868;B
20240401;100009;4032.4;2;9991446872;B
20240401;100009;4027.6;1;9991446931;S
20240401;100009;4031.2;1;9991446938;B
20240401;100009;4027.6;4;9991447093;S
20240401;100009;4027.6;1;9991447210;S
20240401;100009;4028.4;5;9991447580;S
20240401;100009;4028.2;50;9991447583;S
20240401;100009;4028;152;9991447697;B
20240401;100009;4026.8;20;9991447777;S
20240401;100009;4025.8;10;9991447778;S
20240401;100009;4028;11;9991447786;B
20240401;100009;4026.4;10;9991447787;S
20240401;100009;4028;1;9991447793;B
20240401;100009;4025.6;5;9991447795;S
20240401;100009;4025.2;2;9991447796;S
20240401;100009;4025.4;50;9991447815;S
20240401;100009;4025;2;9991447865;S
20240401;100009;4027.8;25;9991447965;B
20240401;100009;4027;5;9991448085;B
20240401;100009;4027.2;58;9991448086;B
20240401;100009;4027.6;76;9991448087;B
20240401;100009;4027.8;699;9991448088;B
20240401;100009;4028;36;9991448089;B
20240401;100009;4028;1;9991448090;B
20240401;100009;4029.8;5;9991448091;B
20240401;100009;4030;50;9991448092;B
20240401;100009;4030.2;50;9991448093;B
20240401;100009;4030.8;39;9991448094;B
20240401;100009;4031.2;50;9991448095;B
20240401;100009;4032.6;50;9991448096;B
20240401;100009;4032.8;140;9991448097;B
20240401;100009;4033.4;50;9991448098;B
20240401;100009;4033.8;2;9991448099;B
20240401;100009;4035;15;9991448100;B
20240401;100009;4035;126;9991448101;B
20240401;100009;4035;1;9991448102;B
20240401;100009;4035;498;9991448103;B
20240401;100009;4027.6;2;9991448110;B
20240401;100009;4029.2;1;9991448124;B
20240401;100009;4028.6;1;9991448173;B
20240401;100009;4029.2;1;9991448345;S
20240401;100009;4031;1;9991448357;B
20240401;100009;4032;5;9991448358;B
20240401;100009;4033;8;9991448359;B
20240401;100010;4030.4;5;9991449044;S
20240401;100010;4030.4;3;9991449045;S
20240401;100010;4030.4;162;9991449236;S
20240401;100010;4033;5;9991449319;B
20240401;100010;4033;1;9991449457;B
20240401;100010;4031.2;1;9991449468;S
20240401;100010;4030.6;5;9991449469;S
20240401;100010;4030.6;1;9991449470;S
20240401;100010;4027.8;2;9991449471;S
20240401;100010;4027.8;6;9991449479;S
20240401;100010;4033;1;9991449483;B
20240401;100010;4030;1;9991449495;B
20240401;100010;4030.4;3;9991449497;S
20240401;100010;4030.4;2;9991449498;S
20240401;100010;4030.4;30;9991449503;S
20240401;100010;4033;50;9991449509;B
20240401;100010;4033;25;9991449510;B
20240401;100010;4030.4;50;9991449524;S
20240401;100010;4030.4;1;9991449546;S
20240401;100010;4032.6;39;9991449760;B
20240401;100010;4032.6;1;9991449769;B
20240401;100010;4030.6;2;9991449872;S
20240401;100010;4032.4;100;9991449914;S
20240401;100010;4030.6;90;9991449926;S
20240401;100010;4030.6;8;9991449928;S
20240401;100010;4030.4;2;9991449930;S
20240401;100010;4030.4;8;9991449941;S
20240401;100010;4030.4;2;9991449974;S
20240401;100010;4030.4;1;9991450047;S
20240401;100010;4029.8;50;9991450116;B
20240401;100010;4030;49;9991450117;B
20240401;100010;4030;1;9991450118;B
20240401;100010;4030;3;9991450182;B
20240401;100010;4030;1;9991450187;B
20240401;100010;4027.2;1;9991450282;S
20240401;100010;4030;15;9991450368;B
20240401;100010;4032.8;5;9991450369;B
20240401;100010;4033.2;4;9991450370;B
20240401;100010;4034.6;50;9991450371;B
20240401;100010;4034.8;26;9991450372;B
20240401;100010;4028.6;1;9991450677;S
20240401;100010;4033.6;1;9991450710;B
20240401;100010;4033.6;50;9991450711;B
20240401;100010;4034.2;39;9991450712;B
20240401;100010;4034.4;5;9991450713;B
20240401;100010;4034.8;5;9991450714;B
20240401;100010;4034.6;1;9991450749;B
20240401;100010;4034.6;1;9991450750;B
20240401;100010;4029.6;5;9991450909;S
20240401;100010;4034.6;39;9991450920;B
20240401;100010;4034.8;61;9991450921;B
20240401;100010;4034.6;39;9991450945;B
20240401;100010;4034.6;5;9991450946;B
20240401;100010;4034.8;36;9991450947;B
20240401;100010;4034.8;8;9991450972;B
20240401;100010;4032;4;9991451028;S
20240401;100010;4035;1;9991451226;B
20240401;100010;4035;10;9991451227;B
20240401;100010;4035;3;9991451228;B
20240401;100010;4035;7;9991451238;B
20240401;100010;4035;85;9991451239;B
20240401;100010;4035;2;9991451240;B
20240401;100010;4035;5;9991451241;B
20240401;100010;4035;21;9991451242;B
20240401;100011;4035;4;9991451552;B
20240401;100011;4035;75;9991451558;B
20240401;100011;4035.4;3;9991451559;B
20240401;100011;4035.6;2;9991451560;B
20240401;100011;4036.2;8;9991451561;B
20240401;100011;4036.4;638;9991451562;B
20240401;100011;4036.6;50;9991451563;B
20240401;100011;4036.6;39;9991451564;B
20240401;100011;4037.6;278;9991451565;B
20240401;100011;4037.8;5;9991451566;B
20240401;100011;4038;6;9991451567;B
20240401;100011;4038;2;9991451568;B
20240401;100011;4038.8;28;9991451569;B
20240401;100011;4038.8;30;9991451570;B
20240401;100011;4039;165;9991451571;B
20240401;100011;4039;5;9991451600;B
20240401;100011;4033;50;9991451624;S
20240401;100011;4033;39;9991451639;S
20240401;100011;4033;11;9991451640;S
20240401;100011;4033;39;9991451641;S
20240401;100011;4032.8;11;9991451642;S
20240401;100011;4032.8;3;9991451643;S
20240401;100011;4034;15;9991451651;B
20240401;100011;4038.6;39;9991451682;B
20240401;100011;4038.6;14;9991451683;B
20240401;100011;4038.6;50;9991451684;B
20240401;100011;4039;101;9991451685;B
20240401;100011;4034;50;9991451768;S
20240401;100011;4034;102;9991451772;S
20240401;100011;4034.8;2;9991452012;B
20240401;100011;4038.4;1;9991452013;B
20240401;100011;4033.6;3;9991452067;S
20240401;100011;4033.6;36;9991452085;S
20240401;100011;4033.6;24;9991452086;S
20240401;100011;4036.8;1;9991452122;S
20240401;100011;4038.6;39;9991452158;B
20240401;100011;4038.8;61;9991452159;B
20240401;100011;4034;1;9991452182;S
20240401;100011;4038.8;3;9991452185;B
20240401;100011;4038.4;90;9991452188;B
20240401;100011;4038.8;10;9991452189;B
20240401;100011;4038.8;1;9991452192;B
20240401;100011;4038.8;39;9991452287;B
20240401;100011;4039;31;9991452288;B
20240401;100011;4039;1;9991452289;B
20240401;100011;4038.8;1;9991452319;B
20240401;100011;4034.6;2;9991452354;S
20240401;100011;4038.8;1;9991452446;B
20240401;100011;4038.6;5;9991452508;B
20240401;100011;4038.6;50;9991452547;B
20240401;100011;4038.6;8;9991452671;B
20240401;100011;4035.8;39;9991452858;S
20240401;100011;4035.8;11;9991452859;S
20240401;100011;4035.6;1;9991452922;S
20240401;100011;4035.6;2;9991452924;S
20240401;100011;4038.6;39;9991452927;B
20240401;100011;4038.8;1;9991452928;B
20240401;100011;4039;197;9991452929;B
20240401;100011;4039.2;13;9991452930;B
20240401;100011;4039.4;500;9991452931;B
20240401;100011;4039.4;2;9991452932;B
20240401;100011;4039.4;2;9991452933;B
20240401;100011;4039.6;1;9991452934;B
20240401;100011;4039.8;50;9991452935;B
20240401;100011;4040;1;9991452936;B
20240401;100011;4040;194;9991452937;B
20240401;100011;4039.2;4;9991452970;B
20240401;100011;4039.2;9;9991452987;B
20240401;100011;4039.2;15;9991453184;B
20240401;100011;4039.2;9;9991453247;B
20240401;100011;4036.2;10;9991453319;S
20240401;100011;4039.2;4;9991453359;B
20240401;100011;4039.2;1;9991453408;B
20240401;100011;4039.2;24;9991453460;B
20240401;100011;4039.2;33;9991453467;B
20240401;100011;4039.2;1;9991453492;B
20240401;100011;4039.8;1;9991453493;B
20240401;100011;4039.8;2;9991453511;B
20240401;100011;4040;30;9991453512;B
20240401;100011;4040;14;9991453561;B
20240401;100011;4040;50;9991453595;B
20240401;100012;4037.2;30;9991454084;S
20240401;100012;4037.2;2;9991454388;S
20240401;100012;4038;1;9991454500;S
20240401;100012;4038.2;60;9991454574;S
20240401;100012;4038.2;60;9991454575;S
20240401;100012;4038.2;100;9991454578;S
20240401;100012;4038.2;40;9991454579;S
20240401;100012;4038.2;10;9991454584;S
20240401;100012;4038.2;10;9991454587;S
20240401;100012;4038.2;110;9991454592;S
20240401;100012;4039;1;9991454647;B
20240401;100012;4038.4;1;9991454660;S
20240401;100012;4038.4;4;9991454827;S
20240401;100012;4038.4;1;9991454828;S
20240401;100012;4039.8;1;9991454946;B
20240401;100012;4038.4;1;9991454951;S
20240401;100012;4039.8;4;9991455087;B
20240401;100012;4040;11;9991455088;B
20240401;100012;4040;2;9991455089;B
20240401;100012;4040;29;9991455090;B
20240401;100012;4040;1;9991455091;B
20240401;100012;4040;3;9991455092;B
20240401;100012;4040;1;9991455093;B
20240401;100012;4040;15;9991455094;B
20240401;100012;4040;2;9991455095;B
20240401;100012;4040;1;9991455096;B
20240401;100012;4040;6;9991455097;B
20240401;100012;4040;7;9991455098;B
20240401;100012;4040;1;9991455099;B
20240401;100012;4040;2;9991455100;B
20240401;100012;4040;10;9991455101;B
20240401;100012;4040;3;9991455102;B
20240401;100012;4040;38;9991455103;B
20240401;100012;4041;20;9991455104;B
20240401;100012;4041.2;1;9991455105;B
20240401;100012;4043;18;9991455106;B
20240401;100012;4044;2;9991455107;B
20240401;100012;4044;1;9991455108;B
20240401;100012;4044.8;1;9991455239;B
20240401;100012;4038.6;1;9991455257;S
20240401;100012;4038.6;5;9991455974;S
20240401;100012;4038.6;3;9991455975;S
20240401;100012;4040;5;9991455978;B
20240401;100012;4038.6;50;9991456125;S
20240401;100012;4038.8;3;9991456198;S
20240401;100013;4039.8;1;9991456641;B
20240401;100013;4038.8;1;9991456864;S
20240401;100013;4038.8;1;9991456875;S
20240401;100013;4039.8;1;9991456905;B
20240401;100013;4038.8;1;9991456915;S
20240401;100013;4039.8;1;9991456921;B
20240401;100013;4039;6;9991457206;S
20240401;100013;4039;2;9991457215;S
20240401;100013;4039;15;9991457231;S
20240401;100013;4039.6;10;9991457233;B
20240401;100013;4039;2;9991457250;S
20240401;100013;4039.6;1;9991457353;B
20240401;100013;4039;3;9991457374;S
20240401;100013;4039.4;1;9991457435;B
20240401;100013;4039;500;9991457456;S
20240401;100014;4039;263;9991457488;S
20240401;100014;4038.8;4;9991457490;S
20240401;100014;4038.8;15;9991457673;B
20240401;100014;4038.8;3;9991457684;B
20240401;100014;4037.2;1;9991457740;S
20240401;100014;4037.2;1;9991457762;S
20240401;100014;4037.2;10;9991457905;S
20240401;100014;4038.4;39;9991457953;B
20240401;100014;4038.6;1;9991457954;B
20240401;100014;4039;5;9991457955;B
20240401;100014;4039.2;44;9991457956;B
20240401;100014;4037.4;5;9991457957;S
20240401;100014;4037.2;5;9991457958;S
20240401;100015;4037.2;1;9991458004;S
20240401;100015;4037.2;32;9991458055;S
20240401;100015;4037;1;9991458056;S
20240401;100015;4036.4;1;9991458057;S
20240401;100015;4034.8;1;9991458058;S
20240401;100015;4034.6;5;9991458059;S
20240401;100015;4034.4;1;9991458060;S
20240401;100015;4034;152;9991458061;S
20240401;100015;4033.8;5;9991458062;S
20240401;100015;4033.8;160;9991458063;S
20240401;100015;4032.4;150;9991458064;S
20240401;100015;4032.2;40;9991458065;S
20240401;100015;4032;49;9991458066;S
20240401;100015;4033.4;5;9991458099;B
20240401;100015;4033.6;5;9991458100;B
20240401;100015;4032;10;9991458113;S
20240401;100015;4033.4;3;9991458123;B
20240401;100015;4033.4;2;9991458125;B
20240401;100015;4033.6;84;9991458126;B
20240401;100015;4034.8;14;9991458127;B
20240401;100015;4036.2;1;9991458146;B
20240401;100016;4033;1;9991458598;B
20240401;100016;4034.4;33;9991458599;B
20240401;100016;4030.4;5;9991458643;S
20240401;100016;4030.2;50;9991458644;S
20240401;100016;4029.6;25;9991458645;S
20240401;100016;4029.4;20;9991458646;S
20240401;100016;4028.6;1;9991458695;S
20240401;100017;4030.4;2;9991458795;S
20240401;100017;4034.8;39;9991458929;B
20240401;100017;4035;30;9991458930;B
20240401;100017;4035;5;9991458931;B
20240401;100017;4035;1;9991458932;B
20240401;100017;4035.4;1;9991458933;B
20240401;100017;4036.4;1;9991458934;B
20240401;100017;4036.4;1;9991458935;B
20240401;100017;4037;152;9991458936;B
20240401;100017;4038.8;1;9991458937;B
20240401;100017;4038.8;10;9991458938;B
20240401;100017;4039;130;9991458939;B
20240401;100018;4034.2;3;9991459163;B
20240401;100018;4034.2;24;9991459176;B
20240401;100018;4034.2;20;9991459177;B
20240401;100018;4034.2;12;9991459361;B
20240401;100018;4034.4;8;9991459362;B
20240401;100018;4029.4;2;9991459384;S
20240401;100018;4034.4;1;9991459394;B
20240401;100019;4034.4;5;9991459505;B
20240401;100019;4034.2;2;9991459587;B
20240401;100019;4034.4;10;9991459588;B
20240401;100019;4034.4;24;9991459730;B
20240401;100020;4033.8;1;9991460029;S
20240401;100020;4033.8;60;9991460277;S
20240401;100020;4033.8;30;9991460308;S
20240401;100020;4031.6;5;9991460309;S
20240401;100020;4031.4;13;9991460310;S
20240401;100020;4030.4;2;9991460311;S
20240401;100022;4032.4;1;9991460718;B
20240401;100022;4032.4;4;9991460986;B
20240401;100022;4030.4;30;9991461216;S
20240401;100022;4030.4;5;9991461217;S
20240401;100022;4030.2;1;9991461218;S
20240401;100022;4030.2;39;9991461219;S
20240401;100022;4030;5;9991461220;S
20240401;100022;4030;1;9991461221;S
20240401;100022;4028.6;1;9991461222;S
20240401;100022;4028.4;53;9991461223;S
20240401;100022;4028;1;9991461255;B
20240401;100023;4031;3;9991461499;B
20240401;100023;4027.8;26;9991461611;S
20240401;100023;4030.8;2;9991461721;B
20240401;100023;4031;2;9991461722;B
20240401;100023;4031.2;5;9991461723;B
20240401;100024;4031;1;9991461745;B
20240401;100024;4032;1;9991462019;B
20240401;100024;4032.2;4;9991462020;B
20240401;100024;4032.4;20;9991462021;B
20240401;100024;4033;20;9991462052;B
20240401;100025;4032.4;10;9991462417;S
20240401;100025;4032.4;5;9991462898;S
20240401;100025;4032.8;10;9991462929;B
20240401;100027;4032.4;6;9991463570;S
20240401;100027;4032.4;10;9991463580;S
20240401;100027;4030.4;1;9991463599;S
20240401;100027;4033.6;1;9991463613;B
20240401;100028;4033.2;1;9991463999;B
20240401;100028;4033.2;38;9991464029;B
20240401;100028;4033.2;10;9991464030;B
20240401;100028;4033.4;10;9991464031;B
20240401;100028;4033.8;1;9991464032;B
20240401;100028;4035;1;9991464033;B
20240401;100028;4036;1;9991464034;B
20240401;100028;4036;20;9991464035;B
20240401;100028;4036.4;10;9991464036;B
20240401;100028;4036.6;75;9991464037;B
20240401;100028;4037;10;9991464038;B
20240401;100028;4037.4;1;9991464039;B
20240401;100028;4038;70;9991464040;B
20240401;100028;4038;51;9991464041;B
20240401;100028;4033;10;9991464060;B
20240401;100028;4032.4;2;9991464078;S
20240401;100029;4034.2;39;9991464309;B
20240401;100029;4034.4;10;9991464310;B
20240401;100029;4037.2;1;9991464311;B
20240401;100029;4032.6;5;9991464326;S
20240401;100029;4032.4;13;9991464327;S
20240401;100029;4032.4;1;9991464531;B
20240401;100029;4033.4;1;9991464587;B
20240401;100029;4033.4;1;9991464704;B
20240401;100029;4033.4;30;9991464937;B
20240401;100030;4032.6;5;9991465136;S
20240401;100030;4031.4;146;9991465137;S
20240401;100030;4031.4;1;9991465228;S
20240401;100030;4035.6;4;9991465442;B
20240401;100031;4034;22;9991465533;B
20240401;100031;4034.2;3;9991465534;B
20240401;100031;4034.6;10;9991465641;B
20240401;100031;4034.8;1;9991465642;B
20240401;100031;4035.6;5;9991465643;B
20240401;100031;4035.8;10;9991465644;B
20240401;100031;4036.4;5;9991465645;B
20240401;100031;4036.8;1;9991465646;B
20240401;100031;4037.2;68;9991465647;B
20240401;100031;4032.6;5;9991465810;S
20240401;100031;4032.4;75;9991465811;S
20240401;100031;4031.2;30;9991465812;S
20240401;100031;4031;45;9991465813;S
20240401;100031;4031;10;9991465942;S
20240401;100032;4035;1;9991466311;B
20240401;100032;4035;7;9991466400;B
20240401;100032;4035.6;3;9991466401;B
20240401;100032;4031;17;9991466475;S
20240401;100032;4030.4;4;9991466476;S
20240401;100032;4030.2;5;9991466477;S
20240401;100032;4030;16;9991466478;S
20240401;100033;4030.2;2;9991466525;S
20240401;100033;4030.2;3;9991466620;S
20240401;100033;4030;7;9991466621;S
20240401;100033;4034;1;9991466679;B
20240401;100033;4034.2;5;9991466680;B
20240401;100033;4034.4;75;9991466681;B
20240401;100033;4035.4;29;9991466682;B
20240401;100033;4035;2;9991466888;S
20240401;100034;4032;48;9991467090;B
20240401;100034;4032;5;9991467091;B
20240401;100034;4035.6;3;9991467127;B
20240401;100034;4035.6;1;9991467215;B
20240401;100034;4035.6;2;9991467222;B
20240401;100035;4035;1;9991467456;B
20240401;100035;4033.2;1;9991467525;S
20240401;100035;4032.4;5;9991467617;S
20240401;100035;4032.2;15;9991467618;S
20240401;100035;4032.8;1;9991467642;B
20240401;100035;4031.4;1;9991467649;S
20240401;100035;4030.6;29;9991467650;S
20240401;100035;4030.6;20;9991467651;S
20240401;100035;4030.2;2;9991467663;S
20240401;100035;4032.8;4;9991467687;B
20240401;100035;4033;1;9991467688;B
20240401;100035;4030.2;37;9991467711;S
20240401;100035;4030;77;9991467712;S
20240401;100035;4030;8;9991467713;S
20240401;100035;4030;5;9991467714;S
20240401;100035;4030;33;9991467715;B
20240401;100036;4032.8;5;9991467870;B
20240401;100036;4033;18;9991467871;B
20240401;100036;4033.2;9;9991467872;B
20240401;100036;4032.2;3;9991468057;B
20240401;100036;4032.2;3;9991468058;B
20240401;100036;4032.2;3;9991468059;B
20240401;100036;4032.2;11;9991468063;B
20240401;100036;4033.2;5;9991468064;B
20240401;100036;4033.2;44;9991468065;S
20240401;100036;4034;39;9991468070;B
20240401;100036;4034.2;10;9991468071;B
20240401;100036;4035.2;21;9991468072;B
20240401;100036;4035.2;1;9991468073;B
20240401;100036;4035.2;29;9991468075;S
20240401;100036;4031.4;1;9991468076;S
20240401;100036;4030.8;5;9991468078;S
20240401;100036;4030.6;14;9991468090;B
20240401;100036;4034.2;5;9991468091;B
20240401;100036;4034.4;75;9991468092;B
20240401;100036;4035.4;1;9991468093;B
20240401;100036;4035.4;5;9991468094;B
20240401;100036;4030.6;3;9991468286;S
20240401;100036;4032;4;9991468305;B
20240401;100037;4032;5;9991468355;B
20240401;100037;4032;6;9991468358;B
20240401;100037;4032;1;9991468359;B
20240401;100037;4035.2;3;9991468360;B
20240401;100037;4035.4;43;9991468361;B
20240401;100037;4032.4;8;9991468491;S
20240401;100037;4031.4;5;9991468492;S
20240401;100037;4031.4;7;9991468493;S
20240401;100037;4035.4;5;9991468558;B
20240401;100037;4035.6;3;9991468559;B
20240401;100039;4031.4;20;9991469241;S
20240401;100039;4031.4;16;9991469267;S
20240401;100039;4031.4;5;9991469279;S
20240401;100039;4030.6;5;9991469280;S
20240401;100039;4030.2;1;9991469388;S
20240401;100039;4033.6;5;9991469394;B
20240401;100039;4033.8;75;9991469395;B
20240401;100039;4035;5;9991469396;B
20240401;100039;4035;152;9991469397;B
20240401;100039;4035;200;9991469398;B
20240401;100039;4035.2;100;9991469399;B
20240401;100039;4035.4;1;9991469400;B
20240401;100039;4035.6;1;9991469401;B
20240401;100039;4035.6;100;9991469402;B
20240401;100039;4035.6;10;9991469403;B
20240401;100039;4035.8;1;9991469404;B
20240401;100039;4036;1;9991469405;B
20240401;100039;4036;1;9991469406;B
20240401;100039;4036.2;26;9991469407;B
20240401;100039;4036.6;322;9991469408;B
20240401;100039;4035;5;9991469416;S
20240401;100039;4034.8;75;9991469417;S
20240401;100040;4031.4;12;9991469643;S
20240401;100040;4034.6;1;9991469750;B
20240401;100040;4034.6;12;9991469751;B
20240401;100040;4034.6;1;9991469756;B
20240401;100040;4031.6;1;9991469919;S
20240401;100040;4030.6;9;9991469920;S
20240401;100041;4034.6;4;9991470290;B
20240401;100041;4031.2;1;9991470325;S
20240401;100041;4031.6;20;9991470348;B
20240401;100041;4034.6;9;9991470355;B
20240401;100041;4034.6;1;9991470356;B
20240401;100041;4034.8;36;9991470357;B
20240401;100042;4034.8;17;9991470380;B
20240401;100042;4034.8;100;9991470503;B
20240401;100042;4034.8;1;9991470553;B
20240401;100042;4034.4;1;9991470781;B
20240401;100042;4034.8;10;9991470825;B
20240401;100042;4034.8;25;9991470879;B
20240401;100043;4033.2;5;9991470997;S
20240401;100043;4033;15;9991470998;S
20240401;100043;4034.6;1;9991471112;B
20240401;100044;4034.4;25;9991471305;B
20240401;100044;4034.6;4;9991471306;B
20240401;100044;4034.6;42;9991471365;S
20240401;100044;4034.2;58;9991471366;S
20240401;100045;4033.8;1;9991471534;S
20240401;100045;4033.4;5;9991471535;S
20240401;100045;4033;14;9991471536;S
20240401;100045;4034.6;1;9991471537;B
20240401;100045;4032.4;12;9991471708;S
20240401;100045;4033;10;9991471737;B
20240401;100045;4034.6;4;9991471738;B
20240401;100045;4034.8;11;9991471739;B
20240401;100045;4033.2;1;9991471760;S
20240401;100046;4032.4;27;9991471984;S
20240401;100046;4032.4;50;9991471985;S
20240401;100046;4032.4;5;9991471986;S
20240401;100046;4032;18;9991471987;S
20240401;100046;4032.6;5;9991472070;B
20240401;100046;4032.8;5;9991472071;B
20240401;100046;4032.8;1;9991472099;B
20240401;100046;4031.4;5;9991472297;S
20240401;100046;4030.8;5;9991472298;S
20240401;100047;4030.8;7;9991472348;S
20240401;100047;4030.6;13;9991472349;S
20240401;100047;4030.6;35;9991472441;S
20240401;100047;4031.2;5;9991472659;B
20240401;100048;4032.2;5;9991472755;S
20240401;100048;4031.4;39;9991472756;S
20240401;100048;4031;6;9991472757;B
20240401;100048;4032.6;5;9991472762;B
20240401;100048;4032.8;45;9991472763;B
20240401;100048;4031;3;9991472815;S
20240401;100048;4032.8;12;9991472837;B
20240401;100048;4031.6;3;9991472907;S
20240401;100048;4031.6;36;9991472992;S
20240401;100048;4031.6;50;9991472993;S
20240401;100048;4031.4;5;9991472994;S
20240401;100048;4031.4;30;9991473009;B
20240401;100048;4030.2;50;9991473102;S
20240401;100048;4030.2;39;9991473103;S
20240401;100048;4030;11;9991473104;S
20240401;100049;4030.6;100;9991473149;B
20240401;100049;4030.2;39;9991473274;S
20240401;100049;4030;84;9991473275;S
20240401;100049;4030;6;9991473276;S
20240401;100049;4030;371;9991473277;S
20240401;100050;4030;223;9991473500;S
20240401;100050;4030;206;9991473697;S
20240401;100050;4030;100;9991473698;S
20240401;100050;4030;28;9991473699;S
20240401;100050;4029.6;15;9991473700;S
20240401;100050;4029.4;19;9991473701;S
20240401;100050;4027.6;1;9991473821;S
20240401;100050;4026.8;19;9991473822;S
20240401;100051;4026.8;20;9991473948;S
20240401;100051;4026.6;5;9991473949;S
20240401;100051;4025.8;149;9991473950;S
20240401;100051;4025.6;86;9991473951;S
20240401;100053;4025.8;1;9991474644;S
20240401;100053;4025.8;30;9991474674;S
20240401;100053;4025.8;8;9991474702;S
20240401;100053;4025.6;164;9991474703;S
20240401;100053;4024.6;5;9991474704;S
20240401;100053;4024;2;9991474705;S
20240401;100053;4024;21;9991474706;S
20240401;100053;4024;70;9991474707;B
20240401;100053;4021.4;15;9991474866;S
20240401;100053;4024;5;9991474964;B
20240401;100053;4024.2;5;9991474965;B
20240401;100053;4025;4;9991474966;B
20240401;100053;4026.4;16;9991474967;B
20240401;100054;4022.2;2;9991475106;S
20240401;100054;4021.8;20;9991475189;S
20240401;100055;4023.8;6;9991475400;B
20240401;100055;4022.6;12;9991475502;S
20240401;100056;4025.8;5;9991475743;B
20240401;100056;4025.8;1;9991475744;B
20240401;100056;4026.6;14;9991475745;B
20240401;100056;4028;20;9991475828;B
20240401;100056;4028.2;2;9991475980;B
20240401;100056;4028.8;1;9991475993;B
20240401;100056;4026.2;1;9991476057;S
20240401;100057;4028.8;23;9991476173;B
20240401;100057;4029.4;1;9991476174;B
20240401;100057;4029.4;3;9991476175;B
20240401;100057;4029.6;1;9991476176;B
20240401;100057;4030;30;9991476177;B
20240401;100057;4030.2;102;9991476178;B
20240401;100057;4030.4;50;9991476179;B
20240401;100057;4030.6;18;9991476180;B
20240401;100057;4030;1;9991476489;B
20240401;100058;4029;1;9991476562;S
20240401;100058;4030;10;9991476572;B
20240401;100058;4029;4;9991476589;S
20240401;100058;4028.8;2;9991476590;S
20240401;100058;4028.8;10;9991476591;S
20240401;100058;4028.8;20;9991476645;S
20240401;100058;4028;39;9991476698;S
20240401;100058;4028;10;9991476699;S
20240401;100058;4028;12;9991476724;S
20240401;100059;4030;1;9991477059;B
20240401;100059;4030;1;9991477159;B
20240401;100059;4028;10;9991477250;S
20240401;100059;4029.8;5;9991477290;B
20240401;100059;4030;15;9991477291;B
20240401;100059;4030;20;9991477292;B
20240401;100059;4030;2;9991477297;B
20240401;100059;4028;1;9991477322;S
20240401;100100;4028;6;9991477411;S
20240401;100100;4029.8;1;9991477421;B
20240401;100100;4028.8;39;9991477486;S
20240401;100100;4028.8;11;9991477487;S
20240401;100100;4028.8;6;9991477553;S
20240401;100100;4028.8;1;9991477595;S
20240401;100101;4030;3;9991477775;B
20240401;100101;4030;5;9991478075;B
20240401;100102;4028.6;5;9991478260;S
20240401;100102;4027.8;5;9991478261;S
20240401;100102;4029.8;5;9991478464;B
20240401;100102;4030;45;9991478465;B
20240401;100103;4030;2;9991478758;B
20240401;100104;4030;1;9991478939;B
20240401;100104;4028;1;9991479076;S
20240401;100104;4028;1;9991479078;S
20240401;100104;4029.8;1;9991479120;B
20240401;100104;4030;4;9991479121;B
20240401;100105;4029.8;1;9991479257;B
20240401;100105;4030;5;9991479258;B
20240401;100105;4028;3;9991479523;S
20240401;100105;4029.8;2;9991479528;B
20240401;100106;4029.8;1;9991479600;B
20240401;100106;4030;85;9991479601;B
20240401;100106;4030;12;9991479602;B
20240401;100106;4029.4;3;9991479851;S
20240401;100106;4030;3;9991479886;B
20240401;100107;4030;5;9991479932;B
20240401;100107;4030;4;9991479986;B
20240401;100107;4028.6;1;9991480231;S
20240401;100107;4028.6;3;9991480294;S
20240401;100108;4027.6;5;9991480395;S
20240401;100108;4027.6;7;9991480396;S
20240401;100108;4027.6;4;9991480411;S
20240401;100108;4027.6;1;9991480476;S
20240401;100108;4027.6;1;9991480507;S
20240401;100109;4027.8;10;9991480643;S
20240401;100109;4027.6;139;9991480644;S
20240401;100109;4027.6;16;9991480645;S
20240401;100109;4027.4;39;9991480646;S
20240401;100109;4027.4;5;9991480647;S
20240401;100109;4027.2;100;9991480648;S
20240401;100109;4027.2;50;9991480649;S
20240401;100109;4026.6;75;9991480650;S
20240401;100109;4026.4;50;9991480651;S
20240401;100109;4026;375;9991480652;S
20240401;100109;4027.4;7;9991480927;B
20240401;100110;4026.2;5;9991480964;S
20240401;100110;4026.2;11;9991480984;S
20240401;100110;4027.4;7;9991481004;B
20240401;100110;4026.2;2;9991481031;S
20240401;100110;4026.2;9;9991481046;S
20240401;100110;4026.2;8;9991481054;S
20240401;100110;4026.2;3;9991481154;S
20240401;100110;4026.4;1;9991481193;S
20240401;100110;4026.2;1;9991481194;S
20240401;100110;4026;2;9991481195;S
20240401;100110;4027.2;10;9991481252;B
20240401;100111;4027.4;50;9991481351;B
20240401;100111;4026.2;39;9991481427;S
20240401;100111;4026.2;16;9991481428;S
20240401;100111;4026;1;9991481429;S
20240401;100111;4027.2;1;9991481467;B
20240401;100111;4026;38;9991481480;S
20240401;100112;4027.2;5;9991481686;B
20240401;100112;4028;5;9991481691;B
20240401;100112;4028.2;15;9991481692;B
20240401;100112;4028;1;9991481775;B
20240401;100113;4028;1;9991482186;B
20240401;100113;4028;3;9991482253;B
20240401;100113;4026.2;10;9991482279;S
20240401;100113;4026.2;15;9991482280;S
20240401;100113;4026;855;9991482281;S
20240401;100114;4027.4;12;9991482375;B
20240401;100114;4026;100;9991482447;S
20240401;100114;4026;7;9991482556;S
20240401;100114;4026;30;9991482667;S
20240401;100115;4026;18;9991483118;S
20240401;100115;4026;57;9991483122;S
20240401;100116;4026;3;9991483583;S
20240401;100116;4027.2;1;9991483688;B
20240401;100116;4026;10;9991483790;S
20240401;100117;4026.6;10;9991483979;B
20240401;100117;4026.6;50;9991484051;B
20240401;100117;4026;20;9991484085;S
20240401;100117;4026;10;9991484139;S
20240401;100118;4026.6;1;9991484316;B
20240401;100118;4026;16;9991484497;S
20240401;100118;4026.4;8;9991484548;B
20240401;100118;4026;1;9991484632;S
20240401;100118;4026;4;9991484640;S
20240401;100119;4026.4;2;9991484770;B
20240401;100119;4026.6;14;9991484771;B
20240401;100119;4026.6;15;9991484772;B
20240401;100119;4027;10;9991484820;B
20240401;100119;4027.2;10;9991484821;B
20240401;100120;4026.8;3;9991485367;S
20240401;100120;4027.2;8;9991485371;B
20240401;100120;4027.2;15;9991485402;B
20240401;100121;4027.2;1;9991485665;B
20240401;100122;4026.8;6;9991485886;S
20240401;100122;4026.8;5;9991485905;S
20240401;100123;4027.2;2;9991486211;B
20240401;100123;4027;1;9991486327;S
20240401;100123;4026.8;55;9991486328;S
20240401;100123;4026.8;15;9991486329;S
20240401;100123;4026.2;3;9991486330;S
20240401;100123;4026;95;9991486331;S
20240401;100123;4026;6;9991486332;S
20240401;100124;4027.2;2;9991486613;B
20240401;100124;4026;25;9991486780;S
20240401;100124;4026;2;9991486845;S
20240401;100126;4027.2;2;9991487286;B
20240401;100126;4027.2;5;9991487290;B
20240401;100127;4026.4;7;9991487678;S
20240401;100127;4027.2;4;9991487693;B
20240401;100127;4027.4;4;9991487694;B
20240401;100127;4027.4;15;9991487695;B
20240401;100127;4027.6;2;9991487696;B
20240401;100127;4026.4;1;9991487804;S
20240401;100127;4026.4;1;9991487908;S
20240401;100127;4026.4;1;9991487923;S
20240401;100127;4026;4;9991487995;S
20240401;100128;4026;5;9991488108;S
20240401;100128;4026;36;9991488173;S
20240401;100128;4026;4;9991488270;S
20240401;100130;4026.8;1;9991488640;B
20240401;100130;4027;9;9991488999;B
20240401;100130;4027.2;1;9991489000;B
20240401;100130;4027.6;15;9991489001;B
20240401;100130;4027.8;75;9991489002;B
20240401;100131;4026.2;1;9991489182;S
20240401;100131;4026;5;9991489239;S
20240401;100132;4026;89;9991489453;S
20240401;100132;4026;1;9991489454;S
20240401;100132;4026;1;9991489534;S
20240401;100134;4026.2;2;9991489999;S
20240401;100134;4026;1;9991490024;S
20240401;100134;4026.6;1;9991490328;B
20240401;100134;4026.8;10;9991490329;B
20240401;100134;4027.8;15;9991490330;B
20240401;100134;4028;4;9991490331;B
20240401;100134;4026;7;9991490353;S
20240401;100134;4026;1;9991490362;S
20240401;100135;4028;2;9991490450;B
20240401;100136;4028;10;9991491138;B
20240401;100136;4028;25;9991491264;B
20240401;100137;4028;6;9991491463;B
20240401;100138;4028;3;9991491987;B
20240401;100138;4028;1;9991491988;B
20240401;100138;4028;6;9991491989;B
20240401;100138;4028;1;9991492099;B
20240401;100139;4027.8;1;9991492287;S
20240401;100140;4027.8;5;9991492516;S
20240401;100140;4027.8;1;9991492520;S
20240401;100140;4027.8;13;9991492547;S
20240401;100140;4026.2;1;9991492548;S
20240401;100140;4026.2;15;9991492549;S
20240401;100140;4026;65;9991492550;S
20240401;100140;4026;6;9991492551;S
20240401;100141;4027.8;1;9991492909;B
20240401;100142;4026;2;9991493184;S
20240401;100142;4026.2;15;9991493437;S
20240401;100142;4026;447;9991493438;S
20240401;100142;4026;1;9991493439;S
20240401;100143;4026;10;9991493566;S
20240401;100144;4026;1;9991493951;S
20240401;100144;4026;100;9991494053;S
20240401;100145;4026;17;9991494171;S
20240401;100146;4026.6;50;9991494896;B
20240401;100146;4026.6;15;9991494897;B
20240401;100146;4026.8;75;9991494898;B
20240401;100146;4027;22;9991494899;B
20240401;100146;4027.8;24;9991494900;B
20240401;100146;4028;148;9991494901;B
20240401;100146;4028.6;39;9991494902;B
20240401;100146;4028.8;2;9991494903;B
20240401;100146;4029;1;9991494904;B
20240401;100146;4029.8;124;9991494905;B
20240401;100146;4029.6;1;9991494943;B
20240401;100147;4029.2;39;9991495362;B
20240401;100147;4029.4;6;9991495363;B
20240401;100148;4029.2;15;9991495424;B
20240401;100148;4029.2;24;9991495516;B
20240401;100148;4029.4;15;9991495517;B
20240401;100148;4029.8;11;9991495518;B
20240401;100148;4028;1;9991495646;S
20240401;100149;4029.6;2;9991495876;B
20240401;100149;4029.6;10;9991495963;B
20240401;100150;4029.6;1;9991496169;B
20240401;100150;4028.2;1;9991496403;S
20240401;100151;4028.2;1;9991496435;S
20240401;100152;4029.6;26;9991496706;B
20240401;100152;4029.8;1;9991496707;B
20240401;100152;4029.8;15;9991496708;B
20240401;100152;4030;15;9991496709;B
20240401;100152;4030;1;9991496710;B
20240401;100152;4030;11;9991496711;B
20240401;100152;4030;2;9991496712;B
20240401;100152;4030;22;9991496713;B
20240401;100152;4030;1;9991496714;B
20240401;100152;4030;10;9991496715;B
20240401;100152;4030;9;9991496716;B
20240401;100152;4030;152;9991496717;B
20240401;100152;4030;1;9991496718;B
20240401;100152;4030;103;9991496719;B
20240401;100152;4030;2;9991496720;B
20240401;100152;4030;90;9991496721;B
20240401;100152;4030;15;9991496722;B
20240401;100152;4030;3;9991496723;B
20240401;100152;4030;7;9991496724;B
20240401;100152;4030;14;9991496725;B
20240401;100152;4029.6;1;9991496764;S
20240401;100152;4030;12;9991496797;B
20240401;100152;4029.4;75;9991496818;S
20240401;100152;4029.2;15;9991496819;S
20240401;100152;4029;50;9991496820;S
20240401;100152;4028;4;9991496821;S
20240401;100152;4028;29;9991496822;S
20240401;100152;4027.6;50;9991496823;S
20240401;100152;4026.8;30;9991496824;S
20240401;100152;4026.8;47;9991496825;S
20240401;100152;4028;50;9991496853;S
20240401;100152;4028;5;9991496854;S
20240401;100152;4028;95;9991496855;B
20240401;100152;4027.8;11;9991496881;S
20240401;100152;4029.2;4;9991496907;B
20240401;100152;4030;20;9991496908;B
20240401;100152;4030;2;9991497003;B
20240401;100153;4028.4;3;9991497163;S
20240401;100154;4028.4;30;9991497324;S
20240401;100154;4030;32;9991497508;B
20240401;100154;4030;5;9991497509;B
20240401;100154;4030;54;9991497510;B
20240401;100154;4030.2;15;9991497511;B
20240401;100154;4030.6;5;9991497512;B
20240401;100154;4030.8;25;9991497513;B
20240401;100156;4031;1;9991498047;B
20240401;100156;4030.4;65;9991498155;S
20240401;100156;4030.4;10;9991498159;S
20240401;100156;4030.4;15;9991498160;S
20240401;100156;4030;75;9991498161;S
20240401;100157;4031;9;9991498308;B
20240401;100157;4031.6;15;9991498309;B
20240401;100157;4031.8;26;9991498310;B
20240401;100157;4031.8;13;9991498418;B
20240401;100157;4032;5;9991498419;B
20240401;100157;4032;1;9991498420;B
20240401;100157;4033;1;9991498421;B
20240401;100158;4032.8;7;9991498696;B
20240401;100158;4032.8;32;9991498798;B
20240401;100158;4033;1;9991498799;B
20240401;100158;4033;3;9991498800;B
20240401;100158;4032.8;2;9991498802;B
20240401;100159;4032.8;37;9991498878;B
20240401;100159;4033;1;9991498879;B
20240401;100159;4033;15;9991498880;B
20240401;100159;4034;1;9991498881;B
20240401;100159;4034;20;9991498882;B
20240401;100159;4034.4;1;9991498883;B
20240401;100159;4034.6;58;9991498884;B
20240401;100159;4034.8;1;9991498885;B
20240401;100159;4035;2;9991498886;B
20240401;100159;4035;3;9991498887;B
20240401;100159;4035;13;9991498888;B
20240401;100159;4035;50;9991498889;B
20240401;100159;4035;10;9991498890;B
20240401;100159;4035;200;9991498891;B
20240401;100159;4035;30;9991498892;B
20240401;100159;4035;15;9991498893;B
20240401;100159;4035;1;9991498894;B
20240401;100159;4035.8;27;9991498895;B
20240401;100159;4034;1;9991498955;S
20240401;100159;4036.6;10;9991499181;B
20240401;100200;4034.8;1;9991499223;S
20240401;100200;4034;4;9991499224;S
20240401;100201;4034.8;1;9991499831;S
20240401;100201;4034;1;9991499832;S
20240401;100201;4035;1;9991499920;S
20240401;100201;4032.8;27;9991499921;S
20240401;100202;4032.6;3;9991500185;S
20240401;100202;4032.6;3;9991500451;S
20240401;100202;4032.6;44;9991500493;S
20240401;100202;4032.4;5;9991500494;S
20240401;100202;4033.4;1;9991500515;B
20240401;100202;4033.6;30;9991500516;B
20240401;100204;4032;5;9991500949;S
20240401;100204;4032;1;9991500950;S
20240401;100204;4032;152;9991500951;S
20240401;100204;4031.8;75;9991500952;S
20240401;100204;4031.6;14;9991500953;S
20240401;100204;4031.6;39;9991500954;S
20240401;100204;4031.4;50;9991500955;S
20240401;100204;4030.4;4;9991500956;S
20240401;100204;4030.6;2;9991501000;S
20240401;100204;4030.6;2;9991501011;S
20240401;100204;4030.6;1;9991501018;S
20240401;100204;4033.4;5;9991501084;B
20240401;100204;4033.4;4;9991501085;B
20240401;100204;4030.8;2;9991501155;S
20240401;100204;4033.4;5;9991501213;B
20240401;100204;4033.4;12;9991501214;B
20240401;100205;4033.4;1;9991501388;B
20240401;100205;4033.4;20;9991501395;B
20240401;100206;4032;1;9991501494;B
20240401;100206;4031.6;2;9991501543;S
20240401;100206;4032;1;9991501662;B
20240401;100206;4031;10;9991501666;S
20240401;100207;4031;10;9991501847;S
20240401;100207;4030.8;50;9991501909;S
20240401;100207;4032;22;9991502016;B
20240401;100207;4032.4;60;9991502017;B
20240401;100207;4032.6;5;9991502018;B
20240401;100207;4032.6;14;9991502019;B
20240401;100207;4033;1;9991502020;B
20240401;100207;4033.6;2;9991502021;B
20240401;100207;4034.6;41;9991502022;B
20240401;100207;4032.2;5;9991502028;S
20240401;100208;4034.6;75;9991502049;B
20240401;100208;4033.2;50;9991502052;S
20240401;100208;4035;11;9991502056;B
20240401;100208;4032.4;1;9991502168;S
20240401;100208;4034.8;1;9991502172;B
20240401;100208;4035;2;9991502299;B
20240401;100209;4032.4;1;9991502429;S
20240401;100209;4034.8;1;9991502537;B
20240401;100209;4034.8;1;9991502538;B
20240401;100210;4033.2;4;9991502799;S
20240401;100210;4033.2;14;9991502800;S
20240401;100210;4033;32;9991502801;S
20240401;100210;4034.6;4;9991502868;B
20240401;100210;4034.6;11;9991502869;B
20240401;100210;4033;1;9991502886;S
20240401;100210;4034.6;49;9991502890;B
20240401;100210;4034.8;14;9991502891;B
20240401;100210;4034.8;1;9991502892;B
20240401;100210;4035;41;9991502893;B
20240401;100210;4035;10;9991502894;B
20240401;100210;4035;1;9991502895;B
20240401;100210;4035.6;39;9991502896;B
20240401;100210;4036.4;1;9991502897;B
20240401;100210;4036.6;36;9991502898;B
20240401;100210;4036.8;1;9991502899;B
20240401;100210;4037;10;9991502900;B
20240401;100210;4037;5;9991502901;B
20240401;100210;4037;1;9991502902;B
20240401;100210;4037;91;9991502903;B
20240401;100210;4036.8;2;9991502907;B
20240401;100211;4036.8;37;9991503119;B
20240401;100211;4036.8;60;9991503120;B
20240401;100211;4037;3;9991503121;B
20240401;100211;4037.2;10;9991503171;B
20240401;100211;4034.8;4;9991503176;S
20240401;100211;4034.6;75;9991503177;S
20240401;100211;4034.4;14;9991503178;S
20240401;100211;4033.8;35;9991503179;S
20240401;100211;4033.8;2;9991503221;S
20240401;100213;4035;40;9991503650;S
20240401;100213;4037;4;9991503820;B
20240401;100213;4037;46;9991503821;B
20240401;100213;4038;2;9991503959;B
20240401;100213;4038;1;9991503960;B
20240401;100214;4038;1;9991504133;B
20240401;100214;4035.4;1;9991504383;S
20240401;100214;4037.8;1;9991504557;B
20240401;100214;4037.8;8;9991504558;B
20240401;100215;4035.4;1;9991504698;S
20240401;100215;4037;1;9991504825;B
20240401;100215;4037;3;9991504906;B
20240401;100215;4037.4;7;9991504907;B
20240401;100215;4036.6;3;9991504926;S
20240401;100216;4038;1;9991505165;B
20240401;100216;4038;52;9991505166;B
20240401;100217;4036.6;1;9991505362;S
20240401;100217;4036.6;2;9991505532;S
20240401;100217;4038.8;1;9991505551;B
20240401;100217;4038.8;48;9991505552;B
20240401;100218;4036.6;3;9991505689;S
20240401;100218;4038.8;12;9991505713;B
20240401;100218;4036.6;61;9991505893;S
20240401;100218;4036.6;12;9991505894;S
20240401;100219;4037;1;9991505985;B
20240401;100220;4037;2;9991506484;B
20240401;100220;4037;15;9991506514;B
20240401;100221;4037;7;9991506579;B
20240401;100221;4035.8;5;9991506638;S
20240401;100221;4035.8;1;9991506727;S
20240401;100222;4035.6;4;9991506786;S
20240401;100222;4035.2;13;9991506787;S
20240401;100222;4035;83;9991506788;S
20240401;100222;4035;4;9991506886;S
20240401;100222;4036.6;4;9991506948;B
20240401;100222;4036.6;16;9991506949;B
20240401;100222;4035;4;9991506969;S
20240401;100223;4035;1;9991507045;S
20240401;100223;4036.8;13;9991507318;B
20240401;100223;4036.8;4;9991507319;B
20240401;100223;4036.8;3;9991507320;B
20240401;100224;4035.2;1;9991507502;S
20240401;100224;4036.6;1;9991507516;B
20240401;100224;4036.6;12;9991507526;B
20240401;100224;4036.6;37;9991507540;B
20240401;100224;4036.6;60;9991507541;B
20240401;100224;4037;72;9991507542;B
20240401;100224;4036.4;1;9991507653;B
20240401;100224;4037;3;9991507654;B
20240401;100224;4037;10;9991507655;B
20240401;100224;4037;10;9991507656;B
20240401;100224;4037;1;9991507657;B
20240401;100224;4037.4;13;9991507658;B
20240401;100224;4037.4;43;9991507659;B
20240401;100225;4037.4;2;9991507679;B
20240401;100225;4036;1;9991507846;S
20240401;100226;4037.8;1;9991508120;B
20240401;100226;4038;3;9991508121;B
20240401;100226;4038;1;9991508122;B
20240401;100226;4038;60;9991508123;B
20240401;100226;4038;7;9991508124;B
20240401;100227;4038;5;9991508202;B
20240401;100227;4036.8;15;9991508228;S
20240401;100227;4038;22;9991508296;B
20240401;100227;4036.2;2;9991508323;S
20240401;100228;4038;1;9991508581;B
20240401;100228;4038;2;9991508583;B
20240401;100228;4037.8;1;9991508660;B
20240401;100228;4038;13;9991508662;B
20240401;100228;4038.6;13;9991508663;B
20240401;100228;4039;32;9991508664;B
20240401;100228;4039;1;9991508665;B
20240401;100228;4039;12;9991508666;B
20240401;100228;4039;2;9991508667;B
20240401;100228;4039.2;20;9991508668;B
20240401;100228;4039.2;30;9991508669;B
20240401;100228;4039.4;1;9991508670;B
20240401;100228;4039.4;1;9991508671;B
20240401;100228;4039.4;1;9991508672;B
20240401;100228;4039.4;1;9991508673;B
20240401;100228;4039.4;1;9991508674;B
20240401;100228;4039.4;119;9991508675;B
20240401;100228;4039.6;1;9991508676;B
20240401;100228;4039.6;50;9991508677;B
20240401;100228;4039.6;50;9991508678;B
20240401;100228;4039.6;30;9991508679;B
20240401;100228;4039.8;1;9991508680;B
20240401;100228;4039.8;21;9991508681;B
20240401;100228;4038.4;4;9991508752;S
20240401;100229;4039.8;1;9991509011;B
20240401;100229;4039;30;9991509043;S
20240401;100229;4038.4;13;9991509044;S
20240401;100229;4038.4;1;9991509045;S
20240401;100229;4038.2;38;9991509046;S
20240401;100229;4038;4;9991509047;S
20240401;100229;4037.8;14;9991509048;S
20240401;100229;4037.2;1;9991509053;S
20240401;100229;4037;10;9991509054;S
20240401;100229;4037;14;9991509055;S
20240401;100229;4039.8;3;9991509073;B
20240401;100229;4039.8;1;9991509074;B
20240401;100229;4039.8;1;9991509075;B
20240401;100229;4039.8;4;9991509076;B
20240401;100229;4039.8;75;9991509077;B
20240401;100229;4040;5;9991509078;B
20240401;100229;4040;111;9991509079;B
20240401;100229;4040;125;9991509100;B
20240401;100229;4040;3;9991509101;B
20240401;100229;4040;48;9991509102;B
20240401;100229;4040;5;9991509103;B
20240401;100229;4040;99;9991509104;B
20240401;100230;4040;22;9991509147;B
20240401;100231;4038.8;2;9991509464;S
20240401;100231;4039.4;10;9991509591;B
20240401;100232;4038;2;9991509858;B
20240401;100232;4038.4;3;9991509859;B
20240401;100232;4038.6;1;9991509902;B
20240401;100232;4038.6;1;9991509904;B
20240401;100232;4038.6;37;9991509997;B
20240401;100232;4038.8;1;9991509998;B
20240401;100232;4039.4;50;9991509999;B
20240401;100232;4039.6;10;9991510000;B
20240401;100232;4039.8;10;9991510001;B
20240401;100232;4039.8;1;9991510002;B
20240401;100232;4039.8;25;9991510003;B
20240401;100233;4037;1;9991510149;S
20240401;100233;4039.2;2;9991510308;B
20240401;100234;4037;3;9991510396;S
20240401;100234;4037;10;9991510397;S
20240401;100234;4037;37;9991510398;S
20240401;100234;4039.2;2;9991510491;B
20240401;100234;4037.2;10;9991510497;S
20240401;100234;4037;40;9991510498;S
20240401;100235;4037;20;9991510918;S
20240401;100235;4038.4;4;9991511015;B
20240401;100235;4038.6;96;9991511016;B
20240401;100235;4036.8;1;9991511030;S
20240401;100235;4036.2;4;9991511031;S
20240401;100235;4036.2;22;9991511032;S
20240401;100235;4036.4;1;9991511099;S
20240401;100236;4037;10;9991511114;B
20240401;100236;4038;4;9991511138;S
20240401;100236;4036.8;16;9991511178;B
20240401;100236;4037.2;4;9991511179;B
20240401;100236;4038.4;1;9991511194;B
20240401;100236;4035.6;20;9991511198;S
20240401;100237;4037.8;1;9991511510;B
20240401;100237;4038;10;9991511511;B
20240401;100237;4038.2;14;9991511512;B
20240401;100237;4038.4;22;9991511513;B
20240401;100237;4038.4;1;9991511514;B
20240401;100237;4038.4;39;9991511515;B
20240401;100237;4039;75;9991511516;B
20240401;100237;4039.2;2;9991511517;B
20240401;100237;4039.2;50;9991511518;B
20240401;100237;4039.4;36;9991511519;B
20240401;100237;4039.4;39;9991511559;B
20240401;100237;4039.6;6;9991511560;B
20240401;100238;4037;39;9991511844;S
20240401;100238;4036.8;4;9991511845;S
20240401;100238;4036.4;57;9991511846;S
20240401;100238;4036;1;9991511878;S
20240401;100239;4036;2;9991512135;S
20240401;100239;4036;2;9991512137;S
20240401;100240;4036.4;39;9991512497;S
20240401;100240;4036.2;1;9991512498;S
20240401;100240;4035.8;1;9991512499;S
20240401;100240;4035.6;4;9991512500;S
20240401;100240;4035.4;105;9991512501;S
20240401;100240;4037.4;4;9991512678;B
20240401;100240;4037.6;21;9991512679;B
20240401;100241;4036.8;5;9991512959;S
20240401;100241;4037.8;1;9991513070;B
20240401;100241;4037.8;1;9991513258;S
20240401;100241;4038.4;2;9991513270;B
20240401;100242;4037.8;3;9991513485;S
20240401;100242;4038.2;1;9991513559;B
20240401;100242;4038.2;9;9991513577;B
20240401;100242;4038.2;14;9991513578;B
20240401;100242;4038.4;32;9991513579;B
20240401;100242;4038.4;1;9991513646;B
20240401;100242;4038.6;4;9991513647;B
20240401;100242;4039;15;9991513648;B
20240401;100242;4039.2;75;9991513649;B
20240401;100242;4039.2;14;9991513650;B
20240401;100242;4039.4;91;9991513651;B
20240401;100243;4037.8;15;9991513750;S
20240401;100243;4037;14;9991513751;S
20240401;100243;4037;4;9991513752;S
20240401;100243;4036.8;5;9991513753;S
20240401;100243;4037.6;35;9991513914;B
20240401;100244;4036.8;1;9991514084;S
20240401;100244;4037.4;5;9991514163;B
20240401;100244;4037.6;5;9991514164;B
20240401;100244;4037.6;63;9991514192;B
20240401;100246;4037.2;5;9991514592;S
20240401;100247;4037.2;14;9991514927;S
20240401;100247;4036.8;16;9991514928;S
20240401;100247;4036.8;14;9991514929;S
20240401;100247;4036.2;10;9991514930;S
20240401;100247;4036;4;9991514931;S
20240401;100247;4036;18;9991514932;S
20240401;100247;4036;15;9991514985;S
20240401;100248;4035.8;3;9991515316;S
20240401;100248;4035.6;39;9991515317;S
20240401;100248;4035.4;13;9991515318;S
20240401;100248;4035.2;47;9991515319;S
20240401;100248;4035.2;4;9991515320;S
20240401;100248;4035;68;9991515321;S
20240401;100248;4035;1;9991515322;S
20240401;100248;4035;5;9991515323;S
20240401;100248;4035;3;9991515324;S
20240401;100248;4034.6;75;9991515325;S
20240401;100248;4033.8;1;9991515326;S
20240401;100248;4033.6;41;9991515327;S
20240401;100249;4033.6;7;9991515521;S
20240401;100249;4035.2;20;9991515854;S
20240401;100250;4035.6;1;9991516062;B
20240401;100250;4035.6;20;9991516209;B
20240401;100251;4035.2;20;9991516269;S
20240401;100251;4035.2;2;9991516271;B
20240401;100251;4035.2;3;9991516304;B
20240401;100251;4033.8;1;9991516454;S
20240401;100251;4033.6;10;9991516455;S
20240401;100251;4033.2;1;9991516463;S
20240401;100251;4035.2;6;9991516540;B
20240401;100252;4034.4;5;9991516566;S
20240401;100252;4033.8;2;9991516567;S
20240401;100252;4034.2;1;9991516690;B
20240401;100252;4034.8;9;9991516691;B
20240401;100252;4033.6;1;9991516743;S
20240401;100252;4035;10;9991516752;B
20240401;100253;4033.6;8;9991517008;S
20240401;100253;4033.6;30;9991517079;S
20240401;100253;4033.4;5;9991517080;S
20240401;100253;4033.4;13;9991517081;S
20240401;100253;4033;12;9991517082;S
20240401;100254;4033;3;9991517222;S
20240401;100254;4034.8;75;9991517231;B
20240401;100254;4035;16;9991517232;B
20240401;100254;4035;27;9991517244;B
20240401;100254;4035;47;9991517255;B
20240401;100254;4035.2;19;9991517256;B
20240401;100254;4035.2;3;9991517257;B
20240401;100254;4035.2;13;9991517258;B
20240401;100254;4035.4;1;9991517259;B
20240401;100254;4035.6;22;9991517260;B
20240401;100254;4034;2;9991517268;S
20240401;100254;4034;1;9991517351;S
20240401;100254;4035.4;3;9991517463;B
20240401;100254;4035.6;8;9991517464;B
20240401;100254;4037;39;9991517465;B
20240401;100254;4037.2;5;9991517466;B
20240401;100254;4037.2;13;9991517467;B
20240401;100254;4037.4;54;9991517468;B
20240401;100255;4035;3;9991517528;S
20240401;100255;4034.8;7;9991517529;S
20240401;100256;4036.8;1;9991517857;S
20240401;100257;4037;1;9991518265;S
20240401;100257;4037.6;56;9991518295;B
20240401;100258;4037;2;9991518592;S
20240401;100258;4036.8;7;9991518593;S
20240401;100258;4037.6;5;9991518618;B
20240401;100258;4037.6;70;9991518658;B
20240401;100258;4036.8;1;9991518695;S
20240401;100258;4036.8;11;9991518784;S
20240401;100259;4036.8;2;9991518971;S
20240401;100300;4036.8;2;9991519094;S
20240401;100300;4037;1;9991519101;B
20240401;100300;4036.8;176;9991519387;S
20240401;100301;4036.8;13;9991519648;B
20240401;100301;4037;37;9991519649;B
20240401;100301;4036.2;2;9991519689;S
20240401;100302;4034.4;1;9991519782;S
20240401;100302;4036.6;1;9991519792;B
20240401;100303;4036.4;5;9991520076;B
20240401;100303;4036.4;8;9991520132;B
20240401;100303;4035;39;9991520273;S
20240401;100303;4035;55;9991520274;S
20240401;100303;4035;22;9991520275;S
20240401;100303;4035;10;9991520288;S
20240401;100305;4035;18;9991520689;S
20240401;100305;4035;6;9991520690;S
20240401;100305;4034.8;1;9991520691;S
20240401;100305;4034.8;3;9991520692;S
20240401;100306;4034.4;3;9991520988;S
20240401;100306;4034.4;3;9991521046;S
20240401;100307;4033.4;24;9991521382;S
20240401;100308;4033.4;10;9991521629;S
20240401;100308;4033.4;13;9991521668;S
20240401;100308;4033.2;7;9991521669;S
20240401;100308;4033.2;15;9991521716;S
20240401;100308;4034.8;2;9991521778;B
20240401;100309;4034.8;1;9991521913;B
20240401;100309;4034.8;54;9991521914;B
20240401;100309;4033.2;5;9991521927;S
20240401;100309;4033.2;1;9991521932;S
20240401;100309;4033.4;7;9991522037;S
20240401;100310;4034.8;1;9991522135;B
20240401;100310;4033.4;32;9991522142;S
20240401;100310;4033.2;22;9991522143;S
20240401;100310;4033.2;3;9991522144;S
20240401;100310;4033;52;9991522145;S
20240401;100310;4033;15;9991522146;S
20240401;100310;4033;10;9991522147;S
20240401;100310;4033;13;9991522148;S
20240401;100310;4032.4;33;9991522149;S
20240401;100310;4034;3;9991522173;B
20240401;100310;4034.2;1;9991522174;B
20240401;100310;4034.2;74;9991522184;B
20240401;100310;4034.4;13;9991522185;B
20240401;100310;4035;60;9991522186;B
20240401;100310;4034.8;1;9991522216;B
20240401;100310;4035;40;9991522217;B
20240401;100310;4035;1;9991522218;B
20240401;100310;4035;8;9991522219;B
20240401;100311;4035.8;3;9991522378;B
20240401;100312;4034.4;50;9991522709;B
20240401;100312;4033.4;3;9991522816;S
20240401;100312;4033.2;5;9991522817;S
20240401;100312;4033.4;3;9991522844;S
20240401;100312;4033.2;2;9991522845;S
20240401;100313;4035.4;3;9991523020;B
20240401;100313;4035.4;1;9991523021;B
20240401;100313;4035.6;2;9991523129;B
20240401;100313;4035.6;8;9991523212;B
20240401;100313;4036.2;1;9991523213;B
20240401;100313;4036.4;16;9991523214;B
20240401;100314;4035;1;9991523529;S
20240401;100315;4035.4;1;9991523583;B
20240401;100315;4035;2;9991523780;S
20240401;100316;4035.4;3;9991524024;B
20240401;100316;4035.2;5;9991524080;S
20240401;100316;4035;40;9991524081;S
20240401;100317;4035;13;9991524305;S
20240401;100317;4034.4;7;9991524306;S
20240401;100317;4034.2;5;9991524323;S
20240401;100318;4035.4;2;9991524566;B
20240401;100318;4034.2;13;9991524581;S
20240401;100318;4035.4;44;9991524604;B
20240401;100318;4035.4;13;9991524605;B
20240401;100318;4035.4;44;9991524606;B
20240401;100318;4035.4;30;9991524607;B
20240401;100318;4035.6;3;9991524608;B
20240401;100318;4035.8;10;9991524609;B
20240401;100318;4036;33;9991524610;B
20240401;100318;4034.4;3;9991524788;S
20240401;100318;4034.4;7;9991524789;S
20240401;100319;4034.4;2;9991524933;S
20240401;100320;4036.4;2;9991525177;B
20240401;100320;4035.8;10;9991525379;S
20240401;100320;4034.6;1;9991525380;S
20240401;100320;4034.4;2;9991525381;S
20240401;100321;4034.8;5;9991525480;S
20240401;100321;4034.4;1;9991525481;S
20240401;100321;4034.4;4;9991525482;S
20240401;100323;4034.2;46;9991526016;S
20240401;100323;4035;1;9991526042;B
20240401;100324;4034.2;6;9991526469;S
20240401;100325;4035;4;9991526550;B
20240401;100325;4035;8;9991526551;B
20240401;100325;4035;5;9991526573;B
20240401;100325;4035;75;9991526574;B
20240401;100326;4034.2;3;9991526930;S
20240401;100326;4034.2;200;9991526964;S
20240401;100326;4034.8;5;9991527077;B
20240401;100326;4034.8;1;9991527088;B
20240401;100327;4034.6;5;9991527515;B
20240401;100328;4034.8;2;9991527861;B
20240401;100328;4034.2;5;9991527883;S
20240401;100329;4034.8;2;9991527981;B
20240401;100329;4034.2;15;9991528043;S
20240401;100329;4034.8;1;9991528065;B
20240401;100329;4034.8;1;9991528155;B
20240401;100329;4034.2;1;9991528202;S
20240401;100330;4034.6;8;9991528263;B
20240401;100330;4034.8;1;9991528366;B
20240401;100330;4034.2;6;9991528450;S
20240401;100330;4034;39;9991528451;S
20240401;100330;4033.6;13;9991528452;S
20240401;100330;4033;1;9991528453;S
20240401;100330;4033;3;9991528454;S
20240401;100330;4032.6;5;9991528455;S
20240401;100330;4032.4;3;9991528456;S
20240401;100330;4034.6;3;9991528493;B
20240401;100330;4034.6;1;9991528494;B
20240401;100330;4034.4;3;9991528537;B
20240401;100330;4034.4;17;9991528538;B
20240401;100331;4034.8;1;9991528677;B
20240401;100331;4033;1;9991528737;S
20240401;100331;4034.6;10;9991528846;B
20240401;100331;4034.6;40;9991528853;B
20240401;100331;4034.8;10;9991528854;B
20240401;100332;4033;1;9991529111;S
20240401;100332;4033;22;9991529124;S
20240401;100332;4033;28;9991529125;S
20240401;100332;4034.6;5;9991529150;B
20240401;100332;4032.8;1;9991529240;S
20240401;100332;4032.8;10;9991529297;S
20240401;100333;4034.6;1;9991529353;B
20240401;100333;4032.2;2;9991529505;S
20240401;100333;4032.2;1;9991529506;S
20240401;100333;4032.2;1;9991529599;S
20240401;100334;4032.2;8;9991529773;S
20240401;100334;4034;1;9991529991;B
20240401;100334;4034;4;9991529992;B
20240401;100336;4032.2;13;9991530303;S
20240401;100336;4032;1;9991530304;S
20240401;100336;4032;42;9991530305;S
20240401;100336;4032;14;9991530306;S
20240401;100336;4032;1;9991530401;S
20240401;100337;4032;2;9991530691;S
20240401;100337;4032;10;9991530696;S
20240401;100337;4034;1;9991530717;B
20240401;100337;4034;2;9991530718;B
20240401;100337;4034;37;9991530719;B
20240401;100337;4034;10;9991530735;S
20240401;100337;4032;39;9991530753;S
20240401;100337;4032;50;9991530754;S
20240401;100337;4031.8;3;9991530755;S
20240401;100337;4031.8;8;9991530756;S
20240401;100337;4034;2;9991530811;B
20240401;100338;4031.8;1;9991530987;S
20240401;100338;4031.8;2;9991531034;S
20240401;100338;4031.8;10;9991531069;S
20240401;100339;4032;5;9991531208;S
20240401;100339;4032;1;9991531209;S
20240401;100339;4031.8;5;9991531210;S
20240401;100339;4031.8;21;9991531223;S
20240401;100339;4031.6;3;9991531224;S
20240401;100339;4031.6;12;9991531225;S
20240401;100339;4031;1;9991531226;S
20240401;100339;4031;5;9991531227;S
20240401;100339;4031;10;9991531228;S
20240401;100339;4031;1;9991531229;S
20240401;100339;4031;1;9991531230;S
20240401;100339;4031;50;9991531231;S
20240401;100339;4030.8;6;9991531232;S
20240401;100339;4030.4;1;9991531233;S
20240401;100339;4030.4;39;9991531234;S
20240401;100340;4030.6;50;9991531502;B
20240401;100340;4032.4;3;9991531504;B
20240401;100340;4032.4;47;9991531505;B
20240401;100340;4032.4;3;9991531522;B
20240401;100340;4033;13;9991531523;B
20240401;100340;4033.2;49;9991531524;B
20240401;100340;4033.2;35;9991531525;B
20240401;100340;4032;3;9991531528;S
20240401;100340;4031.8;27;9991531529;S
20240401;100340;4031.6;8;9991531553;S
20240401;100340;4033.8;3;9991531595;B
20240401;100340;4034;5;9991531623;B
20240401;100341;4032.2;5;9991531821;B
20240401;100341;4031.8;1;9991531855;S
20240401;100341;4031.8;1;9991531856;S
20240401;100341;4031.4;75;9991532044;S
20240401;100341;4031.4;3;9991532045;S
20240401;100341;4031.4;12;9991532046;S
20240401;100341;4031.2;39;9991532047;S
20240401;100341;4030.4;50;9991532048;S
20240401;100341;4030.4;30;9991532049;S
20240401;100341;4030.4;60;9991532050;S
20240401;100341;4030;231;9991532051;S
20240401;100342;4032.2;5;9991532101;B
20240401;100342;4032.8;3;9991532102;B
20240401;100342;4033;46;9991532103;B
20240401;100342;4033.8;10;9991532155;B
20240401;100342;4033.8;4;9991532156;B
20240401;100342;4033.8;1;9991532213;B
20240401;100342;4033;10;9991532226;S
20240401;100342;4032;44;9991532227;S
20240401;100342;4031.6;3;9991532228;S
20240401;100342;4031.6;12;9991532229;S
20240401;100342;4031.4;31;9991532230;S
20240401;100342;4031.4;3;9991532342;S
20240401;100342;4030.8;6;9991532343;S
20240401;100343;4032.8;3;9991532467;B
20240401;100343;4033;2;9991532468;B
20240401;100343;4033;1;9991532525;B
20240401;100343;4031;3;9991532545;S
20240401;100343;4030.8;3;9991532546;S
20240401;100344;4032.6;15;9991532829;B
20240401;100344;4032.8;3;9991532830;B
20240401;100344;4033;12;9991532831;B
20240401;100344;4033;32;9991532832;B
20240401;100344;4033;3;9991532913;B
20240401;100344;4033.2;21;9991532914;B
20240401;100344;4031.4;1;9991532944;S
20240401;100344;4033;1;9991532977;B
20240401;100345;4033.2;2;9991533111;B
20240401;100345;4031.4;2;9991533127;S
20240401;100345;4031.4;7;9991533128;S
20240401;100345;4033;2;9991533138;B
20240401;100345;4033.2;2;9991533139;B
20240401;100347;4033;1;9991533779;B
20240401;100347;4031.4;1;9991533789;S
20240401;100347;4031.6;39;9991533850;S
20240401;100347;4031.4;4;9991533851;S
20240401;100347;4031.4;12;9991533852;S
20240401;100347;4031.2;3;9991533853;S
20240401;100347;4030.8;75;9991533854;S
20240401;100347;4030.4;60;9991533855;S
20240401;100347;4030.2;7;9991533856;S
20240401;100349;4030.8;1;9991534452;S
20240401;100351;4031.2;19;9991534851;S
20240401;100351;4031.2;4;9991534895;S
20240401;100352;4031.8;5;9991535085;B
20240401;100352;4031.8;1;9991535086;B
20240401;100352;4031;2;9991535105;S
20240401;100352;4031.8;1;9991535163;B
20240401;100352;4031.8;5;9991535187;B
20240401;100352;4031.8;1;9991535193;B
20240401;100352;4031;2;9991535244;S
20240401;100353;4031.8;5;9991535410;B
20240401;100353;4031;2;9991535521;S
20240401;100353;4031;4;9991535542;S
20240401;100353;4030.8;3;9991535543;S
20240401;100353;4030.8;2;9991535611;S
20240401;100354;4031;5;9991535678;B
20240401;100354;4031.8;1;9991535681;B
20240401;100354;4031.8;12;9991535682;B
20240401;100354;4032;3;9991535683;B
20240401;100354;4032;42;9991535684;B
20240401;100354;4032.2;91;9991535685;B
20240401;100354;4032.2;18;9991535764;B
20240401;100354;4031.4;10;9991535961;S
20240401;100355;4031.4;25;9991536005;S
20240401;100355;4032.2;10;9991536091;B
20240401;100355;4032;15;9991536168;S
20240401;100355;4033.2;1;9991536183;B
20240401;100355;4033.8;6;9991536184;B
20240401;100356;4032.6;3;9991536250;S
20240401;100356;4032.4;1;9991536251;S
20240401;100357;4032.4;5;9991536676;S
20240401;100357;4033.8;3;9991536793;B
20240401;100357;4034;6;9991536794;B
20240401;100359;4034;30;9991537462;B
20240401;100400;4032.6;3;9991537501;S
20240401;100400;4032.6;1;9991537502;S
20240401;100400;4032.4;44;9991537503;S
20240401;100400;4032.4;12;9991537504;S
20240401;100400;4032.2;24;9991537505;S
20240401;100400;4032;6;9991537506;S
20240401;100400;4032;20;9991537717;S
20240401;100401;4033.6;7;9991537788;B
20240401;100401;4032;51;9991538017;S
20240401;100401;4033.4;1;9991538088;B
20240401;100401;4033.6;9;9991538089;B
20240401;100401;4032;50;9991538134;S
20240401;100402;4033;10;9991538342;B
20240401;100403;4033;5;9991538514;B
20240401;100407;4033.4;20;9991539700;B
20240401;100407;4033.4;8;9991539732;B
20240401;100408;4033.6;5;9991540200;B
20240401;100410;4032.6;1;9991540840;S
20240401;100410;4032.4;4;9991541218;S
20240401;100410;4032.2;12;9991541219;S
20240401;100410;4032;8;9991541220;S
20240401;100410;4032;10;9991541221;S
20240401;100410;4032;86;9991541222;B
20240401;100411;4032;250;9991541324;B
20240401;100412;4031.8;5;9991541722;S
20240401;100412;4031.8;45;9991541723;S
20240401;100412;4031.4;4;9991541779;S
20240401;100412;4031.2;20;9991541780;S
20240401;100413;4032.6;2;9991542444;S
20240401;100414;4032.6;8;9991542515;S
20240401;100414;4031.4;3;9991542516;S
20240401;100414;4032.8;1;9991542572;B
20240401;100414;4032.8;12;9991542573;B
20240401;100414;4032.8;3;9991542574;B
20240401;100414;4032.8;84;9991542575;B
20240401;100414;4033;24;9991542642;B
20240401;100414;4033;2;9991542644;B
20240401;100414;4033;33;9991542645;B
20240401;100414;4033;10;9991542712;B
20240401;100415;4032;67;9991542932;S
20240401;100415;4033;8;9991542980;B
20240401;100415;4033;4;9991542981;B
20240401;100416;4032.6;1;9991543169;B
20240401;100416;4033;2;9991543170;B
20240401;100416;4033.4;1;9991543171;B
20240401;100416;4033.6;41;9991543172;B
20240401;100416;4033.6;68;9991543173;B
20240401;100416;4033.8;39;9991543174;B
20240401;100416;4033.8;8;9991543175;B
20240401;100417;4032.4;12;9991543475;S
20240401;100417;4032;75;9991543476;S
20240401;100417;4031.6;3;9991543477;S
20240401;100417;4031.2;39;9991543478;S
20240401;100417;4033;1;9991543512;B
20240401;100417;4033;1;9991543798;B
20240401;100417;4033.8;3;9991543799;B
20240401;100417;4033.8;75;9991543800;B
20240401;100417;4033.8;1;9991543801;B
20240401;100418;4032;2;9991543983;S
20240401;100419;4031.8;75;9991544183;S
20240401;100419;4031.6;12;9991544184;S
20240401;100419;4031.2;3;9991544185;S
20240401;100419;4031.2;152;9991544186;S
20240401;100419;4031;248;9991544187;S
20240401;100419;4031;60;9991544188;S
20240401;100419;4030.8;10;9991544189;S
20240401;100419;4030.8;50;9991544190;S
20240401;100419;4030.6;1;9991544191;S
20240401;100419;4030.4;39;9991544192;S
20240401;100419;4030.2;90;9991544193;S
20240401;100419;4030;194;9991544194;S
20240401;100419;4030;10;9991544195;S
20240401;100419;4030;80;9991544196;S
20240401;100419;4030;201;9991544197;S
20240401;100419;4030;10;9991544198;S
20240401;100419;4030;5;9991544199;S
20240401;100419;4030;9;9991544200;S
20240401;100419;4030;70;9991544201;S
20240401;100419;4030;11;9991544202;S
20240401;100419;4030;1;9991544203;S
20240401;100419;4030;6;9991544204;S
20240401;100419;4031.2;1;9991544330;B
20240401;100420;4030;7;9991544536;S
20240401;100420;4031.2;8;9991544572;B
20240401;100420;4031.2;6;9991544832;B
20240401;100421;4030;3;9991544950;S
20240401;100422;4031.2;5;9991545301;B
20240401;100422;4031.2;3;9991545409;B
20240401;100422;4030;9;9991545414;S
20240401;100422;4030;25;9991545415;S
20240401;100422;4030;1;9991545416;S
20240401;100422;4030;1;9991545417;S
20240401;100422;4030;1;9991545418;S
20240401;100422;4030;200;9991545419;S
20240401;100422;4030;74;9991545420;S
20240401;100422;4030;5;9991545421;S
20240401;100422;4030;1;9991545422;S
20240401;100422;4030;14;9991545444;B
20240401;100423;4029.2;12;9991545696;S
20240401;100423;4029;34;9991545697;S
20240401;100423;4030;2;9991545766;B
20240401;100424;4028.8;3;9991545920;S
20240401;100424;4028.8;11;9991545952;S
20240401;100426;4029.8;3;9991546461;B
20240401;100426;4030;167;9991546462;B
20240401;100426;4030;90;9991546463;B
20240401;100426;4030;12;9991546464;B
20240401;100426;4030.2;75;9991546465;B
20240401;100426;4030.4;43;9991546466;B
20240401;100426;4031.2;2;9991546467;B
20240401;100426;4031.4;39;9991546468;B
20240401;100426;4031.8;19;9991546469;B
20240401;100427;4029.4;1;9991546777;S
20240401;100427;4030;2;9991546880;S
20240401;100427;4030;8;9991546988;B
20240401;100427;4029.6;39;9991547066;S
20240401;100427;4029.6;12;9991547067;S
20240401;100427;4029.4;2;9991547068;S
20240401;100427;4029.4;200;9991547069;S
20240401;100427;4029.4;75;9991547070;S
20240401;100427;4029.2;50;9991547071;S
20240401;100429;4028.6;1;9991547545;S
20240401;100429;4031.4;1;9991547549;B
20240401;100429;4028.8;1;9991547634;S
20240401;100429;4028.8;60;9991547635;S
20240401;100429;4028.6;27;9991547636;S
20240401;100429;4031.4;5;9991547694;B
20240401;100429;4028.8;5;9991547776;S
20240401;100429;4028.8;5;9991547777;S
20240401;100430;4031.2;5;9991548159;B
20240401;100430;4031.2;5;9991548304;B
20240401;100430;4031.2;5;9991548305;B
20240401;100431;4031.4;2;9991548557;B
20240401;100431;4030.2;50;9991548699;S
20240401;100431;4030;12;9991548700;S
20240401;100431;4030;34;9991548701;S
20240401;100432;4029;8;9991549120;S
20240401;100432;4030.8;2;9991549167;B
20240401;100432;4030.8;5;9991549169;B
20240401;100432;4030.8;1;9991549220;B
20240401;100432;4030;30;9991549402;S
20240401;100432;4030;58;9991549417;S
20240401;100436;4030;2;9991550437;B
20240401;100436;4030.4;50;9991550438;B
20240401;100436;4030.6;37;9991550439;B
20240401;100437;4030.8;1;9991550856;B
20240401;100437;4029.2;10;9991550901;S
20240401;100437;4030.8;2;9991551007;B
20240401;100437;4031.2;18;9991551008;B
20240401;100438;4031;2;9991551040;B
20240401;100438;4031.2;32;9991551041;B
20240401;100438;4031.4;39;9991551042;B
20240401;100438;4031.6;20;9991551043;B
20240401;100438;4031.6;1;9991551044;B
20240401;100438;4031.8;42;9991551045;B
20240401;100438;4032;114;9991551046;B
20240401;100438;4032.2;1;9991551233;B
20240401;100438;4032.4;39;9991551234;B
20240401;100438;4032.8;20;9991551235;B
20240401;100439;4031.6;1;9991551474;S
20240401;100439;4032.8;50;9991551596;B
20240401;100440;4031.6;5;9991551799;S
20240401;100440;4033;2;9991551841;B
20240401;100440;4031.6;1;9991551902;S
20240401;100440;4031.6;48;9991551903;S
20240401;100440;4032.8;10;9991551941;B
20240401;100440;4031.6;2;9991552007;S
20240401;100440;4031.6;1;9991552008;S
20240401;100440;4031.4;3;9991552009;S
20240401;100440;4031.2;43;9991552010;S
20240401;100440;4032.6;20;9991552011;B
20240401;100441;4032.6;30;9991552014;B
20240401;100441;4032.6;3;9991552015;B
20240401;100441;4032.8;7;9991552016;B
20240401;100441;4033;2;9991552018;B
20240401;100441;4033;1;9991552159;B
20240401;100441;4031.2;7;9991552263;S
20240401;100441;4031;16;9991552264;S
20240401;100441;4033;5;9991552275;B
20240401;100441;4031.4;3;9991552280;S
20240401;100441;4031.2;5;9991552281;S
20240401;100442;4032.8;3;9991552569;B
20240401;100442;4032.8;1;9991552570;B
20240401;100442;4033;13;9991552571;B
20240401;100443;4033;10;9991552667;B
20240401;100443;4033;10;9991552772;B
20240401;100443;4031.4;1;9991552954;S
20240401;100443;4031.2;4;9991552955;S
20240401;100444;4033;1;9991552979;B
20240401;100444;4033;6;9991553295;B
20240401;100444;4033;4;9991553296;B
20240401;100445;4031.2;2;9991553385;S
20240401;100446;4032.6;1;9991554046;B
20240401;100446;4032.6;4;9991554096;B
20240401;100446;4032.8;5;9991554097;B
20240401;100446;4032.8;1;9991554098;B
20240401;100446;4032.8;1;9991554099;B
20240401;100446;4033;37;9991554100;B
20240401;100446;4033;8;9991554101;B
20240401;100446;4033;3;9991554102;B
20240401;100446;4033;50;9991554103;B
20240401;100446;4033;41;9991554104;B
20240401;100446;4033.4;5;9991554105;B
20240401;100446;4033.6;39;9991554106;B
20240401;100446;4034;102;9991554107;B
20240401;100446;4034;3;9991554117;B
20240401;100446;4033.6;12;9991554141;S
20240401;100446;4033.4;18;9991554142;S
20240401;100447;4033.8;1;9991554404;B
20240401;100447;4034;359;9991554654;B
20240401;100447;4034;4;9991554655;B
20240401;100447;4034;40;9991554656;B
20240401;100447;4034.2;75;9991554657;B
20240401;100447;4034.4;39;9991554658;B
20240401;100447;4034.6;23;9991554659;B
